4020 5950
234 383 273 442 ’12

272 536 308 582 ts.
331 517 397 600 πρδς
417 515 544 596 Γρύλλον,
559 515 593 580 α’.

272 606 319 688 (ιτ)
343 607 529 686 Ἀρίστιππος,
544 604 581 666 α’.

273 698 320 775 (ιο)
343 695 453 776 Τεχνῶν
467 693 588 776 ἔλεγχος,
606 695 643 756 α’.

272 787 316 864 (ιο)
339 783 571 862 Ὑπομνηματικοὶ
582 784 708 865 διάλογοι.

271 873 317 952 (ιι)
338 873 484 953 Τιχνικάν,
499 873 536 936 α’.

271 963 317 1042 (ιο)
340 961 464 1042 Διάλογοι
476 964 527 1022 τῶν
540 964 602 1043 περ)
617 962 664 1034 vlt
687 965 871 1044 πραγματείαν
891 971 1006 1044 ὁμοίων,

382 1051 418 1130 αν,
437 1051 473 1131 βα,
488 1047 526 1130 γι,
540 1052 573 1128 δι’
593 1050 626 1131 E',
643 1051 681 1126 ςι,
698 1053 731 1128 pr,
748 1053 784 1126 ην,
799 1051 830 1126 θι,
849 1055 876 1112 ιν.

227 1139 449 1219 amplissimum
462 1160 537 1219 opus
560 1159 577 1198 e
599 1141 697 1200 decem
713 1141 798 1201 libris
813 1147 1006 1224 compositum

226 1243 312 1310 atque
326 1230 422 1290 omnis
444 1231 559 1310 generis
578 1230 785 1291 similitudines
805 1235 1005 1312 complexum,

226 1317 308 1396 cnjus
321 1319 490 1378 memoriam
503 1317 607 1377 crebro
622 1331 744 1397 usurpat
760 1319 921 1383 Athenaeus.
937 1323 1004 1388 Vid.

225 1409 326 1486 fragm.
343 1430 483 1486 cop-aro.
501 1429 556 1466 arr
573 1421 602 1467 et
616 1429 681 1488 quae
695 1424 855 1488 sequuntur
868 1416 1006 1491 usquead

226 1495 293 1557 τοῦ.
309 1497 390 1560 Adde
405 1497 523 1557 Suidam
536 1518 600 1559 voe.
625 1497 716 1570 πηνίον
728 1497 780 1558 uhi
796 1501 1005 1562 restituendum

231 1597 274 1644 est
288 1588 315 1644 ίν
338 1588 375 1666 τῷ
398 1584 424 1665 β’
440 1607 495 1666 pro
516 1585 564 1664 ιβ’.
584 1585 666 1646 cont.
683 1586 781 1646 Photii
805 1589 919 1648 lexicon
936 1613 1003 1670 pag.

224 1672 289 1730 316.
304 1673 349 1734 ed.
368 1674 524 1734 Hermann.

264 1759 311 1841 (ιτ)
326 1762 475 1844 Διαιρίστις
487 1765 533 1823 καί
547 1763 612 1844 πρὸς
626 1761 750 1841 τλάμονα
765 1764 909 1833 ὑποθέσεις.

263 1850 310 1930 (νο)
334 1851 394 1932 trapi
405 1855 485 1930 γενῶν
495 1852 540 1912 καλ
555 1854 631 1912 εἰδῶν
645 1853 877 1932 παραδειγμάτων.
900 1855 943 1915 De
958 1877 1005 1934 ge.

224 1938 379 1998 neribuset
392 1939 493 1998 formis
505 1941 715 2018 exemplorum.
728 1941 792 2000 lluc
801 1955 910 2020 spectat
922 1943 1003 2005 locus

221 2028 298 2104 apud
311 2029 495 2108 Simplicium
509 2030 540 2088 in
552 2029 717 2088 Aristotelis
729 2029 894 2106 Catagorias
907 2031 958 2090 l'ol.
972 2054 1000 2092 a.

220 2113 258 2176 cf.
283 2115 391 2180 Scholl.
419 2119 508 2178 Arist.
542 2137 607 2197 pag.
635 2126 669 2186 (ι
702 2118 747 2176 ed.
775 2119 906 2182 litandis.
936 2120 1001 2182 Vid.

222 2201 323 2281 lragm.
339 2206 406 2264 αοθ.

260 2293 306 2372 (αι)
327 2296 393 2374 πρὸς
407 2293 451 2354 thr
466 2291 641 2376 Ἀμάρτυρον.

886 393 934 454 un
958 393 1181 464 SPliUSlPPO.

1057 529 1104 606 μίν
1119 533 1169 612 γάρ
1191 533 1246 591 icet
1260 531 1370 611 δύναμις
1387 534 1561 616 θεραπευτικ)
1585 541 1687 620 ψυχῆς,
1701 538 1837 612 παίδευσις

1056 619 1083 680 δὲ
1096 619 1215 688 παιδείας
1230 621 1275 681 καί
1289 626 1383 704 αἱρετῆς
1401 623 1554 704 παράδοσις,
1565 627 1611 687 καί
1626 629 1654 686 tx
1667 629 1761 696 παιδθς
1775 631 1838 711 ἄρε-

1054 709 1087 782 τὴ
1105 709 1147 770 ἐπ’
1164 710 1258 790 ἀρετὴν
1272 711 1411 792 δδηγοῦσα.
1427 713 1497 772 Nam
1514 717 1568 775 etsi
1586 717 1631 776 has
1651 718 1837 782 delinitione·

1054 817 1070 854 e
1085 797 1215 858 Platonis
1227 799 1350 876 dialogis
1364 802 1491 861 collectae
1503 817 1584 878 sunt,
1596 807 1837 888 tamenSpeusip·
1894 829 1898 834 ·

1054 906 1109 964 pus
1131 889 1228 966 potius
1252 908 1338 966 quam
1359 893 1421 968 ipse
1441 890 1524 951 Plato
1538 913 1586 953 eas
1605 896 1757 972 collegisse
1781 917 1834 976 pu-

1054 975 1109 1034 tari
1134 976 1227 1036 dehet.
1252 976 1352 1054 ltaque
1377 977 1431 1036 sub
1455 978 1611 1061 Speusippi
1634 985 1751 1043 nomine
1771 985 1834 1063 jam

1053 1063 1166 1141 pridem
1181 1065 1269 1125 latine
1283 1085 1300 1124 a
1313 1085 1344 1126 se
1361 1087 1456 1126 versas
1476 1069 1568 1129 edidit
1582 1071 1729 1132 Marsilius
1751 1073 1834 1132 Fici-

1054 1171 1118 1213 nus.
1132 1151 1204 1212 Vide
1218 1153 1346 1212 Fabricii
1361 1155 1437 1214 Bibl.
1449 1156 1543 1216 Graec.
1559 1157 1622 1220 Vol.
1639 1160 1680 1220 lll
1694 1181 1759 1240 pag.
1778 1183 1834 1240 ¹⁰9

1052 1259 1095 1318 sq.
1112 1255 1140 1300 et
1157 1243 1209 1316 187
1223 1242 1269 1300 ed.
1286 1242 1364 1304 llari.

1091 1319 1137 1399 (το)
1160 1321 1253 1389 Τάξεις
1265 1323 1471 1402 ὑπομνημάτων.

1090 1409 1196 1468 Omisit
1217 1411 1362 1488 Diogenes
1383 1412 1514 1473 Laertius
1539 1415 1631 1475 libros
1657 1416 1722 1497 πρὸς
1745 1421 1833 1478 Κλεο-

1051 1500 1139 1578 φῶντα
1150 1512 1324 1558 memoratos
1336 1501 1506 1559 aCletnente
1514 1502 1711 1563 Alexandrino
1724 1503 1831 1564 Strom.

1051 1585 1105 1644 lib.
1126 1584 1153 1643 ll
1165 1607 1230 1666 pag.
1251 1590 1318 1660 367.
1339 1608 1363 1647 a.
1380 1589 1427 1649 ed.
1455 1588 1591 1667 Sylburg.
1613 1589 1707 1670 (132).
1732 1593 1832 1654 Possis

1050 1676 1136 1735 etiam
1150 1674 1307 1754 Speusippi
1320 1676 1438 1754 scriptis
1453 1675 1580 1753 adjicere
1593 1680 1832 1739 commentarium
1853 1695 1857 1702 ·

1050 1763 1111 1846 περὶ
1127 1763 1290 1844 φιλοσόφων,
1307 1763 1391 1842 cujus
1408 1765 1541 1822 meminit
1555 1764 1687 1825 Laertius
1700 1767 1755 1829 lib.
1772 1768 1830 1846 lli,

1050 1854 1087 1910 αθ
1103 1851 1267 1931 (133)‚nisi
1284 1852 1357 1910 iorte
1370 1852 1595 1912 existimandum
1605 1867 1659 1928 est,
1673 1855 1745 1914 illud
1756 1877 1831 1936 opus

1051 1957 1110 1996 non
1135 1939 1225 1997 luisse
1243 1939 1392 1998 diversum
1418 1941 1455 2000 ab
1477 1961 1512 2000 eo
1537 1941 1585 2000 cui
1600 1942 1660 2021 περὶ
1674 1946 1830 2025 φιλοσοφίας

1048 2028 1149 2088 titulus
1161 2043 1232 2090 erat.
1252 2031 1341 2088 Multa
1363 2031 1515 2110 scripsisse
1535 2031 1731 2111 Speusippum
1749 2035 1831 2094 indi·

1047 2129 1092 2174 cat
1116 2117 1202 2176 etiam
1226 2135 1361 2177 versuum
1378 2138 1527 2191 numerus,
1544 2119 1680 2198 equibus
1695 2123 1756 2195 ejus
1775 2141 1829 2178 vo·

1049 2205 1160 2264 lumina
1179 2205 1360 2268 constabant.
1380 2206 1506 2265 Fuerunt
1535 2208 1624 2284 igitur
1655 2208 1828 2286 quadragies

1049 2292 1181 2352 termille
1192 2293 1309 2352 ducenti
1320 2297 1501 2374 septuaginta
1512 2297 1643 2373 quinque
1657 2299 1681 2371 (ι
1689 2297 1746 2370 3ο).
1763 2297 1828 2356 Cae·

220 2379 328 2441 Confer
353 2405 417 2461 quae
442 2385 505 2444 dixi
532 2385 568 2444 de
603 2381 782 2444 Antisthenis
804 2383 1001 2462 disputatione
1046 2394 1218 2459 rerumquae
1238 2383 1341 2441 horum
1369 2383 1510 2442 librorum
1530 2385 1689 2460 fragmenta
1710 2385 1745 2442 ad
1772 2405 1830 2443 no-

15 2468 523 2576 wapdmue
543 2473 708 2554 ’λμάρτυρον
724 2473 755 2532 in
776 2471 889 2534 Philus.
905 2475 999 2537 Graec,
1022 2470 1024 2588 )
1045 2482 1132 2530 stram
1147 2463 1315 2528 memoriam
1328 2484 1505 2542 manserunt,
1520 2472 1618 2530 omnia
1629 2471 1707 2531 inira
1719 2493 1829 2552 propo·

218 2568 282 2626 Vol.
296 2568 325 2626 ll
342 2588 409 2646 pag.
430 2569 497 2638 a7o.
513 2563 637 2622 Videtur
658 2563 736 2622 enim
750 2563 871 2622 eandem
886 2561 999 2624 isocra-
1021 2616 1023 2625 ς
1045 2576 1121 2620 nam.

218 2656 256 2712 tis
271 2655 433 2712 orationem
448 2671 512 2730 quae
535 2649 698 2709 Antistheni
720 2650 886 2728 displicuit,
909 2634 1023 2733 spen-l
1084 2646 1230 2718 Quamdiu
1258 2666 1311 2724 per
1343 2647 1538 2706 valetudinem
1575 2648 1673 2721 licuit,
1712 2649 1829 2710 viderur

218 2741 321 2820 sippus
335 2759 454 2816 quoque
469 2738 631 2814 composito
649 2737 752 2796 libello
766 2743 936 2814 exagitasse.

259 2828 307 2906 (22)
331 2827 475 2890 Πλάτωνος
493 2823 636 2902 ἐγκώμιον.

1019 2774 1022 2918 l

1043 2734 1225 2816 Speusippus
1255 2734 1361 2794 scholae
1391 2735 1546 2794 Platonicae
1578 2735 1745 2814 praefuisse3
1777 2739 1828 2798 sed

1043 2837 1195 2903 postquam
1212 2819 1316 2882 morbo
1338 2823 1485 2882 articulari
1511 2825 1635 2883 afflictus
1656 2839 1718 2898 est,
1737 2828 1826 2886 colle·

259 2913 307 2992 (aa)
329 2912 487 2974 Ἐπιστολαί
497 2911 561 2992 πρὸς
571 2911 671 2985 Δίωνα,
681 2911 830 2988 Διονύσιον,
848 2915 996 2978 Φίλιππον.
1042 2932 1106 2988 gam
1118 2912 1281 2990 atqueadeo
1289 2928 1484 2970 successorem
1498 2907 1715 2991 circumspexit.
1726 2913 1827 2994 ltaque

232 3049 234 3054 .
258 3003 304 3083 (τι)
326 3001 394 3082 Περὶ
409 3002 572 3078 νομοθεσίας.

217 3138 219 3145 .
259 3091 308 3168 (as)
330 3088 534 3166 Μαθηματικός.

258 3179 303 3260 (νο)
327 3177 538 3257 Μανδρόθουλος.

257 3267 299 3326 cf.
323 3267 444 3327 Lucian.
462 3270 585 3328 merced.
610 3270 675 3328 cod.
694 3290 741 3329 ar.
765 3267 894 3346 Alciphr.
921 3289 948 3344 r,
966 3291 994 3348 9.

216 3355 324 3418 Zenob.
343 3357 370 3434 3,
388 3357 436 3415 ila.

258 3447 294 3502 At
308 3446 399 3504 codex
413 3444 623 3505 Laurentianus
645 3443 735 3504 LXlX
759 3445 868 3522 praebet
891 3445 996 3527 Ἂνδρό·

215 3534 317 3600 δουλος.
334 3533 377 3592 Cl.
399 3533 536 3592 Herodot.
552 3531 613 3606 Vll,
630 3541 693 3602 ¹41·
708 3533 762 3592 iles
777 3534 887 3594 incerta
901 3550 953 3595 est.

257 3623 301 3701 (27)
323 3621 433 3688 Λυσίας.

257 3712 302 3790 (aa)
321 3705 410 3790 Ὅροι.

1042 2999 1231 3060 Xenocratem
1263 2999 1496 3078 peregrinantem
1527 3019 1580 3081 per
1600 3000 1710 3061 litteras
1735 3002 1826 3078 adiit,

1041 3107 1166 3167 eumque
1181 3088 1268 3147 etiam
1282 3101 1368 3166 atque
1384 3091 1470 3148 etiam
1483 3091 1614 3166 rogavit,
1626 3104 1658 3150 ut
1671 3093 1826 3152 academia·

1042 3178 1174 3254 regendae
1200 3178 1383 3256 provinciam
1405 3178 1575 3256 deposituro
1605 3179 1664 3238 sibi
1691 3181 1826 3240 succede·

1041 3280 1085 3326 ret
1096 3266 1183 3348 (135).
1201 3268 1345 3326 Successit
1361 3267 1537 3326 Xenocrates
1560 3267 1724 3348 Speusippo
1740 3268 1823 3348 Lysi·

1042 3354 1173 3414 machide
1210 3355 1288 3434 apud
1326 3355 1514 3416 Athenienses
1547 3372 1670 3434 praetore
1698 3359 1825 3420 secundo

1040 3443 1222 3522 Olympiadis
1250 3465 1304 3502 110
1328 3463 1404 3504 anno
1425 3446 1471 3503 vel
1493 3459 1559 3504 ante
1580 3446 1648 3507 Chr.
1672 3448 1741 3525 339.
1759 3448 1826 3508 llaec

1041 3533 1170 3591 animum
1196 3531 1354 3606 inclinant,
1374 3545 1406 3590 ut
1430 3531 1625 3613 Speusippum
1649 3536 1736 3595 etiam
1758 3552 1825 3617 post

1041 3621 1114 3680 illud
1129 3634 1242 3699 tempus
1257 3623 1288 3679 in
1309 3621 1370 3679 vita
1391 3623 1531 3680 mansisse
1550 3622 1684 3696 credam,
1706 3627 1823 3703 quando

1040 3729 1106 3768 eum
1120 3709 1267 3768 interdurn
1289 3709 1425 3788 plostello
1442 3724 1558 3770 vectum
1577 3711 1761 3772 Academiam
1777 3718 1823 3774 vi-

255 3799 465 3870 Delinitiones,
478 3818 542 3876 quae
557 3810 668 3856 aetatem
686 3797 831 3870 tulerunt,
852 3797 993 3857 indecem
1040 3799 1112 3874 sisse
1121 3797 1269 3876 proditum
1284 3809 1337 3857 est.
1353 3797 1399 3856 lbi
1417 3797 1557 3858 accidisse
1571 3797 1670 3876 ajunt,
1686 3815 1821 3880 utquam

215 3889 346 3948 Platonis
364 3886 513 3946 codicibus
534 3889 681 3964 leguntur.
702 3886 814 3945 Eorum
833 3907 911 3945 unus
925 3886 995 3946 Vin·
1042 3887 1166 3964 Diogeni
1181 3885 1293 3964 Cynico
1313 3886 1471 3964 aliquando
1486 3886 1603 3946 obviam
1624 3887 1714 3948 iactus
1729 3890 1823 3950 homi-

213 3977 391 4038 dobonensis
413 3977 448 4033 Aa
474 3975 589 4034 titulum
611 3975 691 4034 addit
707 3971 788 4054 Ὅροι
821 3975 995 4035 Σπευσίππου
1040 3989 1105 4033 nem
1143 3971 1319 4033 inurbanum
1353 3973 1464 4032 salvere
1497 3973 1648 4052 jussisset,
1688 3975 1816 4052 Cynicus

213 4069 258 4124 τοῦ
271 4061 413 4130 Πλάτωνος
430 4065 590 4121 recentiore
606 4083 691 4122 manu
713 4064 871 4142 scriptum,
896 4064 947 4141 qui
963 4065 994 4122 in
1039 4065 1136 4142 ipsum
1144 4062 1275 4122 ludibrio
1282 4061 1410 4121 haberet.
1424 4061 1585 4141 Respondit
1595 4065 1672 4123 enim
1685 4084 1692 4123 :
1706 4079 1738 4120 at
1745 4079 1774 4121 ιυ
1785 4088 1823 4124 ae

214 4154 337 4232 reliquis
350 4151 526 4230 membranis
541 4151 733 4211 desideratur.
756 4151 821 4210 Non
834 4151 995 4210 audiendus
1038 4157 1129 4222 salve,
1143 4159 1190 4230 qui
1200 4155 1284 4210 talem
1291 4159 1383 4208 vitam
1396 4155 1499 4230 degere
1512 4159 1661 4223 sustineas,
1673 4151 1821 4214 hortatus-

212 4257 255 4302 est
266 4241 436 4300 Ammonius
446 4241 477 4296 in
493 4259 564 4298 voce
578 4241 714 4307 παίδευσις
730 4239 846 4299 Platoni
861 4238 993 4298 libellum
1040 4261 1096 4318 que
1109 4256 1162 4316 est,
1179 4254 1211 4300 ut
1225 4252 1349 4299 mortem
1363 4240 1427 4318 ipse
1448 4240 1506 4299 sibi
1530 4241 1730 4301 conscisceret.
1745 4239 1822 4302 Tum

212 4331 290 4390 hunc
310 4327 452 4388 tribuens.
470 4325 564 4385 Verba
587 4328 653 4405 ejus
668 4343 735 4387 sunt
758 4349 765 4388 a
787 4329 922 4397 παίδευσις
950 4329 994 4388 καί
1040 4330 1089 4390 ille
1102 4351 1109 4388 :
1123 4333 1190 4388 Νοιι
1202 4333 1342 4400 cruribus,
1366 4329 1479 4406 inquit,
1495 4335 1633 4402 uiuimus,
1655 4333 1707 4387 sed
1718 4346 1820 4392 meare.

211 4421 318 4482 παιδεία
332 4419 463 4504 διαφέρει,
477 4417 511 4486 ὥς
524 4441 588 4500 φησι
604 4419 718 4481 Πλάτων
734 4424 760 4480 ἐν
781 4419 860 4500 θροις.
880 4422 991 4482 Παιδεία
1042 4419 1120 4496 (ι36)
1135 4417 1331 4478 Nihilominus
1353 4430 1499 4496 postremo
1514 4417 1722 4495 philosophum
1739 4419 1821 4478 senio

241 4643 308 4709 (132)
324 4643 381 4694 uid.
398 4644 484 4707 Παρία.
500 4646 553 4694 193.
564 4668 595 4679 -
610 4644 674 4704 (teet
690 4643 809 4707 Diogenes
821 4644 933 4696 Laertius
948 4646 991 4696 lib.
1037 4659 1122 4698 σιππος
1142 4641 1169 4690 ix
1186 4637 1335 4697 Χαλκηδόνος
1353 4638 1512 4701 μετεπέμπετο
1535 4637 1690 4700 Ξενοκράτην.
1713 4636 1820 4686 Galenus

210 4717 253 4778 ta,
264 4721 293 4766 23
303 4717 335 4772 ῶς
348 4731 406 4778 φησι
418 4715 566 4771 Σπεύσιππος
581 4714 649 4777 ἐντῷ
662 4716 713 4778 περὶ
725 4716 869 4780 φιλοσόφων.
883 4743 913 4754 -
924 4713 991 4777 (tat)
1037 4712 1068 4763 de
1079 4711 1164 4762 histor.
1180 4707 1242 4774 phil.
1260 4719 1313 4772 cap.
1330 4713 1344 4756 2
1366 4709 1443 4770 (totu.
1467 4709 1521 4758 xlx
1537 4721 1591 4771 pag.
1611 4712 1656 4758 223
1674 4706 1713 4757 ed.
1731 4707 1818 4770 liuha)

210 4788 330 4850 Diogenes
345 4786 456 4837 Laertius
476 4785 518 4837 lib.
541 4787 585 4848 lv,
607 4791 623 4835 ὅ
643 4785 722 4849 στίχοι
734 4787 852 4849 ,μγσόἐ’.
869 4790 908 4838 liu
926 4785 991 4836 enirn
1038 4789 1185 4843 Σπεύσιππος
1201 4786 1242 4850 μὲν
1253 4783 1293 4834 οὖν
1310 4783 1394 4846 χρόνον
1404 4784 1457 4835 τινὰ
1468 4783 1556 4848 βραχὺν
1569 4783 1608 4832 itti
1621 4787 1663 4840 τῆς
1676 4781 1747 4841 αὐτῆς
1759 4784 1820 4847 αίρὲ-

210 4857 312 4912 emensio
323 4859 448 4923 vulgatam
457 4857 604 4922 scripturam
614 4857 729 4919 μ’γ’δόἐ’.
746 4859 817 4908 Patet
829 4861 912 4910 autem
925 4855 992 4908 oodi-
1037 4877 1096 4916 σεως
1106 4857 1295 4922 διαμεμενηκιίις,
1308 4854 1446 4918 Δρθριτικοῑς
1456 4855 1481 4903 δὲ
1495 4853 1616 4915 νοσήμασι
1631 4854 1765 4916 περιπεσὼν
1775 4855 1819 4903 Ξε·

210 4929 247 4982 eis
260 4930 415 4982 harentiani
426 4931 536 4980 monstra
549 4929 626 4992 στίχοι
638 4931 755 4992 μγ,κβ,δοο
769 4929 827 4980 terri
838 4929 906 4980 nullo
916 4929 991 4978 modo
1036 4931 1147 4994 νοκφατην
1163 4930 1212 4978 ἀντ’
1229 4928 1302 4976 αὐτοῦ
1318 4927 1462 4985 κατέστησα,
1484 4929 1532 4974 τῶν
1553 4925 1711 4976 Πλατωνικῶν
1728 4925 1817 4988 δογμά·

211 5015 292 5067 posse.
302 5030 336 5040 -

1035 5020 1082 5052 των
1094 5001 1214 5063 ἐξηγητὴν,
1237 4996 1305 5048 Adde
1319 4997 1404 5060 tragm.
1424 5000 1476 5046 tas.
1497 4999 1551 5046 190.
1568 5023 1596 5035 -
1610 4993 1677 5060 (teo)
1698 4995 1819 5057 Diogenes

244 5073 311 5137 (135)
322 5074 445 5137 Diogenes
463 5071 575 5122 Laertius
588 5069 631 5120 lib.
647 5073 716 5131 1123
733 5072 778 5131 ἤδη
789 5073 814 5122 δὲ
824 5069 871 5121 one
886 5070 990 5134 παραλθ·
1035 5069 1202 5124 [aerumna.
1223 5073 1265 5122 IV.
1288 5073 1301 5119 3
1317 5069 1382 5117 Φασὶ
1398 5068 1423 5117 hl
1442 5067 1478 5131 ἐφ’
1490 5065 1590 5130 ἀμαξίου
1610 5066 1681 5116 αὐτὸν
1695 5065 1818 5128 φερόμενον

212 5161 272 5200 σεως
284 5143 361 5192 καὶτὸ
374 5147 446 5206 σῶμα
458 5143 592 5206 διέφθαρτο,
603 5142 644 5190 καὶ
658 5142 714 5202 πρὸς
734 5141 883 5206 Ξενοκράτην
897 5139 991 5203 διτπίμ·
1036 5145 1068 5199 εἰς
1082 5141 1124 5201 rhu
1141 5139 1284 5202 Ἀκαδημίαν
1305 5145 1448 5199 συναντῆσαι
1467 5137 1573 5200 Διογένει
1590 5137 1631 5186 καί
1641 5137 1715 5199 Χαῖρε
1731 5137 1816 5198 εἰπεῖν,

210 5231 268 5265 πετο
279 5214 421 5278 παρακαλῶν
442 5213 512 5263 αὐτὸν
530 5213 602 5262 ἐλθεῖν
614 5211 654 5261 καί
668 5211 710 5270 τὴν
728 5213 816 5274 σχολὴν
832 5211 990 5268 διαδέξασθαι.
1035 5214 1075 5262 τὸν
1093 5212 1118 5261 δὲ
1129 5211 1211 5274 φάναι,
1223 5208 1291 5261 Ἀλλά
1304 5213 1336 5274 μὴ
1347 5212 1377 5262 σίν
1388 5226 1430 5274 γε,
1444 5209 1508 5267 ὅστις
1525 5207 1647 5272 ὑπομένεις
1662 5212 1702 5272 ζῇν
1713 5211 1818 5288 τοιοῦτος

211 5285 330 5338 Themisl.
344 5281 405 5334 orat.
421 5285 473 5332 xxt
484 5297 541 5347 pag.
561 5287 606 5332 255
618 5277 660 5333 ed.
681 5283 764 5334 Pelav.
779 5281 818 5332 διὰ
835 5289 903 5332 τοῦτο
918 5283 992 5332 Σπεύ·
1036 5282 1078 5334 ὧν.
1092 5281 1204 5332 Stobaeus
1219 5281 1301 5331 Florll.
1315 5283 1400 5342 cxlx,
1418 5283 1444 5329 17
1464 5279 1609 5342 Σπευσίππῳ
1623 5277 1776 5341 παραλνδέντι
1787 5291 1817 5323 τοι
