<?xml version="1.0" encoding="UTF-8"?>
<!DOCTYPE html PUBLIC "-//W3C//DTD XHTML 1.0 Transitional//EN"
    "http://www.w3.org/TR/xhtml1/DTD/xhtml1-transitional.dtd">
<html xmlns="http://www.w3.org/1999/xhtml" xml:lang="en" lang="en">
 <head>
  <title>
</title>
<meta http-equiv="Content-Type" content="text/html;charset=utf-8" />
  <meta name='ocr-system' content='tesseract 3.04.00' />
  <meta name='ocr-capabilities' content='ocr_page ocr_carea ocr_par ocr_line ocrx_word'/>
</head>
<body>
  <div class='ocr_page' id='page_1' title='image "./fragmentaphilos01mullgoog/fragmentaphilos01mullgoog_0233.png"; bbox 0 0 3958 5942; ppageno 0'>
   <div class='ocr_carea' id='block_1_1' title="bbox 223 427 1278 526">
    <p class='ocr_par' dir='ltr' id='par_1_1' title="bbox 223 427 1278 526">
     <span class='ocr_line' id='line_1_1' title="bbox 223 427 1278 526; baseline 0.006 -6"><span class='ocrx_word' id='word_1_1' title='bbox 223 458 283 520; x_wconf 82' lang='lat' dir='ltr'>nn</span> <span class='ocrx_word' id='word_1_2' title='bbox 749 427 991 525; x_wconf 80' lang='lat' dir='ltr'>&#39;nnrsrocus</span> <span class='ocrx_word' id='word_1_3' title='bbox 1014 464 1278 526; x_wconf 78' lang='lat' dir='ltr'>rnurrnrnrrcr</span> 
     </span>
    </p>
   </div>
   <div class='ocr_carea' id='block_1_2' title="bbox 221 587 1821 1028">
    <p class='ocr_par' dir='ltr' id='par_1_2' title="bbox 221 587 1821 1028">
     <span class='ocr_line' id='line_1_2' title="bbox 222 587 1821 676; baseline 0.008 -31"><span class='ocrx_word' id='word_1_4' title='bbox 222 587 304 665; x_wconf 83' lang='grc' dir='ltr'>γονὼς</span> <span class='ocrx_word' id='word_1_5' title='bbox 317 591 418 668; x_wconf 76' lang='grc' dir='ltr'>ἑταῖρος</span> <span class='ocrx_word' id='word_1_6' title='bbox 437 591 451 646; x_wconf 83' lang='grc' dir='ltr'>θ</span> <span class='ocrx_word' id='word_1_7' title='bbox 464 590 645 669; x_wconf 82' lang='grc' dir='ltr'>Πρωταγόρας</span> <span class='ocrx_word' id='word_1_8' title='bbox 667 589 739 650; x_wconf 81' lang='grc' dir='ltr'>ύθεον</span> <span class='ocrx_word' id='word_1_9' title='bbox 758 590 889 662; x_wconf 72' lang='grc' dir='ltr'>ἐκτήσατο</span> <span class='ocrx_word' id='word_1_10' title='bbox 905 592 993 662; x_wconf 75' lang='grc' dir='ltr'>δόξαν.</span> <span class='ocrx_word' id='word_1_11' title='bbox 1045 597 1067 654; x_wconf 85' lang='grc' dir='ltr'>εί</span> <span class='ocrx_word' id='word_1_12' title='bbox 1079 594 1111 668; x_wconf 76' lang='grc' dir='ltr'>δὴ</span> <span class='ocrx_word' id='word_1_13' title='bbox 1127 605 1179 664; x_wconf 72' lang='grc' dir='ltr'>πᾶς</span> <span class='ocrx_word' id='word_1_14' title='bbox 1191 619 1229 664; x_wconf 90' lang='grc' dir='ltr'>τις</span> <span class='ocrx_word' id='word_1_15' title='bbox 1244 596 1319 662; x_wconf 82' lang='grc' dir='ltr'>οὗτος</span> <span class='ocrx_word' id='word_1_16' title='bbox 1332 596 1417 676; x_wconf 79' lang='grc' dir='ltr'>έαυτῷ</span> <span class='ocrx_word' id='word_1_17' title='bbox 1436 595 1530 676; x_wconf 84' lang='grc' dir='ltr'>μέτρον</span> <span class='ocrx_word' id='word_1_18' title='bbox 1549 598 1605 656; x_wconf 75' lang='grc' dir='ltr'>ἐστί</span> <span class='ocrx_word' id='word_1_19' title='bbox 1618 600 1665 669; x_wconf 82' lang='grc' dir='ltr'>τῆς</span> <span class='ocrx_word' id='word_1_20' title='bbox 1678 597 1821 676; x_wconf 73' lang='grc' dir='ltr'>ἀληθείαςς</span> 
     </span>
     <span class='ocr_line' id='line_1_3' title="bbox 222 677 1820 766; baseline 0.004 -28"><span class='ocrx_word' id='word_1_21' title='bbox 222 677 650 758; x_wconf 68' lang='grc' dir='ltr'>Λέγεταιγοθντοιᾷδεκιχρῆσθαι</span> <span class='ocrx_word' id='word_1_22' title='bbox 661 679 767 756; x_wconf 78' lang='grc' dir='ltr'>είούολῇ</span> <span class='ocrx_word' id='word_1_23' title='bbox 781 683 807 740; x_wconf 81' lang='grc' dir='ltr'>ἐν</span> <span class='ocrx_word' id='word_1_24' title='bbox 818 685 855 760; x_wconf 84' lang='grc' dir='ltr'>τῷ</span> <span class='ocrx_word' id='word_1_25' title='bbox 863 683 923 760; x_wconf 82' lang='grc' dir='ltr'>περί</span> <span class='ocrx_word' id='word_1_26' title='bbox 933 687 996 742; x_wconf 81' lang='grc' dir='ltr'>θεῶν</span> <span class='ocrx_word' id='word_1_27' title='bbox 1043 681 1061 755; x_wconf 78' lang='grc' dir='ltr'>ἢ</span> <span class='ocrx_word' id='word_1_28' title='bbox 1075 686 1130 750; x_wconf 81' lang='grc' dir='ltr'>πῶς</span> <span class='ocrx_word' id='word_1_29' title='bbox 1146 683 1281 763; x_wconf 73' lang='grc' dir='ltr'><strong>ἐλέγχουσι</strong></span> <span class='ocrx_word' id='word_1_30' title='bbox 1295 683 1355 751; x_wconf 85' lang='grc' dir='ltr'>τοθς</span> <span class='ocrx_word' id='word_1_31' title='bbox 1373 684 1486 758; x_wconf 79' lang='grc' dir='ltr'>ἀλλους,</span> <span class='ocrx_word' id='word_1_32' title='bbox 1500 685 1575 764; x_wconf 87' lang='grc' dir='ltr'>είπερ</span> <span class='ocrx_word' id='word_1_33' title='bbox 1587 682 1690 763; x_wconf 79' lang='grc' dir='ltr'>έκόστῳ</span> <span class='ocrx_word' id='word_1_34' title='bbox 1703 683 1734 742; x_wconf 88' lang='grc' dir='ltr'>τδ</span> <span class='ocrx_word' id='word_1_35' title='bbox 1756 707 1820 766; x_wconf 90' lang='grc' dir='ltr'>φαι-</span> 
     </span>
     <span class='ocr_line' id='line_1_4' title="bbox 222 759 1820 852; baseline 0.006 -30"><span class='ocrx_word' id='word_1_36' title='bbox 222 765 419 845; x_wconf 83' lang='grc' dir='ltr'>συγγρύμμκτι·</span> <span class='ocrx_word' id='word_1_37' title='bbox 439 766 499 843; x_wconf 85' lang='grc' dir='ltr'>περί</span> <span class='ocrx_word' id='word_1_38' title='bbox 515 765 562 842; x_wconf 78' lang='grc' dir='ltr'>μέν</span> <span class='ocrx_word' id='word_1_39' title='bbox 582 770 646 826; x_wconf 82' lang='grc' dir='ltr'>θεῶν</span> <span class='ocrx_word' id='word_1_40' title='bbox 665 770 712 827; x_wconf 83' lang='grc' dir='ltr'>οὐκ</span> <span class='ocrx_word' id='word_1_41' title='bbox 727 759 784 827; x_wconf 81' lang='grc' dir='ltr'>οἶδα</span> <span class='ocrx_word' id='word_1_42' title='bbox 806 769 859 828; x_wconf 86' lang='grc' dir='ltr'>οὔθ’</span> <span class='ocrx_word' id='word_1_43' title='bbox 873 773 909 836; x_wconf 84' lang='grc' dir='ltr'>ὡς</span> <span class='ocrx_word' id='word_1_44' title='bbox 922 771 996 843; x_wconf 85' lang='grc' dir='ltr'>είοίν,</span> <span class='ocrx_word' id='word_1_45' title='bbox 1043 768 1149 846; x_wconf 80' lang='grc' dir='ltr'>νόμενον</span> <span class='ocrx_word' id='word_1_46' title='bbox 1175 771 1268 842; x_wconf 83' lang='grc' dir='ltr'>ἀληθές</span> <span class='ocrx_word' id='word_1_47' title='bbox 1293 773 1377 846; x_wconf 73' lang='grc' dir='ltr'>ίοτινς</span> <span class='ocrx_word' id='word_1_48' title='bbox 1410 771 1553 852; x_wconf 79' lang='grc' dir='ltr'>ἀγνοοῦμέν</span> <span class='ocrx_word' id='word_1_49' title='bbox 1578 771 1607 830; x_wconf 90' lang='grc' dir='ltr'>τέ</span> <span class='ocrx_word' id='word_1_50' title='bbox 1632 795 1708 846; x_wconf 89' lang='grc' dir='ltr'>τινα,</span> <span class='ocrx_word' id='word_1_51' title='bbox 1731 773 1820 834; x_wconf 86' lang='grc' dir='ltr'>καίτοι</span> 
     </span>
     <span class='ocr_line' id='line_1_5' title="bbox 221 853 1821 942; baseline 0.004 -29"><span class='ocrx_word' id='word_1_52' title='bbox 221 853 276 914; x_wconf 84' lang='grc' dir='ltr'>οὔθ’</span> <span class='ocrx_word' id='word_1_53' title='bbox 286 856 377 921; x_wconf 84' lang='grc' dir='ltr'>ὡςυύκ</span> <span class='ocrx_word' id='word_1_54' title='bbox 387 853 465 934; x_wconf 80' lang='grc' dir='ltr'>εἰσίν,</span> <span class='ocrx_word' id='word_1_55' title='bbox 475 853 527 913; x_wconf 82' lang='grc' dir='ltr'>οὔθ’</span> <span class='ocrx_word' id='word_1_56' title='bbox 542 855 626 914; x_wconf 85' lang='grc' dir='ltr'>ὁποῖοί</span> <span class='ocrx_word' id='word_1_57' title='bbox 636 879 701 923; x_wconf 88' lang='grc' dir='ltr'>τινες</span> <span class='ocrx_word' id='word_1_58' title='bbox 714 855 796 918; x_wconf 77' lang='grc' dir='ltr'>ἰδέαν.</span> <span class='ocrx_word' id='word_1_59' title='bbox 805 857 998 927; x_wconf 77' lang='lat' dir='ltr'><strong>Quamobrem</strong></span> <span class='ocrx_word' id='word_1_60' title='bbox 1044 859 1168 927; x_wconf 78' lang='grc' dir='ltr'>πολλάκις</span> <span class='ocrx_word' id='word_1_61' title='bbox 1183 859 1366 936; x_wconf 75' lang='grc' dir='ltr'>αἰσθανόμενοι</span> <span class='ocrx_word' id='word_1_62' title='bbox 1374 904 1383 936; x_wconf 88' lang='grc'>,</span> <span class='ocrx_word' id='word_1_63' title='bbox 1394 861 1513 942; x_wconf 83' lang='grc' dir='ltr'>καθάπερ</span> <span class='ocrx_word' id='word_1_64' title='bbox 1528 859 1634 920; x_wconf 83' lang='grc' dir='ltr'>ἀπειδίιν</span> <span class='ocrx_word' id='word_1_65' title='bbox 1649 863 1701 919; x_wconf 81' lang='grc' dir='ltr'>τῶν</span> <span class='ocrx_word' id='word_1_66' title='bbox 1717 861 1821 941; x_wconf 82' lang='grc' dir='ltr'>βαρύύ-</span> 
     </span>
     <span class='ocr_line' id='line_1_6' title="bbox 221 941 1821 1028; baseline 0.006 -28"><span class='ocrx_word' id='word_1_67' title='bbox 221 942 269 1000; x_wconf 82' lang='grc' dir='ltr'>Ιιὶπ</span> <span class='ocrx_word' id='word_1_68' title='bbox 284 943 367 1015; x_wconf 85' lang='lat' dir='ltr'>locus</span> <span class='ocrx_word' id='word_1_69' title='bbox 380 961 417 1000; x_wconf 86' lang='lat' dir='ltr'>ex</span> <span class='ocrx_word' id='word_1_70' title='bbox 431 943 522 1000; x_wconf 80' lang='lat' dir='ltr'>altero</span> <span class='ocrx_word' id='word_1_71' title='bbox 537 943 641 1018; x_wconf 85' lang='lat' dir='ltr'>corrigi</span> <span class='ocrx_word' id='word_1_72' title='bbox 656 944 772 1020; x_wconf 84' lang='lat' dir='ltr'>poterit.</span> <span class='ocrx_word' id='word_1_73' title='bbox 789 943 887 1022; x_wconf 87' lang='lat' dir='ltr'>Neque</span> <span class='ocrx_word' id='word_1_74' title='bbox 904 959 999 1004; x_wconf 82' lang='lat' dir='ltr'>tamen</span> <span class='ocrx_word' id='word_1_75' title='bbox 1045 971 1095 1026; x_wconf 82' lang='grc' dir='ltr'>ρων</span> <span class='ocrx_word' id='word_1_76' title='bbox 1110 951 1260 1026; x_wconf 70' lang='grc' dir='ltr'>ἀκούωμενς</span> <span class='ocrx_word' id='word_1_77' title='bbox 1274 947 1313 1009; x_wconf 80' lang='lat'>‘¹0</span> <span class='ocrx_word' id='word_1_78' title='bbox 1335 972 1365 1028; x_wconf 89' lang='grc' dir='ltr'>γι</span> <span class='ocrx_word' id='word_1_79' title='bbox 1380 949 1431 1026; x_wconf 81' lang='grc' dir='ltr'>μὴν</span> <span class='ocrx_word' id='word_1_80' title='bbox 1457 952 1616 1026; x_wconf 85' lang='grc' dir='ltr'>θεασάμενος</span> <span class='ocrx_word' id='word_1_81' title='bbox 1639 954 1740 1021; x_wconf 72' lang='lat' dir='ltr'>tuoni,</span> <span class='ocrx_word' id='word_1_82' title='bbox 1763 941 1821 1010; x_wconf 79' lang='grc' dir='ltr'>εἶτα</span> 
     </span>
    </p>
   </div>
   <div class='ocr_carea' id='block_1_3' title="bbox 115 1029 1819 1116">
    <p class='ocr_par' dir='ltr' id='par_1_3' title="bbox 115 1029 1819 1116">
     <span class='ocr_line' id='line_1_7' title="bbox 115 1029 1819 1116; baseline 0.008 -31"><span class='ocrx_word' id='word_1_83' title='bbox 115 1041 118 1046; x_wconf 88' lang='grc'><em>·</em></span> <span class='ocrx_word' id='word_1_84' title='bbox 221 1031 378 1110; x_wconf 84' lang='lat' dir='ltr'>quidquam</span> <span class='ocrx_word' id='word_1_85' title='bbox 415 1030 585 1090; x_wconf 81' lang='lat' dir='ltr'>rnrrtaodurn</span> <span class='ocrx_word' id='word_1_86' title='bbox 610 1051 672 1090; x_wconf 82' lang='lat' dir='ltr'>csse</span> <span class='ocrx_word' id='word_1_87' title='bbox 695 1033 812 1107; x_wconf 86' lang='lat' dir='ltr'>censui,</span> <span class='ocrx_word' id='word_1_88' title='bbox 838 1035 998 1110; x_wconf 86' lang='lat' dir='ltr'>praesertim</span> <span class='ocrx_word' id='word_1_89' title='bbox 1045 1037 1225 1114; x_wconf 86' lang='grc' dir='ltr'>μεμνημένος,</span> <span class='ocrx_word' id='word_1_90' title='bbox 1247 1029 1300 1096; x_wconf 79' lang='grc' dir='ltr'>οἶδε</span> <span class='ocrx_word' id='word_1_91' title='bbox 1315 1037 1378 1116; x_wconf 84' lang='grc' dir='ltr'>μέν,</span> <span class='ocrx_word' id='word_1_92' title='bbox 1395 1039 1545 1099; x_wconf 80' lang='grc' dir='ltr'>αἰσθάνεται</span> <span class='ocrx_word' id='word_1_93' title='bbox 1565 1042 1588 1098; x_wconf 79' lang='grc' dir='ltr'>δ’</span> <span class='ocrx_word' id='word_1_94' title='bbox 1603 1039 1702 1100; x_wconf 79' lang='grc' dir='ltr'>οὐκέτι.</span> <span class='ocrx_word' id='word_1_95' title='bbox 1726 1041 1780 1100; x_wconf 78' lang='grc' dir='ltr'>Καὶ</span> <span class='ocrx_word' id='word_1_96' title='bbox 1794 1043 1819 1099; x_wconf 78' lang='grc' dir='ltr'>εἰ</span> 
     </span>
    </p>
   </div>
   <div class='ocr_carea' id='block_1_4' title="bbox 217 1119 1820 2967">
    <p class='ocr_par' dir='ltr' id='par_1_4' title="bbox 218 1119 1820 1998">
     <span class='ocr_line' id='line_1_8' title="bbox 221 1119 1818 1210; baseline 0.006 -32"><span class='ocrx_word' id='word_1_97' title='bbox 221 1139 311 1196; x_wconf 85' lang='lat' dir='ltr'>quum</span> <span class='ocrx_word' id='word_1_98' title='bbox 326 1121 482 1196; x_wconf 77' lang='lat' dir='ltr'>scriptores</span> <span class='ocrx_word' id='word_1_99' title='bbox 497 1119 545 1177; x_wconf 80' lang='lat' dir='ltr'>alii</span> <span class='ocrx_word' id='word_1_100' title='bbox 556 1120 640 1178; x_wconf 76' lang='lat' dir='ltr'>aliter</span> <span class='ocrx_word' id='word_1_101' title='bbox 652 1120 713 1178; x_wconf 80' lang='lat' dir='ltr'>haec</span> <span class='ocrx_word' id='word_1_102' title='bbox 725 1119 892 1194; x_wconf 64' lang='lat' dir='ltr'>Protagora</span> <span class='ocrx_word' id='word_1_103' title='bbox 907 1121 998 1180; x_wconf 76' lang='lat' dir='ltr'>verita</span> <span class='ocrx_word' id='word_1_104' title='bbox 1044 1125 1143 1206; x_wconf 77' lang='grc' dir='ltr'>θατέρῳ</span> <span class='ocrx_word' id='word_1_105' title='bbox 1155 1124 1201 1202; x_wconf 71' lang='grc' dir='ltr'>μὲν</span> <span class='ocrx_word' id='word_1_106' title='bbox 1217 1128 1344 1206; x_wconf 80' lang='grc' dir='ltr'>ὀφθαλμῷ</span> <span class='ocrx_word' id='word_1_107' title='bbox 1356 1127 1459 1205; x_wconf 87' lang='grc' dir='ltr'>μύσαι,</span> <span class='ocrx_word' id='word_1_108' title='bbox 1480 1127 1583 1210; x_wconf 86' lang='grc' dir='ltr'>θατέρῳ</span> <span class='ocrx_word' id='word_1_109' title='bbox 1595 1128 1618 1186; x_wconf 82' lang='grc' dir='ltr'>δ’</span> <span class='ocrx_word' id='word_1_110' title='bbox 1637 1128 1707 1208; x_wconf 83' lang='grc' dir='ltr'>δρῴη</span> <span class='ocrx_word' id='word_1_111' title='bbox 1718 1173 1726 1200; x_wconf 96' lang='grc'>,</span> <span class='ocrx_word' id='word_1_112' title='bbox 1739 1130 1818 1201; x_wconf 84' lang='grc' dir='ltr'>δῆλον</span> 
     </span>
     <span class='ocr_line' id='line_1_9' title="bbox 219 1207 1819 1298; baseline 0.008 -34"><span class='ocrx_word' id='word_1_113' title='bbox 219 1207 356 1280; x_wconf 74' lang='grc' dir='ltr'>σείονται,</span> <span class='ocrx_word' id='word_1_114' title='bbox 373 1208 454 1266; x_wconf 85' lang='lat' dir='ltr'>velut</span> <span class='ocrx_word' id='word_1_115' title='bbox 465 1212 567 1266; x_wconf 86' lang='lat' dir='ltr'>Sextus</span> <span class='ocrx_word' id='word_1_116' title='bbox 582 1209 745 1286; x_wconf 86' lang='lat' dir='ltr'>Empiricos</span> <span class='ocrx_word' id='word_1_117' title='bbox 759 1210 825 1268; x_wconf 79' lang='lat' dir='ltr'>adv.</span> <span class='ocrx_word' id='word_1_118' title='bbox 841 1209 929 1270; x_wconf 81' lang='lat' dir='ltr'>llath.</span> <span class='ocrx_word' id='word_1_119' title='bbox 943 1209 995 1283; x_wconf 83' lang='lat' dir='ltr'>lx,</span> <span class='ocrx_word' id='word_1_120' title='bbox 1043 1214 1083 1272; x_wconf 81' lang='grc' dir='ltr'>ὅτι</span> <span class='ocrx_word' id='word_1_121' title='bbox 1096 1214 1176 1274; x_wconf 74' lang='grc' dir='ltr'>ταύτὸ</span> <span class='ocrx_word' id='word_1_122' title='bbox 1190 1213 1287 1274; x_wconf 76' lang='grc' dir='ltr'>τίσεται</span> <span class='ocrx_word' id='word_1_123' title='bbox 1304 1216 1349 1274; x_wconf 84' lang='grc' dir='ltr'>καὶ</span> <span class='ocrx_word' id='word_1_124' title='bbox 1363 1217 1411 1275; x_wconf 83' lang='grc' dir='ltr'>οὐκ</span> <span class='ocrx_word' id='word_1_125' title='bbox 1421 1215 1527 1276; x_wconf 80' lang='grc' dir='ltr'>εἴσεται.</span> <span class='ocrx_word' id='word_1_126' title='bbox 1545 1216 1615 1298; x_wconf 79' lang='grc' dir='ltr'>Πρὸς</span> <span class='ocrx_word' id='word_1_127' title='bbox 1626 1217 1653 1276; x_wconf 74' lang='grc' dir='ltr'>δὲ</span> <span class='ocrx_word' id='word_1_128' title='bbox 1663 1217 1779 1291; x_wconf 75' lang='grc' dir='ltr'>τούτοις,</span> <span class='ocrx_word' id='word_1_129' title='bbox 1795 1224 1819 1277; x_wconf 78' lang='grc' dir='ltr'>εἰ</span> 
     </span>
     <span class='ocr_line' id='line_1_10' title="bbox 221 1293 1817 1384; baseline 0.008 -31"><span class='ocrx_word' id='word_1_130' title='bbox 221 1297 256 1370; x_wconf 86' lang='lat'>57</span> <span class='ocrx_word' id='word_1_131' title='bbox 274 1300 288 1354; x_wconf 87' lang='grc' dir='ltr'>δ</span> <span class='ocrx_word' id='word_1_132' title='bbox 303 1296 330 1354; x_wconf 81' lang='grc' dir='ltr'>δὲ</span> <span class='ocrx_word' id='word_1_133' title='bbox 352 1295 530 1376; x_wconf 79' lang='grc' dir='ltr'>Πρωταγόρας</span> <span class='ocrx_word' id='word_1_134' title='bbox 553 1299 636 1376; x_wconf 75' lang='grc' dir='ltr'>ῥητῶς</span> <span class='ocrx_word' id='word_1_135' title='bbox 656 1317 707 1355; x_wconf 86' lang='grc' dir='ltr'>που</span> <span class='ocrx_word' id='word_1_136' title='bbox 732 1299 843 1377; x_wconf 78' lang='grc' dir='ltr'>γράψας·</span> <span class='ocrx_word' id='word_1_137' title='bbox 858 1298 918 1376; x_wconf 83' lang='grc' dir='ltr'>περί</span> <span class='ocrx_word' id='word_1_138' title='bbox 932 1301 995 1356; x_wconf 84' lang='grc' dir='ltr'>θεῶν</span> <span class='ocrx_word' id='word_1_139' title='bbox 1043 1301 1072 1360; x_wconf 86' lang='grc' dir='ltr'>τὸ</span> <span class='ocrx_word' id='word_1_140' title='bbox 1089 1301 1242 1384; x_wconf 86' lang='grc' dir='ltr'>φαινόμενον</span> <span class='ocrx_word' id='word_1_141' title='bbox 1266 1302 1371 1384; x_wconf 80' lang='grc' dir='ltr'>έκύστῳ</span> <span class='ocrx_word' id='word_1_142' title='bbox 1385 1304 1430 1362; x_wconf 84' lang='grc' dir='ltr'>καί</span> <span class='ocrx_word' id='word_1_143' title='bbox 1454 1305 1546 1378; x_wconf 79' lang='grc' dir='ltr'>ἀληθές</span> <span class='ocrx_word' id='word_1_144' title='bbox 1561 1309 1646 1379; x_wconf 79' lang='grc' dir='ltr'>ἔστιν,</span> <span class='ocrx_word' id='word_1_145' title='bbox 1666 1309 1731 1383; x_wconf 80' lang='grc' dir='ltr'>ἡμῖν</span> <span class='ocrx_word' id='word_1_146' title='bbox 1746 1293 1817 1366; x_wconf 71' lang='lat' dir='ltr'>otoo</span> 
     </span>
     <span class='ocr_line' id='line_1_11' title="bbox 219 1382 1817 1472; baseline 0.004 -26"><span class='ocrx_word' id='word_1_147' title='bbox 219 1386 272 1446; x_wconf 83' lang='grc' dir='ltr'>οὔτ’</span> <span class='ocrx_word' id='word_1_148' title='bbox 286 1389 309 1447; x_wconf 84' lang='grc' dir='ltr'>εἰ</span> <span class='ocrx_word' id='word_1_149' title='bbox 324 1385 399 1459; x_wconf 77' lang='grc' dir='ltr'>εἰσίν,</span> <span class='ocrx_word' id='word_1_150' title='bbox 425 1383 480 1442; x_wconf 83' lang='grc' dir='ltr'>οὔθ’</span> <span class='ocrx_word' id='word_1_151' title='bbox 503 1383 588 1443; x_wconf 82' lang='grc' dir='ltr'>ὁποῖοί</span> <span class='ocrx_word' id='word_1_152' title='bbox 603 1382 669 1450; x_wconf 87' lang='grc' dir='ltr'>τινές</span> <span class='ocrx_word' id='word_1_153' title='bbox 682 1387 748 1456; x_wconf 81' lang='grc' dir='ltr'>εἰσι,</span> <span class='ocrx_word' id='word_1_154' title='bbox 767 1386 880 1444; x_wconf 90' lang='grc' dir='ltr'>δύναυαι</span> <span class='ocrx_word' id='word_1_155' title='bbox 900 1386 995 1464; x_wconf 85' lang='grc' dir='ltr'>λέγειν·</span> <span class='ocrx_word' id='word_1_156' title='bbox 1065 1392 1163 1448; x_wconf 85' lang='grc' dir='ltr'>αίνεται</span> <span class='ocrx_word' id='word_1_157' title='bbox 1179 1391 1210 1450; x_wconf 88' lang='grc' dir='ltr'>τδι</span> <span class='ocrx_word' id='word_1_158' title='bbox 1226 1391 1269 1450; x_wconf 75' lang='grc' dir='ltr'>ὑπ’</span> <span class='ocrx_word' id='word_1_159' title='bbox 1285 1393 1390 1452; x_wconf 75' lang='grc' dir='ltr'>ἐκείνων</span> <span class='ocrx_word' id='word_1_160' title='bbox 1407 1393 1536 1471; x_wconf 86' lang='grc' dir='ltr'>λεγόμενα</span> <span class='ocrx_word' id='word_1_161' title='bbox 1552 1395 1657 1467; x_wconf 83' lang='grc' dir='ltr'>ἀληθῆ,</span> <span class='ocrx_word' id='word_1_162' title='bbox 1673 1393 1761 1453; x_wconf 81' lang='grc' dir='ltr'>καίτθ</span> <span class='ocrx_word' id='word_1_163' title='bbox 1779 1395 1817 1472; x_wconf 77' lang='grc' dir='ltr'>μὴ</span> 
     </span>
     <span class='ocr_line' id='line_1_12' title="bbox 218 1413 1816 1563; baseline 0.005 -29"><span class='ocrx_word' id='word_1_164' title='bbox 218 1475 304 1534; x_wconf 74' lang='grc' dir='ltr'>πολλὰ</span> <span class='ocrx_word' id='word_1_165' title='bbox 320 1475 369 1554; x_wconf 82' lang='grc' dir='ltr'>γάρ</span> <span class='ocrx_word' id='word_1_166' title='bbox 398 1477 453 1532; x_wconf 75' lang='grc' dir='ltr'>ἐστι</span> <span class='ocrx_word' id='word_1_167' title='bbox 477 1472 511 1530; x_wconf 73' lang='lat' dir='ltr'>cd</span> <span class='ocrx_word' id='word_1_168' title='bbox 532 1471 669 1547; x_wconf 77' lang='grc' dir='ltr'>κωλύοντά</span> <span class='ocrx_word' id='word_1_169' title='bbox 692 1495 736 1548; x_wconf 90' lang='grc' dir='ltr'>με.</span> <span class='ocrx_word' id='word_1_170' title='bbox 756 1473 781 1530; x_wconf 91' lang='grc' dir='ltr'>Τ</span> <span class='ocrx_word' id='word_1_171' title='bbox 783 1472 937 1551; x_wconf 85' lang='lat' dir='ltr'>heophilus</span> <span class='ocrx_word' id='word_1_172' title='bbox 960 1475 996 1532; x_wconf 82' lang='lat' dir='ltr'>ad</span> <span class='ocrx_word' id='word_1_173' title='bbox 1044 1413 1109 1538; x_wconf 72' lang='grc' dir='ltr'>έίναι</span> <span class='ocrx_word' id='word_1_174' title='bbox 1122 1479 1227 1538; x_wconf 78' lang='grc' dir='ltr'>πόντιον</span> <span class='ocrx_word' id='word_1_175' title='bbox 1243 1483 1409 1563; x_wconf 74' lang='grc' dir='ltr'>πραγμάτων</span> <span class='ocrx_word' id='word_1_176' title='bbox 1424 1480 1517 1560; x_wconf 81' lang='grc' dir='ltr'>μέτρον</span> <span class='ocrx_word' id='word_1_177' title='bbox 1534 1483 1577 1542; x_wconf 91' lang='grc' dir='ltr'>τδν</span> <span class='ocrx_word' id='word_1_178' title='bbox 1599 1483 1735 1562; x_wconf 75' lang='grc' dir='ltr'>ἄνθρωπον</span> <span class='ocrx_word' id='word_1_179' title='bbox 1750 1485 1816 1555; x_wconf 78' lang='grc' dir='ltr'>ἀλη-</span> 
     </span>
     <span class='ocr_line' id='line_1_13' title="bbox 220 1560 1819 1648; baseline 0.003 -26"><span class='ocrx_word' id='word_1_180' title='bbox 220 1566 318 1623; x_wconf 79' lang='grc' dir='ltr'>Ᾱιιῑοί,</span> <span class='ocrx_word' id='word_1_181' title='bbox 333 1563 383 1620; x_wconf 83' lang='lat' dir='ltr'>lib.</span> <span class='ocrx_word' id='word_1_182' title='bbox 397 1561 451 1634; x_wconf 86' lang='grc' dir='ltr'>ΙΙΙ,</span> <span class='ocrx_word' id='word_1_183' title='bbox 472 1581 535 1639; x_wconf 80' lang='lat' dir='ltr'>cap.</span> <span class='ocrx_word' id='word_1_184' title='bbox 555 1583 569 1633; x_wconf 89' lang='lat'><strong>7</strong></span> <span class='ocrx_word' id='word_1_185' title='bbox 593 1560 639 1618; x_wconf 81' lang='grc' dir='ltr'>καὶ</span> <span class='ocrx_word' id='word_1_186' title='bbox 657 1561 860 1640; x_wconf 83' lang='grc' dir='ltr'>Ιίρωταγόραςδ</span> <span class='ocrx_word' id='word_1_187' title='bbox 873 1561 995 1642; x_wconf 83' lang='grc' dir='ltr'>Ἀύδηρί-</span> <span class='ocrx_word' id='word_1_188' title='bbox 1044 1566 1083 1634; x_wconf 84' lang='grc' dir='ltr'>θὲς</span> <span class='ocrx_word' id='word_1_189' title='bbox 1098 1567 1128 1624; x_wconf 88' lang='grc' dir='ltr'>διν</span> <span class='ocrx_word' id='word_1_190' title='bbox 1144 1567 1195 1639; x_wconf 80' lang='grc' dir='ltr'>εἴη.</span> <span class='ocrx_word' id='word_1_191' title='bbox 1215 1567 1266 1628; x_wconf 83' lang='grc' dir='ltr'>Καὶ</span> <span class='ocrx_word' id='word_1_192' title='bbox 1282 1567 1334 1646; x_wconf 79' lang='grc' dir='ltr'>μὴν</span> <span class='ocrx_word' id='word_1_193' title='bbox 1348 1567 1374 1628; x_wconf 82' lang='lat' dir='ltr'>oi</span> <span class='ocrx_word' id='word_1_194' title='bbox 1388 1592 1417 1646; x_wconf 91' lang='grc' dir='ltr'>γε</span> <span class='ocrx_word' id='word_1_195' title='bbox 1433 1572 1550 1647; x_wconf 82' lang='grc' dir='ltr'>τεχνῖται</span> <span class='ocrx_word' id='word_1_196' title='bbox 1564 1572 1617 1627; x_wconf 84' lang='grc' dir='ltr'>τῶν</span> <span class='ocrx_word' id='word_1_197' title='bbox 1632 1567 1750 1648; x_wconf 79' lang='grc' dir='ltr'>ἀτέχνων</span> <span class='ocrx_word' id='word_1_198' title='bbox 1764 1571 1819 1628; x_wconf 81' lang='grc' dir='ltr'>δια·</span> 
     </span>
     <span class='ocr_line' id='line_1_14' title="bbox 218 1648 1820 1736; baseline 0.005 -25"><span class='ocrx_word' id='word_1_199' title='bbox 218 1675 265 1720; x_wconf 88' lang='grc' dir='ltr'>της</span> <span class='ocrx_word' id='word_1_200' title='bbox 280 1652 373 1728; x_wconf 87' lang='grc' dir='ltr'>λέγων·</span> <span class='ocrx_word' id='word_1_201' title='bbox 389 1650 439 1708; x_wconf 79' lang='grc' dir='ltr'>εἴτε</span> <span class='ocrx_word' id='word_1_202' title='bbox 453 1649 503 1726; x_wconf 78' lang='grc' dir='ltr'>γὰρ</span> <span class='ocrx_word' id='word_1_203' title='bbox 522 1649 571 1706; x_wconf 82' lang='grc' dir='ltr'>εἰσί</span> <span class='ocrx_word' id='word_1_204' title='bbox 586 1649 639 1706; x_wconf 88' lang='grc' dir='ltr'>θεοί</span> <span class='ocrx_word' id='word_1_205' title='bbox 653 1651 682 1707; x_wconf 77' lang='lat' dir='ltr'>oti</span> <span class='ocrx_word' id='word_1_206' title='bbox 699 1648 813 1724; x_wconf 72' lang='grc' dir='ltr'>δύναμαι</span> <span class='ocrx_word' id='word_1_207' title='bbox 834 1649 894 1730; x_wconf 80' lang='grc' dir='ltr'>περὶ</span> <span class='ocrx_word' id='word_1_208' title='bbox 910 1652 994 1710; x_wconf 83' lang='grc' dir='ltr'>αὐτῶν</span> <span class='ocrx_word' id='word_1_209' title='bbox 1044 1656 1164 1734; x_wconf 84' lang='grc' dir='ltr'>φέρουσι,</span> <span class='ocrx_word' id='word_1_210' title='bbox 1181 1654 1225 1714; x_wconf 85' lang='grc' dir='ltr'>καὶ</span> <span class='ocrx_word' id='word_1_211' title='bbox 1245 1656 1269 1714; x_wconf 84' lang='grc' dir='ltr'>οἱ</span> <span class='ocrx_word' id='word_1_212' title='bbox 1281 1655 1400 1734; x_wconf 85' lang='grc' dir='ltr'>ἔμπειροι</span> <span class='ocrx_word' id='word_1_213' title='bbox 1409 1659 1461 1714; x_wconf 83' lang='grc' dir='ltr'>τῶν</span> <span class='ocrx_word' id='word_1_214' title='bbox 1475 1657 1599 1736; x_wconf 82' lang='grc' dir='ltr'>ἀπείρων·</span> <span class='ocrx_word' id='word_1_215' title='bbox 1616 1657 1670 1724; x_wconf 80' lang='grc' dir='ltr'>καί,</span> <span class='ocrx_word' id='word_1_216' title='bbox 1682 1657 1724 1716; x_wconf 88' lang='grc' dir='ltr'>διδι</span> <span class='ocrx_word' id='word_1_217' title='bbox 1735 1666 1820 1719; x_wconf 72' lang='grc' dir='ltr'>τούτο·</span> 
     </span>
     <span class='ocr_line' id='line_1_15' title="bbox 218 1737 1817 1822; baseline 0.005 -26"><span class='ocrx_word' id='word_1_218' title='bbox 218 1739 311 1816; x_wconf 89' lang='grc' dir='ltr'>λέγειν,</span> <span class='ocrx_word' id='word_1_219' title='bbox 327 1738 385 1797; x_wconf 84' lang='grc' dir='ltr'>οὔτε</span> <span class='ocrx_word' id='word_1_220' title='bbox 407 1739 491 1796; x_wconf 84' lang='grc' dir='ltr'>ὁποῖοί</span> <span class='ocrx_word' id='word_1_221' title='bbox 506 1740 556 1794; x_wconf 81' lang='grc' dir='ltr'>εἶσι</span> <span class='ocrx_word' id='word_1_222' title='bbox 572 1738 699 1808; x_wconf 81' lang='grc' dir='ltr'>δηλῶσαι·</span> <span class='ocrx_word' id='word_1_223' title='bbox 717 1737 805 1795; x_wconf 79' lang='grc' dir='ltr'>πολλὰ</span> <span class='ocrx_word' id='word_1_224' title='bbox 823 1739 877 1817; x_wconf 87' lang='grc' dir='ltr'>γοίρ</span> <span class='ocrx_word' id='word_1_225' title='bbox 892 1742 947 1797; x_wconf 79' lang='grc' dir='ltr'>ἐστι</span> <span class='ocrx_word' id='word_1_226' title='bbox 962 1739 995 1798; x_wconf 74' lang='lat' dir='ltr'>cd</span> <span class='ocrx_word' id='word_1_227' title='bbox 1044 1743 1144 1816; x_wconf 78' lang='grc' dir='ltr'>μᾶλλον</span> <span class='ocrx_word' id='word_1_228' title='bbox 1159 1751 1257 1822; x_wconf 73' lang='grc' dir='ltr'>προορᾷ</span> <span class='ocrx_word' id='word_1_229' title='bbox 1279 1741 1309 1800; x_wconf 87' lang='grc' dir='ltr'>τδ</span> <span class='ocrx_word' id='word_1_230' title='bbox 1332 1742 1427 1818; x_wconf 85' lang='grc' dir='ltr'>μέλλον</span> <span class='ocrx_word' id='word_1_231' title='bbox 1443 1741 1548 1803; x_wconf 85' lang='grc' dir='ltr'>ἔσεσθαι</span> <span class='ocrx_word' id='word_1_232' title='bbox 1570 1742 1732 1822; x_wconf 78' lang='grc' dir='ltr'>κυθερνήτης</span> <span class='ocrx_word' id='word_1_233' title='bbox 1741 1790 1750 1822; x_wconf 94' lang='grc'>,</span> <span class='ocrx_word' id='word_1_234' title='bbox 1771 1747 1817 1804; x_wconf 82' lang='grc' dir='ltr'>καί</span> 
     </span>
     <span class='ocr_line' id='line_1_16' title="bbox 218 1824 1818 1910; baseline 0.003 -22"><span class='ocrx_word' id='word_1_235' title='bbox 218 1828 353 1890; x_wconf 83' lang='grc' dir='ltr'>κωλύοντά</span> <span class='ocrx_word' id='word_1_236' title='bbox 375 1849 418 1902; x_wconf 88' lang='grc' dir='ltr'>με.</span> <span class='ocrx_word' id='word_1_237' title='bbox 435 1826 498 1886; x_wconf 82' lang='lat' dir='ltr'>Vid.</span> <span class='ocrx_word' id='word_1_238' title='bbox 516 1827 624 1884; x_wconf 84' lang='lat' dir='ltr'>Philos.</span> <span class='ocrx_word' id='word_1_239' title='bbox 640 1826 732 1884; x_wconf 80' lang='lat' dir='ltr'>Graec.</span> <span class='ocrx_word' id='word_1_240' title='bbox 751 1825 862 1901; x_wconf 80' lang='lat' dir='ltr'>Fragm.</span> <span class='ocrx_word' id='word_1_241' title='bbox 882 1827 940 1886; x_wconf 91' lang='grc' dir='ltr'>νοΙ.</span> <span class='ocrx_word' id='word_1_242' title='bbox 958 1826 995 1894; x_wconf 87' lang='grc' dir='ltr'>ΙΙ,</span> <span class='ocrx_word' id='word_1_243' title='bbox 1043 1830 1145 1909; x_wconf 82' lang='grc' dir='ltr'>ἰατρός,</span> <span class='ocrx_word' id='word_1_244' title='bbox 1160 1831 1205 1890; x_wconf 84' lang='grc' dir='ltr'>καί</span> <span class='ocrx_word' id='word_1_245' title='bbox 1217 1829 1373 1910; x_wconf 88' lang='grc' dir='ltr'>στρατηγός.</span> <span class='ocrx_word' id='word_1_246' title='bbox 1387 1830 1489 1899; x_wconf 81' lang='grc' dir='ltr'>Ἁπλῶς</span> <span class='ocrx_word' id='word_1_247' title='bbox 1500 1855 1528 1890; x_wconf 88' lang='grc' dir='ltr'>τε</span> <span class='ocrx_word' id='word_1_248' title='bbox 1541 1834 1689 1910; x_wconf 78' lang='grc' dir='ltr'>ἀναιροῦσιν</span> <span class='ocrx_word' id='word_1_249' title='bbox 1704 1824 1773 1894; x_wconf 70' lang='grc' dir='ltr'>οὗτοί</span> <span class='ocrx_word' id='word_1_250' title='bbox 1789 1859 1818 1910; x_wconf 91' lang='grc' dir='ltr'>γε</span> 
     </span>
     <span class='ocr_line' id='line_1_17' title="bbox 218 1910 1820 1998; baseline 0.005 -24"><span class='ocrx_word' id='word_1_251' title='bbox 218 1938 247 1994; x_wconf 92' lang='lat' dir='ltr'>p.</span> <span class='ocrx_word' id='word_1_252' title='bbox 265 1919 318 1974; x_wconf 80' lang='lat'>130</span> <span class='ocrx_word' id='word_1_253' title='bbox 329 1917 392 1992; x_wconf 73' lang='lat' dir='ltr'>sq.)</span> <span class='ocrx_word' id='word_1_254' title='bbox 1042 1918 1072 1978; x_wconf 83' lang='grc' dir='ltr'>τθ</span> <span class='ocrx_word' id='word_1_255' title='bbox 1087 1921 1186 1995; x_wconf 72' lang='grc' dir='ltr'>μᾶλλον</span> <span class='ocrx_word' id='word_1_256' title='bbox 1202 1918 1247 1976; x_wconf 87' lang='grc' dir='ltr'>καί</span> <span class='ocrx_word' id='word_1_257' title='bbox 1263 1917 1294 1977; x_wconf 79' lang='grc' dir='ltr'>τό</span> <span class='ocrx_word' id='word_1_258' title='bbox 1304 1910 1400 1997; x_wconf 71' lang='grc' dir='ltr'>ἧττον,</span> <span class='ocrx_word' id='word_1_259' title='bbox 1422 1920 1467 1978; x_wconf 78' lang='grc' dir='ltr'>καί</span> <span class='ocrx_word' id='word_1_260' title='bbox 1486 1919 1516 1978; x_wconf 73' lang='lat' dir='ltr'>cd</span> <span class='ocrx_word' id='word_1_261' title='bbox 1535 1919 1560 1988; x_wconf 75' lang='grc' dir='ltr'>ἐξ</span> <span class='ocrx_word' id='word_1_262' title='bbox 1581 1921 1713 1998; x_wconf 74' lang='grc' dir='ltr'>ἀνάγκης,</span> <span class='ocrx_word' id='word_1_263' title='bbox 1729 1921 1774 1980; x_wconf 83' lang='grc' dir='ltr'>καὶ</span> <span class='ocrx_word' id='word_1_264' title='bbox 1788 1925 1820 1983; x_wconf 71' lang='lat' dir='ltr'>riu</span> 
     </span>
    </p>

    <p class='ocr_par' dir='ltr' id='par_1_5' title="bbox 217 2001 1818 2967">
     <span class='ocr_line' id='line_1_18' title="bbox 260 2001 1816 2089; baseline 0.003 -23"><span class='ocrx_word' id='word_1_265' title='bbox 260 2025 283 2064; x_wconf 76' lang='grc' dir='ltr'>θ.</span> <span class='ocrx_word' id='word_1_266' title='bbox 301 2002 430 2081; x_wconf 70' lang='grc' dir='ltr'>Γεγόνασι</span> <span class='ocrx_word' id='word_1_267' title='bbox 447 2002 475 2060; x_wconf 71' lang='grc' dir='ltr'>δέ</span> <span class='ocrx_word' id='word_1_268' title='bbox 487 2024 570 2075; x_wconf 63' lang='grc' dir='ltr'>τινες,</span> <span class='ocrx_word' id='word_1_269' title='bbox 584 2003 607 2058; x_wconf 73' lang='grc' dir='ltr'>οἵ</span> <span class='ocrx_word' id='word_1_270' title='bbox 625 2001 754 2068; x_wconf 68' lang='grc' dir='ltr'>ἀξιοῦντες</span> <span class='ocrx_word' id='word_1_271' title='bbox 771 2004 803 2078; x_wconf 66' lang='grc' dir='ltr'>τῇ</span> <span class='ocrx_word' id='word_1_272' title='bbox 820 2001 939 2073; x_wconf 69' lang='grc' dir='ltr'>αίσθθσεῑ</span> <span class='ocrx_word' id='word_1_273' title='bbox 949 2002 994 2060; x_wconf 73' lang='grc' dir='ltr'>καί</span> <span class='ocrx_word' id='word_1_274' title='bbox 1042 2007 1224 2087; x_wconf 77' lang='grc' dir='ltr'>ἐνδεχόμενον,</span> <span class='ocrx_word' id='word_1_275' title='bbox 1239 2007 1284 2066; x_wconf 84' lang='grc' dir='ltr'>καί</span> <span class='ocrx_word' id='word_1_276' title='bbox 1301 2007 1332 2066; x_wconf 88' lang='grc' dir='ltr'>τδ</span> <span class='ocrx_word' id='word_1_277' title='bbox 1345 2007 1413 2066; x_wconf 88' lang='grc' dir='ltr'>κατδι</span> <span class='ocrx_word' id='word_1_278' title='bbox 1429 2006 1523 2088; x_wconf 91' lang='grc' dir='ltr'>φύσιν,</span> <span class='ocrx_word' id='word_1_279' title='bbox 1540 2007 1585 2066; x_wconf 89' lang='grc' dir='ltr'>καί</span> <span class='ocrx_word' id='word_1_280' title='bbox 1600 2007 1630 2068; x_wconf 80' lang='grc' dir='ltr'>τό</span> <span class='ocrx_word' id='word_1_281' title='bbox 1644 2008 1716 2087; x_wconf 73' lang='grc' dir='ltr'>παρὰ</span> <span class='ocrx_word' id='word_1_282' title='bbox 1727 2008 1816 2089; x_wconf 91' lang='grc' dir='ltr'>φύσιν.</span> 
     </span>
     <span class='ocr_line' id='line_1_19' title="bbox 218 2087 1818 2176; baseline 0.003 -26"><span class='ocrx_word' id='word_1_283' title='bbox 218 2101 275 2158; x_wconf 88' lang='grc' dir='ltr'>ταῖς</span> <span class='ocrx_word' id='word_1_284' title='bbox 293 2091 449 2174; x_wconf 79' lang='grc' dir='ltr'>φαντασίαις</span> <span class='ocrx_word' id='word_1_285' title='bbox 459 2088 549 2166; x_wconf 88' lang='grc' dir='ltr'>μόναις</span> <span class='ocrx_word' id='word_1_286' title='bbox 561 2089 611 2145; x_wconf 85' lang='grc' dir='ltr'>δεῖν</span> <span class='ocrx_word' id='word_1_287' title='bbox 629 2087 772 2150; x_wconf 87' lang='grc' dir='ltr'>πιστεύειν.</span> <span class='ocrx_word' id='word_1_288' title='bbox 789 2089 876 2149; x_wconf 82' lang='grc' dir='ltr'>Ἔνιοι</span> <span class='ocrx_word' id='word_1_289' title='bbox 889 2089 916 2147; x_wconf 89' lang='grc' dir='ltr'>δέ</span> <span class='ocrx_word' id='word_1_290' title='bbox 931 2112 994 2170; x_wconf 89' lang='grc' dir='ltr'>φασι</span> <span class='ocrx_word' id='word_1_291' title='bbox 1042 2095 1121 2154; x_wconf 59' lang='lat' dir='ltr'>onitu</span> <span class='ocrx_word' id='word_1_292' title='bbox 1136 2096 1158 2152; x_wconf 86' lang='grc' dir='ltr'>δ’</span> <span class='ocrx_word' id='word_1_293' title='bbox 1176 2093 1206 2153; x_wconf 87' lang='grc' dir='ltr'>διν</span> <span class='ocrx_word' id='word_1_294' title='bbox 1223 2094 1265 2166; x_wconf 81' lang='grc' dir='ltr'>τίη</span> <span class='ocrx_word' id='word_1_295' title='bbox 1276 2094 1370 2154; x_wconf 86' lang='grc' dir='ltr'>ταθτδν</span> <span class='ocrx_word' id='word_1_296' title='bbox 1384 2095 1429 2154; x_wconf 82' lang='grc' dir='ltr'>καὶ</span> <span class='ocrx_word' id='word_1_297' title='bbox 1444 2093 1472 2154; x_wconf 86' lang='grc' dir='ltr'>δν</span> <span class='ocrx_word' id='word_1_298' title='bbox 1490 2094 1535 2156; x_wconf 82' lang='grc' dir='ltr'>καί</span> <span class='ocrx_word' id='word_1_299' title='bbox 1549 2097 1596 2155; x_wconf 88' lang='grc' dir='ltr'>οιίκ</span> <span class='ocrx_word' id='word_1_300' title='bbox 1610 2097 1648 2156; x_wconf 85' lang='grc' dir='ltr'>όν.</span> <span class='ocrx_word' id='word_1_301' title='bbox 1666 2098 1750 2156; x_wconf 86' lang='grc' dir='ltr'>Οὐδὲν</span> <span class='ocrx_word' id='word_1_302' title='bbox 1764 2098 1818 2176; x_wconf 80' lang='grc' dir='ltr'>γδιρ</span> 
     </span>
     <span class='ocr_line' id='line_1_20' title="bbox 220 2175 1816 2261; baseline 0.001 -23"><span class='ocrx_word' id='word_1_303' title='bbox 220 2181 265 2240; x_wconf 84' lang='grc' dir='ltr'>καὶ</span> <span class='ocrx_word' id='word_1_304' title='bbox 292 2181 335 2238; x_wconf 86' lang='grc' dir='ltr'>τδν</span> <span class='ocrx_word' id='word_1_305' title='bbox 353 2175 479 2255; x_wconf 83' lang='grc' dir='ltr'>Ὅμηρον</span> <span class='ocrx_word' id='word_1_306' title='bbox 508 2177 666 2236; x_wconf 82' lang='grc' dir='ltr'>αἰνίττεσθαι</span> <span class='ocrx_word' id='word_1_307' title='bbox 694 2177 723 2234; x_wconf 83' lang='grc' dir='ltr'>τὸ</span> <span class='ocrx_word' id='word_1_308' title='bbox 745 2181 862 2248; x_wconf 81' lang='grc' dir='ltr'>τοιοῦτο,</span> <span class='ocrx_word' id='word_1_309' title='bbox 885 2178 992 2237; x_wconf 82' lang='grc' dir='ltr'>πόντων</span> <span class='ocrx_word' id='word_1_310' title='bbox 1043 2181 1138 2242; x_wconf 83' lang='grc' dir='ltr'>κωλύει</span> <span class='ocrx_word' id='word_1_311' title='bbox 1153 2181 1250 2258; x_wconf 83' lang='grc' dir='ltr'>ταύτό,</span> <span class='ocrx_word' id='word_1_312' title='bbox 1271 2190 1324 2250; x_wconf 88' lang='grc' dir='ltr'>τοῖς</span> <span class='ocrx_word' id='word_1_313' title='bbox 1346 2182 1393 2260; x_wconf 76' lang='grc' dir='ltr'>μὲν</span> <span class='ocrx_word' id='word_1_314' title='bbox 1410 2175 1476 2240; x_wconf 74' lang='grc' dir='ltr'>εἶναι</span> <span class='ocrx_word' id='word_1_315' title='bbox 1493 2182 1647 2261; x_wconf 86' lang='grc' dir='ltr'>φαίνεσθαι,</span> <span class='ocrx_word' id='word_1_316' title='bbox 1665 2183 1718 2249; x_wconf 86' lang='grc' dir='ltr'>τοῖς</span> <span class='ocrx_word' id='word_1_317' title='bbox 1733 2181 1761 2242; x_wconf 85' lang='grc' dir='ltr'>δὲ</span> <span class='ocrx_word' id='word_1_318' title='bbox 1778 2185 1816 2257; x_wconf 82' lang='grc' dir='ltr'>μὴ</span> 
     </span>
     <span class='ocr_line' id='line_1_21' title="bbox 219 2261 1815 2350; baseline 0.001 -22"><span class='ocrx_word' id='word_1_319' title='bbox 219 2267 397 2348; x_wconf 76' lang='grc' dir='ltr'>ἀποφαίνοντα</span> <span class='ocrx_word' id='word_1_320' title='bbox 420 2266 463 2324; x_wconf 80' lang='grc' dir='ltr'>τὸν</span> <span class='ocrx_word' id='word_1_321' title='bbox 485 2265 610 2324; x_wconf 77' lang='grc' dir='ltr'>Ὠκεανὸν</span> <span class='ocrx_word' id='word_1_322' title='bbox 631 2264 735 2344; x_wconf 77' lang='grc' dir='ltr'>ἀρχήν,</span> <span class='ocrx_word' id='word_1_323' title='bbox 756 2269 790 2332; x_wconf 80' lang='grc' dir='ltr'>ὡς</span> <span class='ocrx_word' id='word_1_324' title='bbox 811 2268 837 2324; x_wconf 78' lang='grc' dir='ltr'>ἐν</span> <span class='ocrx_word' id='word_1_325' title='bbox 850 2265 922 2346; x_wconf 78' lang='grc' dir='ltr'>ῥύσει</span> <span class='ocrx_word' id='word_1_326' title='bbox 940 2271 992 2326; x_wconf 82' lang='grc' dir='ltr'>τῶν</span> <span class='ocrx_word' id='word_1_327' title='bbox 1042 2261 1118 2332; x_wconf 71' lang='grc' dir='ltr'>εἶναι.</span> <span class='ocrx_word' id='word_1_328' title='bbox 1137 2271 1192 2332; x_wconf 74' lang='grc' dir='ltr'>Καὶ</span> <span class='ocrx_word' id='word_1_329' title='bbox 1207 2271 1288 2330; x_wconf 85' lang='grc' dir='ltr'>ταύτθ</span> <span class='ocrx_word' id='word_1_330' title='bbox 1304 2270 1334 2329; x_wconf 80' lang='grc' dir='ltr'>δν</span> <span class='ocrx_word' id='word_1_331' title='bbox 1355 2270 1396 2340; x_wconf 84' lang='grc' dir='ltr'>εἴη</span> <span class='ocrx_word' id='word_1_332' title='bbox 1419 2271 1552 2350; x_wconf 79' lang='grc' dir='ltr'>ἄνθρωπος</span> <span class='ocrx_word' id='word_1_333' title='bbox 1573 2271 1617 2330; x_wconf 81' lang='grc' dir='ltr'>καί</span> <span class='ocrx_word' id='word_1_334' title='bbox 1632 2270 1718 2338; x_wconf 77' lang='grc' dir='ltr'>ξύλον.</span> <span class='ocrx_word' id='word_1_335' title='bbox 1735 2268 1815 2330; x_wconf 64' lang='lat' dir='ltr'>&#39;lien</span> 
     </span>
     <span class='ocr_line' id='line_1_22' title="bbox 221 2353 1818 2438; baseline 0 -21"><span class='ocrx_word' id='word_1_336' title='bbox 221 2359 385 2438; x_wconf 82' lang='grc' dir='ltr'>πραγμάτων</span> <span class='ocrx_word' id='word_1_337' title='bbox 405 2355 498 2418; x_wconf 72' lang='grc' dir='ltr'>ὄντων.</span> <span class='ocrx_word' id='word_1_338' title='bbox 517 2355 572 2416; x_wconf 81' lang='grc' dir='ltr'>Καὶ</span> <span class='ocrx_word' id='word_1_339' title='bbox 588 2353 639 2433; x_wconf 80' lang='grc' dir='ltr'>μὴν</span> <span class='ocrx_word' id='word_1_340' title='bbox 653 2354 696 2413; x_wconf 87' lang='grc' dir='ltr'>καί</span> <span class='ocrx_word' id='word_1_341' title='bbox 714 2355 891 2433; x_wconf 84' lang='grc' dir='ltr'>Μητρόδωρος</span> <span class='ocrx_word' id='word_1_342' title='bbox 902 2359 916 2414; x_wconf 81' lang='grc' dir='ltr'>ὁ</span> <span class='ocrx_word' id='word_1_343' title='bbox 929 2357 994 2425; x_wconf 85' lang='grc' dir='ltr'>Χῖος</span> <span class='ocrx_word' id='word_1_344' title='bbox 1041 2360 1083 2416; x_wconf 83' lang='grc' dir='ltr'>ὅτε</span> <span class='ocrx_word' id='word_1_345' title='bbox 1098 2357 1147 2436; x_wconf 81' lang='grc' dir='ltr'>γδρ</span> <span class='ocrx_word' id='word_1_346' title='bbox 1171 2357 1289 2437; x_wconf 86' lang='grc' dir='ltr'>φαίνεται</span> <span class='ocrx_word' id='word_1_347' title='bbox 1312 2357 1410 2432; x_wconf 84' lang='grc' dir='ltr'>ταύτό,</span> <span class='ocrx_word' id='word_1_348' title='bbox 1427 2359 1493 2438; x_wconf 79' lang='grc' dir='ltr'>τῷδε</span> <span class='ocrx_word' id='word_1_349' title='bbox 1513 2357 1560 2433; x_wconf 78' lang='grc' dir='ltr'>μέν</span> <span class='ocrx_word' id='word_1_350' title='bbox 1582 2357 1732 2437; x_wconf 80' lang='grc' dir='ltr'>ἅνθρωπος,</span> <span class='ocrx_word' id='word_1_351' title='bbox 1748 2361 1818 2438; x_wconf 77' lang='grc' dir='ltr'>τῷδε</span> 
     </span>
     <span class='ocr_line' id='line_1_23' title="bbox 219 2441 1818 2524; baseline 0 -18"><span class='ocrx_word' id='word_1_352' title='bbox 219 2445 509 2522; x_wconf 76' lang='grc' dir='ltr'>τθαύτθτούτολέγει.</span> <span class='ocrx_word' id='word_1_353' title='bbox 534 2445 573 2504; x_wconf 84' lang='grc' dir='ltr'>Οὐ</span> <span class='ocrx_word' id='word_1_354' title='bbox 590 2442 642 2516; x_wconf 81' lang='grc' dir='ltr'>μὴν</span> <span class='ocrx_word' id='word_1_355' title='bbox 656 2445 714 2500; x_wconf 84' lang='grc' dir='ltr'>ἀλλ’</span> <span class='ocrx_word' id='word_1_356' title='bbox 731 2441 852 2522; x_wconf 83' lang='grc' dir='ltr'>ἄντικρύς</span> <span class='ocrx_word' id='word_1_357' title='bbox 868 2465 898 2520; x_wconf 92' lang='grc' dir='ltr'>γε</span> <span class='ocrx_word' id='word_1_358' title='bbox 917 2444 994 2522; x_wconf 83' lang='grc' dir='ltr'>Πριο-</span> <span class='ocrx_word' id='word_1_359' title='bbox 1043 2447 1067 2504; x_wconf 75' lang='grc' dir='ltr'>δὲ</span> <span class='ocrx_word' id='word_1_360' title='bbox 1081 2445 1166 2515; x_wconf 77' lang='grc' dir='ltr'>ξύλον.</span> <span class='ocrx_word' id='word_1_361' title='bbox 1209 2445 1292 2511; x_wconf 73' lang='grc' dir='ltr'>Ἅπας</span> <span class='ocrx_word' id='word_1_362' title='bbox 1312 2469 1340 2504; x_wconf 88' lang='grc' dir='ltr'>τε</span> <span class='ocrx_word' id='word_1_363' title='bbox 1354 2446 1429 2524; x_wconf 88' lang='grc' dir='ltr'>λόγος</span> <span class='ocrx_word' id='word_1_364' title='bbox 1446 2445 1544 2517; x_wconf 78' lang='grc' dir='ltr'>ἀληθὴς</span> <span class='ocrx_word' id='word_1_365' title='bbox 1558 2445 1589 2505; x_wconf 84' lang='grc' dir='ltr'>θν</span> <span class='ocrx_word' id='word_1_366' title='bbox 1607 2445 1657 2518; x_wconf 78' lang='grc' dir='ltr'>εἴη·</span> <span class='ocrx_word' id='word_1_367' title='bbox 1671 2447 1712 2506; x_wconf 82' lang='grc' dir='ltr'>διδ</span> <span class='ocrx_word' id='word_1_368' title='bbox 1738 2452 1818 2506; x_wconf 77' lang='grc' dir='ltr'>τοῦτο</span> 
     </span>
     <span class='ocr_line' id='line_1_24' title="bbox 218 2521 1817 2617; baseline -0.001 -21"><span class='ocrx_word' id='word_1_369' title='bbox 218 2543 330 2617; x_wconf 76' lang='grc' dir='ltr'>ταγὸρας</span> <span class='ocrx_word' id='word_1_370' title='bbox 358 2542 371 2596; x_wconf 87' lang='grc' dir='ltr'>δ</span> <span class='ocrx_word' id='word_1_371' title='bbox 395 2533 559 2614; x_wconf 71' lang='grc' dir='ltr'>’λέδηρίτης</span> <span class='ocrx_word' id='word_1_372' title='bbox 587 2525 736 2610; x_wconf 78' lang='grc' dir='ltr'>Οθτοςγδρ</span> <span class='ocrx_word' id='word_1_373' title='bbox 752 2531 800 2610; x_wconf 81' lang='grc' dir='ltr'>ἔφη</span> <span class='ocrx_word' id='word_1_374' title='bbox 816 2531 910 2609; x_wconf 84' lang='grc' dir='ltr'>μέτρον</span> <span class='ocrx_word' id='word_1_375' title='bbox 929 2521 994 2590; x_wconf 73' lang='grc' dir='ltr'>εἶναι</span> <span class='ocrx_word' id='word_1_376' title='bbox 1042 2535 1070 2592; x_wconf 82' lang='grc' dir='ltr'>δὲ</span> <span class='ocrx_word' id='word_1_377' title='bbox 1089 2534 1251 2613; x_wconf 75' lang='grc' dir='ltr'>καίψευάής.</span> <span class='ocrx_word' id='word_1_378' title='bbox 1298 2534 1350 2594; x_wconf 83' lang='grc' dir='ltr'>Καί</span> <span class='ocrx_word' id='word_1_379' title='bbox 1369 2539 1392 2593; x_wconf 80' lang='grc' dir='ltr'>οἱ</span> <span class='ocrx_word' id='word_1_380' title='bbox 1408 2535 1590 2613; x_wconf 81' lang='grc' dir='ltr'>βουλευόμενοι</span> <span class='ocrx_word' id='word_1_381' title='bbox 1604 2535 1649 2593; x_wconf 87' lang='grc' dir='ltr'>καί</span> <span class='ocrx_word' id='word_1_382' title='bbox 1668 2535 1817 2605; x_wconf 74' lang='grc' dir='ltr'>δικάζοντες</span> 
     </span>
     <span class='ocr_line' id='line_1_25' title="bbox 217 2616 1818 2702; baseline -0.001 -20"><span class='ocrx_word' id='word_1_383' title='bbox 217 2624 320 2682; x_wconf 85' lang='grc' dir='ltr'>πάντων</span> <span class='ocrx_word' id='word_1_384' title='bbox 332 2622 478 2702; x_wconf 84' lang='grc' dir='ltr'>χρημάτων</span> <span class='ocrx_word' id='word_1_385' title='bbox 499 2620 544 2679; x_wconf 87' lang='grc' dir='ltr'>τδν</span> <span class='ocrx_word' id='word_1_386' title='bbox 558 2621 701 2698; x_wconf 82' lang='grc' dir='ltr'>ἄνθρωπον·</span> <span class='ocrx_word' id='word_1_387' title='bbox 714 2623 765 2677; x_wconf 82' lang='grc' dir='ltr'>τῶν</span> <span class='ocrx_word' id='word_1_388' title='bbox 783 2616 830 2694; x_wconf 79' lang='grc' dir='ltr'>μὲν</span> <span class='ocrx_word' id='word_1_389' title='bbox 845 2617 944 2698; x_wconf 81' lang='grc' dir='ltr'>όντων,</span> <span class='ocrx_word' id='word_1_390' title='bbox 958 2623 992 2686; x_wconf 71' lang='lat' dir='ltr'>lu</span> <span class='ocrx_word' id='word_1_391' title='bbox 1040 2624 1087 2680; x_wconf 84' lang='grc' dir='ltr'>οὐκ</span> <span class='ocrx_word' id='word_1_392' title='bbox 1110 2623 1140 2680; x_wconf 81' lang='grc' dir='ltr'>θν</span> <span class='ocrx_word' id='word_1_393' title='bbox 1168 2623 1251 2702; x_wconf 75' lang='grc' dir='ltr'>ἔχοιεν</span> <span class='ocrx_word' id='word_1_394' title='bbox 1276 2619 1347 2681; x_wconf 78' lang='grc' dir='ltr'>οὐδὲν</span> <span class='ocrx_word' id='word_1_395' title='bbox 1372 2626 1466 2683; x_wconf 85' lang='grc' dir='ltr'>ποιεῖν.</span> <span class='ocrx_word' id='word_1_396' title='bbox 1519 2621 1571 2682; x_wconf 82' lang='grc' dir='ltr'>Καὶ</span> <span class='ocrx_word' id='word_1_397' title='bbox 1596 2621 1626 2680; x_wconf 86' lang='grc' dir='ltr'>τδ</span> <span class='ocrx_word' id='word_1_398' title='bbox 1651 2623 1818 2698; x_wconf 83' lang='grc' dir='ltr'>δεινότατον,</span> 
     </span>
     <span class='ocr_line' id='line_1_26' title="bbox 218 2705 1814 2790; baseline -0.002 -18"><span class='ocrx_word' id='word_1_399' title='bbox 218 2714 282 2774; x_wconf 74' lang='grc' dir='ltr'>ἔστι·</span> <span class='ocrx_word' id='word_1_400' title='bbox 304 2715 354 2770; x_wconf 79' lang='grc' dir='ltr'>τῶν</span> <span class='ocrx_word' id='word_1_401' title='bbox 375 2710 456 2769; x_wconf 83' lang='grc' dir='ltr'>δὀὐκ</span> <span class='ocrx_word' id='word_1_402' title='bbox 470 2709 551 2768; x_wconf 84' lang='grc' dir='ltr'>ὄντων</span> <span class='ocrx_word' id='word_1_403' title='bbox 567 2754 575 2782; x_wconf 90' lang='grc'>,</span> <span class='ocrx_word' id='word_1_404' title='bbox 590 2713 626 2776; x_wconf 86' lang='grc' dir='ltr'>ὡς</span> <span class='ocrx_word' id='word_1_405' title='bbox 640 2711 688 2766; x_wconf 89' lang='grc' dir='ltr'>οὐκ</span> <span class='ocrx_word' id='word_1_406' title='bbox 702 2706 784 2767; x_wconf 84' lang='grc' dir='ltr'>ἔστιν.</span> <span class='ocrx_word' id='word_1_407' title='bbox 829 2705 927 2766; x_wconf 82' lang='grc' dir='ltr'>Ὀποῖα</span> <span class='ocrx_word' id='word_1_408' title='bbox 943 2707 994 2786; x_wconf 78' lang='grc' dir='ltr'>γὰρ</span> <span class='ocrx_word' id='word_1_409' title='bbox 1040 2711 1142 2769; x_wconf 86' lang='grc' dir='ltr'>ἔσονται</span> <span class='ocrx_word' id='word_1_410' title='bbox 1161 2715 1184 2770; x_wconf 78' lang='grc' dir='ltr'>οἱ</span> <span class='ocrx_word' id='word_1_411' title='bbox 1210 2711 1283 2770; x_wconf 77' lang='grc' dir='ltr'>αὐτοὶ</span> <span class='ocrx_word' id='word_1_412' title='bbox 1306 2713 1443 2770; x_wconf 86' lang='grc' dir='ltr'>σπουδαῖοι</span> <span class='ocrx_word' id='word_1_413' title='bbox 1460 2709 1504 2768; x_wconf 83' lang='grc' dir='ltr'>καὶ</span> <span class='ocrx_word' id='word_1_414' title='bbox 1520 2709 1659 2790; x_wconf 85' lang='grc' dir='ltr'>μοχθηροί·</span> <span class='ocrx_word' id='word_1_415' title='bbox 1674 2710 1814 2770; x_wconf 79' lang='grc' dir='ltr'>καὶταῦτὸ</span> 
     </span>
     <span class='ocr_line' id='line_1_27' title="bbox 218 2786 1816 2880; baseline -0.003 -20"><span class='ocrx_word' id='word_1_416' title='bbox 218 2801 322 2879; x_wconf 78' lang='grc' dir='ltr'>ἑκάστῳ</span> <span class='ocrx_word' id='word_1_417' title='bbox 334 2799 454 2880; x_wconf 81' lang='grc' dir='ltr'>φαίνεται</span> <span class='ocrx_word' id='word_1_418' title='bbox 469 2798 502 2858; x_wconf 62' lang='lat' dir='ltr'>zi</span> <span class='ocrx_word' id='word_1_419' title='bbox 524 2798 686 2876; x_wconf 81' lang='grc' dir='ltr'>πράγματα,</span> <span class='ocrx_word' id='word_1_420' title='bbox 712 2801 820 2864; x_wconf 80' lang='grc' dir='ltr'>τοιαῦτα</span> <span class='ocrx_word' id='word_1_421' title='bbox 843 2795 888 2854; x_wconf 86' lang='grc' dir='ltr'>καὶ</span> <span class='ocrx_word' id='word_1_422' title='bbox 911 2786 988 2854; x_wconf 78' lang='grc' dir='ltr'>εἶναι.</span> <span class='ocrx_word' id='word_1_423' title='bbox 1040 2797 1119 2857; x_wconf 87' lang='grc' dir='ltr'>κακία</span> <span class='ocrx_word' id='word_1_424' title='bbox 1143 2797 1188 2856; x_wconf 82' lang='grc' dir='ltr'>καλ</span> <span class='ocrx_word' id='word_1_425' title='bbox 1203 2798 1294 2876; x_wconf 75' lang='grc' dir='ltr'>ἀρετή.</span> <span class='ocrx_word' id='word_1_426' title='bbox 1338 2798 1431 2858; x_wconf 76' lang='lat' dir='ltr'>notit</span> <span class='ocrx_word' id='word_1_427' title='bbox 1452 2796 1479 2856; x_wconf 77' lang='grc' dir='ltr'>δέ</span> <span class='ocrx_word' id='word_1_428' title='bbox 1494 2803 1603 2855; x_wconf 80' lang='grc' dir='ltr'>τοιαῦτα</span> <span class='ocrx_word' id='word_1_429' title='bbox 1628 2797 1673 2856; x_wconf 84' lang='grc' dir='ltr'>καί</span> <span class='ocrx_word' id='word_1_430' title='bbox 1689 2797 1759 2856; x_wconf 84' lang='grc' dir='ltr'>ἀλλα</span> <span class='ocrx_word' id='word_1_431' title='bbox 1777 2823 1816 2866; x_wconf 86' lang='grc' dir='ltr'>τις</span> 
     </span>
     <span class='ocr_line' id='line_1_28' title="bbox 219 2883 1817 2967; baseline -0.003 -21"><span class='ocrx_word' id='word_1_432' title='bbox 219 2889 286 2967; x_wconf 79' lang='grc' dir='ltr'>Περὶ</span> <span class='ocrx_word' id='word_1_433' title='bbox 308 2889 335 2944; x_wconf 79' lang='grc' dir='ltr'>δὲ</span> <span class='ocrx_word' id='word_1_434' title='bbox 349 2891 401 2946; x_wconf 85' lang='grc' dir='ltr'>τῶν</span> <span class='ocrx_word' id='word_1_435' title='bbox 418 2887 503 2944; x_wconf 82' lang='grc' dir='ltr'>ἄλλων</span> <span class='ocrx_word' id='word_1_436' title='bbox 526 2884 606 2961; x_wconf 84' lang='grc' dir='ltr'>μηδὲν</span> <span class='ocrx_word' id='word_1_437' title='bbox 632 2889 702 2958; x_wconf 77' lang='grc' dir='ltr'>ἡμᾶς</span> <span class='ocrx_word' id='word_1_438' title='bbox 724 2884 849 2944; x_wconf 86' lang='grc' dir='ltr'>δύνασθαι</span> <span class='ocrx_word' id='word_1_439' title='bbox 864 2884 1009 2963; x_wconf 85' lang='grc' dir='ltr'>διισχυρί--</span> <span class='ocrx_word' id='word_1_440' title='bbox 1040 2885 1070 2944; x_wconf 78' lang='grc' dir='ltr'>ἂν</span> <span class='ocrx_word' id='word_1_441' title='bbox 1098 2885 1155 2964; x_wconf 78' lang='grc' dir='ltr'>έγοι</span> <span class='ocrx_word' id='word_1_442' title='bbox 1179 2885 1276 2964; x_wconf 88' lang='grc' dir='ltr'>λέγειν.</span> <span class='ocrx_word' id='word_1_443' title='bbox 1331 2885 1416 2945; x_wconf 73' lang='lat' dir='ltr'>’ulit</span> <span class='ocrx_word' id='word_1_444' title='bbox 1439 2884 1489 2962; x_wconf 82' lang='grc' dir='ltr'>γδρ</span> <span class='ocrx_word' id='word_1_445' title='bbox 1516 2883 1589 2944; x_wconf 80' lang='grc' dir='ltr'>οὐδὲν</span> <span class='ocrx_word' id='word_1_446' title='bbox 1619 2885 1657 2943; x_wconf 86' lang='grc' dir='ltr'>δεῖ</span> <span class='ocrx_word' id='word_1_447' title='bbox 1688 2885 1817 2944; x_wconf 80' lang='grc' dir='ltr'>πλειόνων</span> 
     </span>
    </p>
   </div>
   <div class='ocr_carea' id='block_1_5' title="bbox 216 2969 993 3406">
    <p class='ocr_par' dir='ltr' id='par_1_6' title="bbox 216 2969 993 3406">
     <span class='ocr_line' id='line_1_29' title="bbox 218 2969 990 3052; baseline -0.004 -20"><span class='ocrx_word' id='word_1_448' title='bbox 218 2981 325 3033; x_wconf 81' lang='grc' dir='ltr'>οασθαι,</span> <span class='ocrx_word' id='word_1_449' title='bbox 343 2975 412 3052; x_wconf 82' lang='grc' dir='ltr'>Πρὸς</span> <span class='ocrx_word' id='word_1_450' title='bbox 427 2973 453 3032; x_wconf 73' lang='grc' dir='ltr'>δὲ</span> <span class='ocrx_word' id='word_1_451' title='bbox 469 2971 573 3038; x_wconf 84' lang='grc' dir='ltr'>τούτους</span> <span class='ocrx_word' id='word_1_452' title='bbox 587 2970 656 3030; x_wconf 81' lang='grc' dir='ltr'>εἴποι</span> <span class='ocrx_word' id='word_1_453' title='bbox 669 2994 707 3037; x_wconf 90' lang='grc' dir='ltr'>τις</span> <span class='ocrx_word' id='word_1_454' title='bbox 722 2969 753 3028; x_wconf 89' lang='grc' dir='ltr'>ἀν</span> <span class='ocrx_word' id='word_1_455' title='bbox 762 3013 771 3043; x_wconf 92' lang='grc'>,</span> <span class='ocrx_word' id='word_1_456' title='bbox 788 2970 805 3029; x_wconf 79' lang='grc' dir='ltr'>ἃ</span> <span class='ocrx_word' id='word_1_457' title='bbox 819 2969 864 3030; x_wconf 89' lang='grc' dir='ltr'>καί</span> <span class='ocrx_word' id='word_1_458' title='bbox 887 2973 900 3028; x_wconf 86' lang='grc' dir='ltr'>δ</span> <span class='ocrx_word' id='word_1_459' title='bbox 916 2972 990 3030; x_wconf 72' lang='lat' dir='ltr'>illut·</span> 
     </span>
     <span class='ocr_line' id='line_1_30' title="bbox 218 3059 993 3141; baseline -0.001 -21"><span class='ocrx_word' id='word_1_460' title='bbox 218 3087 269 3122; x_wconf 86' lang='grc' dir='ltr'>των</span> <span class='ocrx_word' id='word_1_461' title='bbox 286 3065 311 3120; x_wconf 84' lang='grc' dir='ltr'>ἐν</span> <span class='ocrx_word' id='word_1_462' title='bbox 327 3063 476 3141; x_wconf 76' lang='grc' dir='ltr'>θεαιτήτῳ·</span> <span class='ocrx_word' id='word_1_463' title='bbox 497 3064 599 3141; x_wconf 82' lang='grc' dir='ltr'>πρῶτον</span> <span class='ocrx_word' id='word_1_464' title='bbox 621 3061 687 3138; x_wconf 91' lang='grc' dir='ltr'>μέν,</span> <span class='ocrx_word' id='word_1_465' title='bbox 703 3061 729 3117; x_wconf 88' lang='grc' dir='ltr'>τί</span> <span class='ocrx_word' id='word_1_466' title='bbox 754 3059 850 3130; x_wconf 77' lang='grc' dir='ltr'>δήποτε</span> <span class='ocrx_word' id='word_1_467' title='bbox 871 3061 993 3119; x_wconf 87' lang='grc' dir='ltr'>τοιούτων</span> 
     </span>
     <span class='ocr_line' id='line_1_31' title="bbox 217 3139 992 3229; baseline -0.006 -19"><span class='ocrx_word' id='word_1_468' title='bbox 217 3176 247 3229; x_wconf 85' lang='grc' dir='ltr'>γε</span> <span class='ocrx_word' id='word_1_469' title='bbox 259 3150 290 3222; x_wconf 84' lang='grc' dir='ltr'>δὴ</span> <span class='ocrx_word' id='word_1_470' title='bbox 304 3153 356 3208; x_wconf 84' lang='grc' dir='ltr'>τῶν</span> <span class='ocrx_word' id='word_1_471' title='bbox 372 3148 535 3229; x_wconf 78' lang='grc' dir='ltr'>πραγμάτων</span> <span class='ocrx_word' id='word_1_472' title='bbox 557 3149 652 3219; x_wconf 81' lang='grc' dir='ltr'>ὄντων,</span> <span class='ocrx_word' id='word_1_473' title='bbox 678 3147 791 3221; x_wconf 82' lang='grc' dir='ltr'>ἠξίωσαν</span> <span class='ocrx_word' id='word_1_474' title='bbox 813 3139 878 3206; x_wconf 79' lang='grc' dir='ltr'>εἶναι</span> <span class='ocrx_word' id='word_1_475' title='bbox 899 3149 992 3228; x_wconf 79' lang='grc' dir='ltr'>μίτραν</span> 
     </span>
     <span class='ocr_line' id='line_1_32' title="bbox 217 3235 992 3315; baseline -0.006 -17"><span class='ocrx_word' id='word_1_476' title='bbox 217 3243 264 3310; x_wconf 74' lang='grc' dir='ltr'>τῆς</span> <span class='ocrx_word' id='word_1_477' title='bbox 280 3237 400 3308; x_wconf 82' lang='grc' dir='ltr'>ἀληθείας</span> <span class='ocrx_word' id='word_1_478' title='bbox 415 3235 458 3294; x_wconf 79' lang='grc' dir='ltr'>τθν</span> <span class='ocrx_word' id='word_1_479' title='bbox 474 3237 626 3315; x_wconf 80' lang='grc' dir='ltr'>ἄνθρωπον,</span> <span class='ocrx_word' id='word_1_480' title='bbox 643 3237 701 3296; x_wconf 80' lang='grc' dir='ltr'>ἀλλ’</span> <span class='ocrx_word' id='word_1_481' title='bbox 722 3236 750 3294; x_wconf 90' lang='grc' dir='ltr'>οὐ</span> <span class='ocrx_word' id='word_1_482' title='bbox 773 3239 888 3304; x_wconf 76' lang='grc' dir='ltr'>συνῆκαν</span> <span class='ocrx_word' id='word_1_483' title='bbox 905 3235 935 3294; x_wconf 84' lang='grc' dir='ltr'>τὸ</span> <span class='ocrx_word' id='word_1_484' title='bbox 949 3259 992 3293; x_wconf 91' lang='grc' dir='ltr'>κε-</span> 
     </span>
     <span class='ocr_line' id='line_1_33' title="bbox 216 3313 990 3406; baseline -0.004 -22"><span class='ocrx_word' id='word_1_485' title='bbox 216 3329 344 3406; x_wconf 81' lang='grc' dir='ltr'>φάλαιον;</span> <span class='ocrx_word' id='word_1_486' title='bbox 370 3324 458 3382; x_wconf 78' lang='grc' dir='ltr'>ἔπειτα</span> <span class='ocrx_word' id='word_1_487' title='bbox 471 3321 495 3381; x_wconf 77' lang='grc' dir='ltr'>δὲ</span> <span class='ocrx_word' id='word_1_488' title='bbox 513 3327 567 3390; x_wconf 86' lang='grc' dir='ltr'>πῶς</span> <span class='ocrx_word' id='word_1_489' title='bbox 581 3324 670 3400; x_wconf 85' lang='grc' dir='ltr'>ἔλεγον</span> <span class='ocrx_word' id='word_1_490' title='bbox 687 3313 753 3381; x_wconf 76' lang='grc' dir='ltr'>εἶναι</span> <span class='ocrx_word' id='word_1_491' title='bbox 768 3322 861 3403; x_wconf 76' lang='grc' dir='ltr'>σοφοὺς</span> <span class='ocrx_word' id='word_1_492' title='bbox 874 3326 990 3396; x_wconf 83' lang='grc' dir='ltr'>ἑαυτούς,</span> 
     </span>
    </p>
   </div>
   <div class='ocr_carea' id='block_1_6' title="bbox 209 3541 992 5026">
    <p class='ocr_par' dir='ltr' id='par_1_7' title="bbox 209 3541 992 5026">
     <span class='ocr_line' id='line_1_34' title="bbox 245 3541 991 3608; baseline -0.005 -12"><span class='ocrx_word' id='word_1_493' title='bbox 245 3552 267 3596; x_wconf 84' lang='grc'>5.</span> <span class='ocrx_word' id='word_1_494' title='bbox 286 3547 378 3606; x_wconf 80' lang='lat' dir='ltr'>Fuere,</span> <span class='ocrx_word' id='word_1_495' title='bbox 404 3544 500 3608; x_wconf 87' lang='lat' dir='ltr'>inquil,</span> <span class='ocrx_word' id='word_1_496' title='bbox 520 3541 630 3592; x_wconf 84' lang='lat' dir='ltr'>nonnulli</span> <span class='ocrx_word' id='word_1_497' title='bbox 657 3545 793 3606; x_wconf 72' lang='lat' dir='ltr'>proterea,</span> <span class='ocrx_word' id='word_1_498' title='bbox 812 3543 854 3606; x_wconf 90' lang='lat' dir='ltr'>qui</span> <span class='ocrx_word' id='word_1_499' title='bbox 878 3543 991 3593; x_wconf 79' lang='lat' dir='ltr'>sensibus</span> 
     </span>
     <span class='ocr_line' id='line_1_35' title="bbox 214 3629 988 3699; baseline -0.005 -13"><span class='ocrx_word' id='word_1_500' title='bbox 214 3637 310 3687; x_wconf 72' lang='lat' dir='ltr'>tanturn</span> <span class='ocrx_word' id='word_1_501' title='bbox 327 3636 404 3699; x_wconf 44' lang='lat' dir='ltr'>,atque</span> <span class='ocrx_word' id='word_1_502' title='bbox 421 3631 480 3682; x_wconf 88' lang='lat' dir='ltr'>visis</span> <span class='ocrx_word' id='word_1_503' title='bbox 506 3631 579 3683; x_wconf 85' lang='lat' dir='ltr'>tidem</span> <span class='ocrx_word' id='word_1_504' title='bbox 603 3629 767 3682; x_wconf 75' lang='lat' dir='ltr'>adhibendum</span> <span class='ocrx_word' id='word_1_505' title='bbox 788 3645 843 3681; x_wconf 85' lang='lat' dir='ltr'>esse</span> <span class='ocrx_word' id='word_1_506' title='bbox 865 3635 988 3695; x_wconf 79' lang='lat' dir='ltr'>putarent.</span> 
     </span>
     <span class='ocr_line' id='line_1_36' title="bbox 214 3719 992 3785; baseline -0.005 -11"><span class='ocrx_word' id='word_1_507' title='bbox 214 3728 264 3774; x_wconf 85' lang='lat' dir='ltr'>ttec</span> <span class='ocrx_word' id='word_1_508' title='bbox 275 3721 379 3784; x_wconf 83' lang='lat' dir='ltr'>desunt,</span> <span class='ocrx_word' id='word_1_509' title='bbox 395 3721 438 3785; x_wconf 88' lang='lat' dir='ltr'>qui</span> <span class='ocrx_word' id='word_1_510' title='bbox 451 3721 498 3772; x_wconf 80' lang='lat' dir='ltr'>tole</span> <span class='ocrx_word' id='word_1_511' title='bbox 510 3719 571 3784; x_wconf 87' lang='lat' dir='ltr'>quid</span> <span class='ocrx_word' id='word_1_512' title='bbox 583 3719 614 3770; x_wconf 81' lang='lat' dir='ltr'>ab</span> <span class='ocrx_word' id='word_1_513' title='bbox 623 3721 731 3770; x_wconf 85' lang='lat' dir='ltr'>Homero</span> <span class='ocrx_word' id='word_1_514' title='bbox 748 3719 853 3769; x_wconf 81' lang='lat' dir='ltr'>obscure</span> <span class='ocrx_word' id='word_1_515' title='bbox 873 3719 992 3785; x_wconf 78' lang='lat' dir='ltr'>signitica-</span> 
     </span>
     <span class='ocr_line' id='line_1_37' title="bbox 214 3810 990 3875; baseline -0.009 -10"><span class='ocrx_word' id='word_1_516' title='bbox 214 3819 268 3866; x_wconf 79' lang='lat' dir='ltr'>lunr</span> <span class='ocrx_word' id='word_1_517' title='bbox 281 3829 336 3865; x_wconf 87' lang='lat' dir='ltr'>esse</span> <span class='ocrx_word' id='word_1_518' title='bbox 351 3813 449 3873; x_wconf 82' lang='lat' dir='ltr'>dicent,</span> <span class='ocrx_word' id='word_1_519' title='bbox 463 3825 540 3875; x_wconf 83' lang='lat' dir='ltr'>quum</span> <span class='ocrx_word' id='word_1_520' title='bbox 557 3814 682 3861; x_wconf 82' lang='lat' dir='ltr'>Oceanum</span> <span class='ocrx_word' id='word_1_521' title='bbox 696 3823 778 3861; x_wconf 84' lang='lat' dir='ltr'>rerum</span> <span class='ocrx_word' id='word_1_522' title='bbox 794 3810 904 3860; x_wconf 83' lang='lat' dir='ltr'>omniurn</span> <span class='ocrx_word' id='word_1_523' title='bbox 921 3810 990 3873; x_wconf 85' lang='lat' dir='ltr'>prin-</span> 
     </span>
     <span class='ocr_line' id='line_1_38' title="bbox 212 3897 989 3966; baseline -0.009 -12"><span class='ocrx_word' id='word_1_524' title='bbox 212 3903 306 3966; x_wconf 84' lang='lat' dir='ltr'>cipinrn</span> <span class='ocrx_word' id='word_1_525' title='bbox 319 3902 425 3963; x_wconf 71' lang='lat' dir='ltr'>vocarit,</span> <span class='ocrx_word' id='word_1_526' title='bbox 444 3901 511 3964; x_wconf 88' lang='lat' dir='ltr'>quod</span> <span class='ocrx_word' id='word_1_527' title='bbox 527 3914 567 3950; x_wconf 88' lang='lat' dir='ltr'>res</span> <span class='ocrx_word' id='word_1_528' title='bbox 579 3899 651 3963; x_wconf 84' lang='lat' dir='ltr'>quosi</span> <span class='ocrx_word' id='word_1_529' title='bbox 664 3899 771 3949; x_wconf 87' lang='lat' dir='ltr'>llnminis</span> <span class='ocrx_word' id='word_1_530' title='bbox 784 3897 862 3948; x_wconf 87' lang='lat' dir='ltr'>inslor</span> <span class='ocrx_word' id='word_1_531' title='bbox 876 3897 989 3948; x_wconf 80' lang='lat' dir='ltr'>luberen-</span> 
     </span>
     <span class='ocr_line' id='line_1_39' title="bbox 212 3987 989 4051; baseline -0.005 -9"><span class='ocrx_word' id='word_1_532' title='bbox 212 3994 261 4042; x_wconf 85' lang='lat' dir='ltr'>tur.</span> <span class='ocrx_word' id='word_1_533' title='bbox 296 3991 360 4050; x_wconf 85' lang='lat' dir='ltr'>Quin</span> <span class='ocrx_word' id='word_1_534' title='bbox 373 3991 446 4042; x_wconf 81' lang='lat' dir='ltr'>etiarn</span> <span class='ocrx_word' id='word_1_535' title='bbox 464 3989 621 4041; x_wconf 76' lang='lat' dir='ltr'>Metrodorus</span> <span class='ocrx_word' id='word_1_536' title='bbox 636 3989 712 4039; x_wconf 75' lang='lat' dir='ltr'>Chius</span> <span class='ocrx_word' id='word_1_537' title='bbox 725 3987 772 4038; x_wconf 87' lang='lat' dir='ltr'>hoc</span> <span class='ocrx_word' id='word_1_538' title='bbox 790 3987 870 4051; x_wconf 87' lang='lat' dir='ltr'>ipsum</span> <span class='ocrx_word' id='word_1_539' title='bbox 891 4000 989 4038; x_wconf 80' lang='lat' dir='ltr'>asseve-</span> 
     </span>
     <span class='ocr_line' id='line_1_40' title="bbox 212 4075 990 4142; baseline -0.004 -13"><span class='ocrx_word' id='word_1_540' title='bbox 212 4083 268 4141; x_wconf 78' lang='lat' dir='ltr'>rat,</span> <span class='ocrx_word' id='word_1_541' title='bbox 284 4079 327 4129; x_wconf 82' lang='lat' dir='ltr'>sed</span> <span class='ocrx_word' id='word_1_542' title='bbox 340 4080 409 4142; x_wconf 80' lang='lat' dir='ltr'>plene</span> <span class='ocrx_word' id='word_1_543' title='bbox 422 4091 451 4128; x_wconf 84' lang='lat' dir='ltr'>ec</span> <span class='ocrx_word' id='word_1_544' title='bbox 462 4079 555 4128; x_wconf 87' lang='lat' dir='ltr'>diserte</span> <span class='ocrx_word' id='word_1_545' title='bbox 570 4081 715 4142; x_wconf 78' lang='lat' dir='ltr'>Protagoras</span> <span class='ocrx_word' id='word_1_546' title='bbox 729 4075 865 4127; x_wconf 77' lang='lat' dir='ltr'>Abderites.</span> <span class='ocrx_word' id='word_1_547' title='bbox 891 4078 916 4126; x_wconf 88' lang='lat' dir='ltr'>Is</span> <span class='ocrx_word' id='word_1_548' title='bbox 925 4076 990 4126; x_wconf 80' lang='lat' dir='ltr'>enirn</span> 
     </span>
     <span class='ocr_line' id='line_1_41' title="bbox 212 4165 986 4225; baseline -0.008 -5"><span class='ocrx_word' id='word_1_549' title='bbox 212 4168 321 4220; x_wconf 82' lang='lat' dir='ltr'>omniurn</span> <span class='ocrx_word' id='word_1_550' title='bbox 347 4179 430 4217; x_wconf 79' lang='lat' dir='ltr'>return</span> <span class='ocrx_word' id='word_1_551' title='bbox 453 4181 593 4218; x_wconf 81' lang='lat' dir='ltr'>mensuram</span> <span class='ocrx_word' id='word_1_552' title='bbox 619 4166 743 4217; x_wconf 80' lang='lat' dir='ltr'>honinem</span> <span class='ocrx_word' id='word_1_553' title='bbox 765 4180 821 4216; x_wconf 84' lang='lat' dir='ltr'>esse</span> <span class='ocrx_word' id='word_1_554' title='bbox 845 4165 986 4225; x_wconf 76' lang='lat' dir='ltr'>contendit3</span> 
     </span>
     <span class='ocr_line' id='line_1_42' title="bbox 212 4255 989 4318; baseline -0.009 -11"><span class='ocrx_word' id='word_1_555' title='bbox 212 4269 298 4307; x_wconf 79' lang='lat' dir='ltr'>carum</span> <span class='ocrx_word' id='word_1_556' title='bbox 310 4255 409 4318; x_wconf 87' lang='lat' dir='ltr'>quidem</span> <span class='ocrx_word' id='word_1_557' title='bbox 419 4267 475 4318; x_wconf 73' lang='lat' dir='ltr'>quo</span> <span class='ocrx_word' id='word_1_558' title='bbox 488 4256 602 4314; x_wconf 82' lang='lat' dir='ltr'>exstant,</span> <span class='ocrx_word' id='word_1_559' title='bbox 618 4257 646 4303; x_wconf 87' lang='lat' dir='ltr'>ut</span> <span class='ocrx_word' id='word_1_560' title='bbox 661 4255 725 4314; x_wconf 80' lang='lat' dir='ltr'>sint,</span> <span class='ocrx_word' id='word_1_561' title='bbox 741 4267 797 4316; x_wconf 76' lang='lat' dir='ltr'>quoe</span> <span class='ocrx_word' id='word_1_562' title='bbox 808 4265 868 4302; x_wconf 89' lang='lat' dir='ltr'>rero</span> <span class='ocrx_word' id='word_1_563' title='bbox 886 4267 934 4302; x_wconf 93' lang='lat' dir='ltr'>non</span> <span class='ocrx_word' id='word_1_564' title='bbox 944 4266 989 4302; x_wconf 79' lang='lat' dir='ltr'>ex·</span> 
     </span>
     <span class='ocr_line' id='line_1_43' title="bbox 212 4341 989 4404; baseline -0.008 -8"><span class='ocrx_word' id='word_1_565' title='bbox 212 4347 293 4404; x_wconf 78' lang='lat' dir='ltr'>stunt,</span> <span class='ocrx_word' id='word_1_566' title='bbox 307 4345 336 4392; x_wconf 87' lang='lat' dir='ltr'>ut</span> <span class='ocrx_word' id='word_1_567' title='bbox 346 4356 395 4392; x_wconf 92' lang='lat' dir='ltr'>nou</span> <span class='ocrx_word' id='word_1_568' title='bbox 408 4343 464 4392; x_wconf 84' lang='lat' dir='ltr'>sint.</span> <span class='ocrx_word' id='word_1_569' title='bbox 489 4343 583 4404; x_wconf 84' lang='lat' dir='ltr'>Quippe</span> <span class='ocrx_word' id='word_1_570' title='bbox 596 4343 780 4404; x_wconf 72' lang='lat' dir='ltr'>qualecunque</span> <span class='ocrx_word' id='word_1_571' title='bbox 795 4354 834 4390; x_wconf 85' lang='lat' dir='ltr'>res</span> <span class='ocrx_word' id='word_1_572' title='bbox 852 4341 989 4402; x_wconf 75' lang='lat' dir='ltr'>rideantur,</span> 
     </span>
     <span class='ocr_line' id='line_1_44' title="bbox 212 4427 988 4492; baseline -0.006 -9"><span class='ocrx_word' id='word_1_573' title='bbox 212 4433 274 4483; x_wconf 79' lang='lat' dir='ltr'>tales</span> <span class='ocrx_word' id='word_1_574' title='bbox 299 4434 323 4480; x_wconf 85' lang='lat' dir='ltr'>ei</span> <span class='ocrx_word' id='word_1_575' title='bbox 341 4443 404 4480; x_wconf 88' lang='lat' dir='ltr'>esse.</span> <span class='ocrx_word' id='word_1_576' title='bbox 448 4432 485 4479; x_wconf 90' lang='lat' dir='ltr'>De</span> <span class='ocrx_word' id='word_1_577' title='bbox 499 4427 595 4478; x_wconf 79' lang='lat' dir='ltr'>conteris</span> <span class='ocrx_word' id='word_1_578' title='bbox 619 4427 677 4478; x_wconf 86' lang='lat' dir='ltr'>nihil</span> <span class='ocrx_word' id='word_1_579' title='bbox 696 4441 740 4478; x_wconf 87' lang='lat' dir='ltr'>uos</span> <span class='ocrx_word' id='word_1_580' title='bbox 761 4441 833 4492; x_wconf 87' lang='lat' dir='ltr'>posse</span> <span class='ocrx_word' id='word_1_581' title='bbox 856 4429 988 4479; x_wconf 76' lang='lat' dir='ltr'>offirmare.</span> 
     </span>
     <span class='ocr_line' id='line_1_45' title="bbox 214 4515 988 4579; baseline -0.004 -10"><span class='ocrx_word' id='word_1_582' title='bbox 214 4518 309 4579; x_wconf 79' lang='lat' dir='ltr'>Quibus</span> <span class='ocrx_word' id='word_1_583' title='bbox 327 4519 416 4568; x_wconf 83' lang='lat' dir='ltr'>merito</span> <span class='ocrx_word' id='word_1_584' title='bbox 427 4517 512 4568; x_wconf 85' lang='lat' dir='ltr'>eadem</span> <span class='ocrx_word' id='word_1_585' title='bbox 528 4515 645 4578; x_wconf 77' lang='lat' dir='ltr'>objicias,</span> <span class='ocrx_word' id='word_1_586' title='bbox 657 4529 737 4579; x_wconf 77' lang='lat' dir='ltr'>qrraee</span> <span class='ocrx_word' id='word_1_587' title='bbox 751 4517 851 4566; x_wconf 75' lang='lat' dir='ltr'>Plutone</span> <span class='ocrx_word' id='word_1_588' title='bbox 863 4515 890 4565; x_wconf 89' lang='lat' dir='ltr'>in</span> <span class='ocrx_word' id='word_1_589' title='bbox 901 4515 988 4566; x_wconf 76' lang='lat' dir='ltr'>Thene-</span> 
     </span>
     <span class='ocr_line' id='line_1_46' title="bbox 211 4602 988 4672; baseline -0.012 -10"><span class='ocrx_word' id='word_1_590' title='bbox 211 4611 262 4662; x_wconf 91' lang='lat' dir='ltr'>leto</span> <span class='ocrx_word' id='word_1_591' title='bbox 274 4608 434 4672; x_wconf 80' lang='lat' dir='ltr'>disputantur</span> <span class='ocrx_word' id='word_1_592' title='bbox 449 4624 455 4654; x_wconf 76' lang='grc' dir='ltr'>ι</span> <span class='ocrx_word' id='word_1_593' title='bbox 472 4604 596 4667; x_wconf 85' lang='lat' dir='ltr'>Primum,</span> <span class='ocrx_word' id='word_1_594' title='bbox 608 4604 629 4653; x_wconf 87' lang='lat' dir='ltr'>si</span> <span class='ocrx_word' id='word_1_595' title='bbox 644 4617 684 4654; x_wconf 83' lang='lat' dir='ltr'>res</span> <span class='ocrx_word' id='word_1_596' title='bbox 699 4602 734 4654; x_wconf 83' lang='lat' dir='ltr'>lte</span> <span class='ocrx_word' id='word_1_597' title='bbox 745 4603 887 4664; x_wconf 72' lang='lat' dir='ltr'>senonem,</span> <span class='ocrx_word' id='word_1_598' title='bbox 903 4618 988 4668; x_wconf 83' lang='lat' dir='ltr'>quarn-</span> 
     </span>
     <span class='ocr_line' id='line_1_47' title="bbox 211 4691 987 4748; baseline -0.008 -2"><span class='ocrx_word' id='word_1_599' title='bbox 211 4697 295 4748; x_wconf 80' lang='lat' dir='ltr'>0luern</span> <span class='ocrx_word' id='word_1_600' title='bbox 311 4695 410 4748; x_wconf 69' lang='lat' dir='ltr'>nudem</span> <span class='ocrx_word' id='word_1_601' title='bbox 424 4695 547 4744; x_wconf 78' lang='lat' dir='ltr'>lromincrn</span> <span class='ocrx_word' id='word_1_602' title='bbox 561 4693 672 4744; x_wconf 80' lang='lat' dir='ltr'>veritatis</span> <span class='ocrx_word' id='word_1_603' title='bbox 682 4706 822 4744; x_wconf 72' lang='lat' dir='ltr'>morsuram</span> <span class='ocrx_word' id='word_1_604' title='bbox 840 4705 894 4743; x_wconf 85' lang='lat' dir='ltr'>esse</span> <span class='ocrx_word' id='word_1_605' title='bbox 903 4691 987 4742; x_wconf 84' lang='lat' dir='ltr'>volue-</span> 
     </span>
     <span class='ocr_line' id='line_1_48' title="bbox 211 4763 989 4850; baseline -0.005 -14"><span class='ocrx_word' id='word_1_606' title='bbox 211 4791 283 4850; x_wconf 87' lang='lat' dir='ltr'>runt,</span> <span class='ocrx_word' id='word_1_607' title='bbox 298 4784 419 4849; x_wconf 83' lang='lat' dir='ltr'>sedqund</span> <span class='ocrx_word' id='word_1_608' title='bbox 430 4784 479 4835; x_wconf 81' lang='lat' dir='ltr'>lroc</span> <span class='ocrx_word' id='word_1_609' title='bbox 495 4784 521 4834; x_wconf 94' lang='lat' dir='ltr'>in</span> <span class='ocrx_word' id='word_1_610' title='bbox 537 4763 625 4848; x_wconf 80' lang='lat' dir='ltr'>genere</span> <span class='ocrx_word' id='word_1_611' title='bbox 635 4783 708 4845; x_wconf 82' lang='lat' dir='ltr'>ceput</span> <span class='ocrx_word' id='word_1_612' title='bbox 720 4785 773 4844; x_wconf 87' lang='lat' dir='ltr'>est,</span> <span class='ocrx_word' id='word_1_613' title='bbox 792 4795 841 4831; x_wconf 85' lang='lat' dir='ltr'>nou</span> <span class='ocrx_word' id='word_1_614' title='bbox 854 4781 989 4832; x_wconf 78' lang='lat' dir='ltr'>viderunt?</span> 
     </span>
     <span class='ocr_line' id='line_1_49' title="bbox 209 4869 988 4938; baseline -0.009 -12"><span class='ocrx_word' id='word_1_615' title='bbox 209 4875 318 4936; x_wconf 80' lang='lat' dir='ltr'>Deinde,</span> <span class='ocrx_word' id='word_1_616' title='bbox 335 4873 377 4938; x_wconf 88' lang='lat' dir='ltr'>qui</span> <span class='ocrx_word' id='word_1_617' title='bbox 391 4887 418 4924; x_wconf 86' lang='lat' dir='ltr'>se</span> <span class='ocrx_word' id='word_1_618' title='bbox 432 4873 497 4937; x_wconf 88' lang='lat' dir='ltr'>ipsos</span> <span class='ocrx_word' id='word_1_619' title='bbox 516 4873 638 4936; x_wconf 80' lang='lat' dir='ltr'>sopientes</span> <span class='ocrx_word' id='word_1_620' title='bbox 650 4883 739 4920; x_wconf 78' lang='lat' dir='ltr'>nocere</span> <span class='ocrx_word' id='word_1_621' title='bbox 753 4873 891 4934; x_wconf 69' lang='lat' dir='ltr'>potuerunt¹</span> <span class='ocrx_word' id='word_1_622' title='bbox 904 4869 924 4918; x_wconf 93' lang='lat' dir='ltr'>si</span> <span class='ocrx_word' id='word_1_623' title='bbox 934 4869 988 4932; x_wconf 88' lang='lat' dir='ltr'>qui·</span> 
     </span>
     <span class='ocr_line' id='line_1_50' title="bbox 209 4956 989 5026; baseline -0.009 -13"><span class='ocrx_word' id='word_1_624' title='bbox 209 4959 269 5013; x_wconf 81' lang='lat' dir='ltr'>libet</span> <span class='ocrx_word' id='word_1_625' title='bbox 291 4962 336 5014; x_wconf 86' lang='lat' dir='ltr'>sihi</span> <span class='ocrx_word' id='word_1_626' title='bbox 357 4963 403 5026; x_wconf 88' lang='lat' dir='ltr'>ipsi</span> <span class='ocrx_word' id='word_1_627' title='bbox 415 4961 526 5013; x_wconf 84' lang='lat' dir='ltr'>veritatis</span> <span class='ocrx_word' id='word_1_628' title='bbox 541 4971 656 5010; x_wconf 81' lang='lat' dir='ltr'>mensure</span> <span class='ocrx_word' id='word_1_629' title='bbox 669 4961 726 5008; x_wconf 76' lang='lat' dir='ltr'>eet?</span> <span class='ocrx_word' id='word_1_630' title='bbox 736 4959 779 5008; x_wconf 85' lang='lat' dir='ltr'>cut</span> <span class='ocrx_word' id='word_1_631' title='bbox 791 4969 916 5019; x_wconf 84' lang='lat' dir='ltr'>‚quorsum</span> <span class='ocrx_word' id='word_1_632' title='bbox 929 4956 989 5007; x_wconf 83' lang='lat' dir='ltr'>elic·</span> 
     </span>
    </p>
   </div>
   <div class='ocr_carea' id='block_1_7' title="bbox 1039 2971 1818 3404">
    <p class='ocr_par' dir='ltr' id='par_1_8' title="bbox 1039 2971 1818 3404">
     <span class='ocr_line' id='line_1_51' title="bbox 1039 2971 1817 3052; baseline -0.005 -20"><span class='ocrx_word' id='word_1_633' title='bbox 1039 2973 1121 3050; x_wconf 84' lang='grc' dir='ltr'>λόγων</span> <span class='ocrx_word' id='word_1_634' title='bbox 1145 2973 1208 3052; x_wconf 76' lang='grc' dir='ltr'>πρὸς</span> <span class='ocrx_word' id='word_1_635' title='bbox 1231 2972 1291 3039; x_wconf 87' lang='grc' dir='ltr'>τοθς</span> <span class='ocrx_word' id='word_1_636' title='bbox 1315 2973 1353 3048; x_wconf 85' lang='grc' dir='ltr'>μὴ</span> <span class='ocrx_word' id='word_1_637' title='bbox 1379 2972 1511 3048; x_wconf 77' lang='grc' dir='ltr'>οἰομένους</span> <span class='ocrx_word' id='word_1_638' title='bbox 1535 2971 1605 3050; x_wconf 81' lang='grc' dir='ltr'>ἔχειν</span> <span class='ocrx_word' id='word_1_639' title='bbox 1627 2977 1686 3030; x_wconf 81' lang='grc' dir='ltr'>νοῦν</span> <span class='ocrx_word' id='word_1_640' title='bbox 1704 2971 1749 3030; x_wconf 87' lang='grc' dir='ltr'>καί</span> <span class='ocrx_word' id='word_1_641' title='bbox 1773 2975 1817 3030; x_wconf 81' lang='grc' dir='ltr'>λύ-</span> 
     </span>
     <span class='ocr_line' id='line_1_52' title="bbox 1039 3051 1817 3140; baseline -0.003 -22"><span class='ocrx_word' id='word_1_642' title='bbox 1039 3084 1092 3140; x_wconf 91' lang='grc' dir='ltr'>γον.</span> <span class='ocrx_word' id='word_1_643' title='bbox 1109 3051 1165 3120; x_wconf 75' lang='grc' dir='ltr'>Είθ</span> <span class='ocrx_word' id='word_1_644' title='bbox 1181 3061 1237 3132; x_wconf 79' lang='grc' dir='ltr'>ἑξῆς</span> <span class='ocrx_word' id='word_1_645' title='bbox 1253 3059 1375 3138; x_wconf 77' lang='grc' dir='ltr'>ἐπιλέγει·</span> <span class='ocrx_word' id='word_1_646' title='bbox 1396 3060 1452 3120; x_wconf 72' lang='lat' dir='ltr'>tusi</span> <span class='ocrx_word' id='word_1_647' title='bbox 1469 3060 1491 3118; x_wconf 84' lang='grc' dir='ltr'>δ’</span> <span class='ocrx_word' id='word_1_648' title='bbox 1506 3059 1545 3118; x_wconf 86' lang='grc' dir='ltr'>ἔτι</span> <span class='ocrx_word' id='word_1_649' title='bbox 1560 3065 1603 3118; x_wconf 79' lang='grc' dir='ltr'>νῦν</span> <span class='ocrx_word' id='word_1_650' title='bbox 1623 3057 1674 3118; x_wconf 82' lang='grc' dir='ltr'>εἶσί</span> <span class='ocrx_word' id='word_1_651' title='bbox 1690 3081 1775 3132; x_wconf 89' lang='grc' dir='ltr'>τινες,</span> <span class='ocrx_word' id='word_1_652' title='bbox 1792 3063 1817 3119; x_wconf 81' lang='grc' dir='ltr'>οἱ</span> 
     </span>
     <span class='ocr_line' id='line_1_53' title="bbox 1039 3147 1818 3226; baseline -0.005 -17"><span class='ocrx_word' id='word_1_653' title='bbox 1039 3160 1128 3210; x_wconf 75' lang='grc' dir='ltr'>πᾶσαν</span> <span class='ocrx_word' id='word_1_654' title='bbox 1142 3150 1260 3223; x_wconf 87' lang='grc' dir='ltr'>αἴσθησιν</span> <span class='ocrx_word' id='word_1_655' title='bbox 1275 3148 1320 3208; x_wconf 86' lang='grc' dir='ltr'>καί</span> <span class='ocrx_word' id='word_1_656' title='bbox 1337 3159 1423 3209; x_wconf 79' lang='grc' dir='ltr'>πᾶσαν</span> <span class='ocrx_word' id='word_1_657' title='bbox 1439 3149 1584 3226; x_wconf 83' lang='grc' dir='ltr'>φαντασίαν</span> <span class='ocrx_word' id='word_1_658' title='bbox 1600 3149 1684 3218; x_wconf 81' lang='grc' dir='ltr'>ἀληθῆ</span> <span class='ocrx_word' id='word_1_659' title='bbox 1698 3147 1818 3226; x_wconf 84' lang='grc' dir='ltr'>λέγοντες</span> 
     </span>
     <span class='ocr_line' id='line_1_54' title="bbox 1041 3229 1817 3316; baseline -0.006 -21"><span class='ocrx_word' id='word_1_660' title='bbox 1041 3229 1127 3310; x_wconf 76' lang='grc' dir='ltr'>εἶναι,</span> <span class='ocrx_word' id='word_1_661' title='bbox 1145 3239 1227 3316; x_wconf 83' lang='grc' dir='ltr'>μικρθ</span> <span class='ocrx_word' id='word_1_662' title='bbox 1241 3236 1287 3295; x_wconf 84' lang='grc' dir='ltr'>καί</span> <span class='ocrx_word' id='word_1_663' title='bbox 1302 3237 1361 3316; x_wconf 83' lang='grc' dir='ltr'>περί</span> <span class='ocrx_word' id='word_1_664' title='bbox 1376 3235 1475 3296; x_wconf 86' lang='grc' dir='ltr'>τούτων</span> <span class='ocrx_word' id='word_1_665' title='bbox 1490 3233 1614 3309; x_wconf 74' lang='grc' dir='ltr'>εἴπωμεν.</span> <span class='ocrx_word' id='word_1_666' title='bbox 1628 3233 1750 3296; x_wconf 80' lang='grc' dir='ltr'>Ἐοίκαοι</span> <span class='ocrx_word' id='word_1_667' title='bbox 1765 3233 1817 3312; x_wconf 71' lang='grc' dir='ltr'>γὰρ</span> 
     </span>
     <span class='ocr_line' id='line_1_55' title="bbox 1039 3315 1814 3404; baseline -0.003 -22"><span class='ocrx_word' id='word_1_668' title='bbox 1039 3315 1109 3382; x_wconf 72' lang='grc' dir='ltr'>οὗτοί</span> <span class='ocrx_word' id='word_1_669' title='bbox 1123 3348 1151 3402; x_wconf 86' lang='grc' dir='ltr'>γε</span> <span class='ocrx_word' id='word_1_670' title='bbox 1168 3324 1322 3394; x_wconf 86' lang='grc' dir='ltr'>δεδοικέναι,</span> <span class='ocrx_word' id='word_1_671' title='bbox 1338 3323 1440 3402; x_wconf 81' lang='grc' dir='ltr'>μήποτε</span> <span class='ocrx_word' id='word_1_672' title='bbox 1458 3325 1480 3382; x_wconf 83' lang='grc' dir='ltr'>εἰ</span> <span class='ocrx_word' id='word_1_673' title='bbox 1492 3325 1592 3404; x_wconf 83' lang='grc' dir='ltr'>ψευδεῖς</span> <span class='ocrx_word' id='word_1_674' title='bbox 1613 3323 1708 3382; x_wconf 80' lang='grc' dir='ltr'>εἴποιεν</span> <span class='ocrx_word' id='word_1_675' title='bbox 1723 3325 1814 3394; x_wconf 69' lang='lat' dir='ltr'>clodii·</span> 
     </span>
    </p>
   </div>
   <div class='ocr_carea' id='block_1_8' title="bbox 1033 3533 1817 5018">
    <p class='ocr_par' dir='ltr' id='par_1_9' title="bbox 1033 3533 1817 5018">
     <span class='ocr_line' id='line_1_56' title="bbox 1037 3533 1817 3609; baseline -0.003 -15"><span class='ocrx_word' id='word_1_676' title='bbox 1037 3545 1172 3609; x_wconf 77' lang='lat' dir='ltr'>spectavit,</span> <span class='ocrx_word' id='word_1_677' title='bbox 1187 3547 1273 3608; x_wconf 82' lang='lat' dir='ltr'>posteo</span> <span class='ocrx_word' id='word_1_678' title='bbox 1284 3543 1427 3594; x_wconf 81' lang='lat' dir='ltr'>recordatur</span> <span class='ocrx_word' id='word_1_679' title='bbox 1438 3581 1443 3606; x_wconf 87' lang='lat'>,</span> <span class='ocrx_word' id='word_1_680' title='bbox 1455 3543 1525 3592; x_wconf 85' lang='lat' dir='ltr'>norit</span> <span class='ocrx_word' id='word_1_681' title='bbox 1536 3533 1603 3593; x_wconf 78' lang='lat' dir='ltr'>illn&#39;rn</span> <span class='ocrx_word' id='word_1_682' title='bbox 1621 3543 1732 3606; x_wconf 82' lang='lat' dir='ltr'>prolecto</span> <span class='ocrx_word' id='word_1_683' title='bbox 1745 3580 1751 3604; x_wconf 92' lang='lat'>,</span> <span class='ocrx_word' id='word_1_684' title='bbox 1768 3557 1817 3592; x_wconf 82' lang='lat' dir='ltr'>nce</span> 
     </span>
     <span class='ocr_line' id='line_1_57' title="bbox 1037 3629 1816 3695; baseline -0.004 -12"><span class='ocrx_word' id='word_1_685' title='bbox 1037 3633 1234 3695; x_wconf 76' lang='lat' dir='ltr'>nuptusnuou</span> <span class='ocrx_word' id='word_1_686' title='bbox 1248 3631 1330 3682; x_wconf 80' lang='lat' dir='ltr'>sentit.</span> <span class='ocrx_word' id='word_1_687' title='bbox 1372 3631 1428 3680; x_wconf 82' lang='lat' dir='ltr'>iuro</span> <span class='ocrx_word' id='word_1_688' title='bbox 1446 3629 1466 3679; x_wconf 83' lang='lat' dir='ltr'>si</span> <span class='ocrx_word' id='word_1_689' title='bbox 1481 3643 1511 3680; x_wconf 81' lang='lat' dir='ltr'>cn</span> <span class='ocrx_word' id='word_1_690' title='bbox 1525 3629 1604 3680; x_wconf 88' lang='lat' dir='ltr'>oculis</span> <span class='ocrx_word' id='word_1_691' title='bbox 1617 3629 1722 3680; x_wconf 79' lang='lat' dir='ltr'>alterum</span> <span class='ocrx_word' id='word_1_692' title='bbox 1742 3629 1816 3680; x_wconf 83' lang='lat' dir='ltr'>etnu-</span> 
     </span>
     <span class='ocr_line' id='line_1_58' title="bbox 1036 3716 1815 3782; baseline -0.003 -12"><span class='ocrx_word' id='word_1_693' title='bbox 1036 3719 1110 3782; x_wconf 85' lang='lat' dir='ltr'>seril‚</span> <span class='ocrx_word' id='word_1_694' title='bbox 1133 3724 1209 3771; x_wconf 79' lang='lat' dir='ltr'>altero</span> <span class='ocrx_word' id='word_1_695' title='bbox 1228 3718 1345 3782; x_wconf 81' lang='lat' dir='ltr'>aspiciet,</span> <span class='ocrx_word' id='word_1_696' title='bbox 1368 3717 1433 3767; x_wconf 85' lang='lat' dir='ltr'>idern</span> <span class='ocrx_word' id='word_1_697' title='bbox 1452 3716 1526 3766; x_wconf 89' lang='lat' dir='ltr'>simul</span> <span class='ocrx_word' id='word_1_698' title='bbox 1546 3717 1644 3766; x_wconf 80' lang='lat' dir='ltr'>noverit</span> <span class='ocrx_word' id='word_1_699' title='bbox 1666 3717 1815 3782; x_wconf 79' lang='lat' dir='ltr'>ignoretque</span> 
     </span>
     <span class='ocr_line' id='line_1_59' title="bbox 1036 3801 1815 3876; baseline -0.001 -20"><span class='ocrx_word' id='word_1_700' title='bbox 1036 3821 1134 3858; x_wconf 80' lang='lat' dir='ltr'>necesse</span> <span class='ocrx_word' id='word_1_701' title='bbox 1146 3809 1192 3858; x_wconf 86' lang='lat' dir='ltr'>est.</span> <span class='ocrx_word' id='word_1_702' title='bbox 1226 3805 1263 3856; x_wconf 81' lang='lat' dir='ltr'>nd</span> <span class='ocrx_word' id='word_1_703' title='bbox 1278 3805 1347 3866; x_wconf 78' lang='lat' dir='ltr'>hue,</span> <span class='ocrx_word' id='word_1_704' title='bbox 1360 3805 1381 3855; x_wconf 85' lang='lat' dir='ltr'>si</span> <span class='ocrx_word' id='word_1_705' title='bbox 1394 3801 1460 3868; x_wconf 87' lang='lat' dir='ltr'>quod</span> <span class='ocrx_word' id='word_1_706' title='bbox 1475 3804 1681 3876; x_wconf 66' lang='lat' dir='ltr'>coquendum,</span> <span class='ocrx_word' id='word_1_707' title='bbox 1697 3805 1723 3855; x_wconf 86' lang='lat' dir='ltr'>id</span> <span class='ocrx_word' id='word_1_708' title='bbox 1739 3805 1815 3855; x_wconf 77' lang='grc' dir='ltr'>οῑὶειιι</span> 
     </span>
     <span class='ocr_line' id='line_1_60' title="bbox 1035 3892 1815 3957; baseline -0.004 -13"><span class='ocrx_word' id='word_1_709' title='bbox 1035 3908 1122 3946; x_wconf 82' lang='lat' dir='ltr'>rernm</span> <span class='ocrx_word' id='word_1_710' title='bbox 1142 3896 1195 3955; x_wconf 81' lang='lat' dir='ltr'>est,</span> <span class='ocrx_word' id='word_1_711' title='bbox 1213 3894 1334 3957; x_wconf 89' lang='lat' dir='ltr'>uobisque</span> <span class='ocrx_word' id='word_1_712' title='bbox 1350 3907 1408 3944; x_wconf 82' lang='lat' dir='ltr'>rere</span> <span class='ocrx_word' id='word_1_713' title='bbox 1430 3906 1478 3943; x_wconf 90' lang='lat' dir='ltr'>uon</span> <span class='ocrx_word' id='word_1_714' title='bbox 1490 3892 1620 3954; x_wconf 81' lang='lat' dir='ltr'>ridentur,</span> <span class='ocrx_word' id='word_1_715' title='bbox 1634 3905 1690 3957; x_wconf 77' lang='lat' dir='ltr'>que</span> <span class='ocrx_word' id='word_1_716' title='bbox 1711 3893 1743 3942; x_wconf 75' lang='lat' dir='ltr'>all</span> <span class='ocrx_word' id='word_1_717' title='bbox 1766 3893 1815 3944; x_wconf 87' lang='lat' dir='ltr'>illis</span> 
     </span>
     <span class='ocr_line' id='line_1_61' title="bbox 1036 3980 1811 4044; baseline -0.005 -10"><span class='ocrx_word' id='word_1_718' title='bbox 1036 3983 1165 4044; x_wconf 86' lang='lat' dir='ltr'>dicuntur,</span> <span class='ocrx_word' id='word_1_719' title='bbox 1180 3996 1267 4033; x_wconf 86' lang='lat' dir='ltr'>rerum</span> <span class='ocrx_word' id='word_1_720' title='bbox 1289 3983 1362 4033; x_wconf 86' lang='lat' dir='ltr'>simul</span> <span class='ocrx_word' id='word_1_721' title='bbox 1385 3985 1432 4032; x_wconf 89' lang='lat' dir='ltr'>ent</span> <span class='ocrx_word' id='word_1_722' title='bbox 1453 3981 1576 4032; x_wconf 79' lang='lat' dir='ltr'>hominem</span> <span class='ocrx_word' id='word_1_723' title='bbox 1598 3994 1679 4030; x_wconf 88' lang='lat' dir='ltr'>rernm</span> <span class='ocrx_word' id='word_1_724' title='bbox 1699 3980 1811 4031; x_wconf 85' lang='lat' dir='ltr'>omniurn</span> 
     </span>
     <span class='ocr_line' id='line_1_62' title="bbox 1035 4069 1814 4133; baseline -0.004 -11"><span class='ocrx_word' id='word_1_725' title='bbox 1035 4087 1084 4122; x_wconf 90' lang='lat' dir='ltr'>non</span> <span class='ocrx_word' id='word_1_726' title='bbox 1095 4085 1149 4122; x_wconf 83' lang='lat' dir='ltr'>esse</span> <span class='ocrx_word' id='word_1_727' title='bbox 1164 4083 1311 4122; x_wconf 79' lang='lat' dir='ltr'>mensuram.</span> <span class='ocrx_word' id='word_1_728' title='bbox 1345 4072 1399 4119; x_wconf 78' lang='lat' dir='ltr'>Jorn</span> <span class='ocrx_word' id='word_1_729' title='bbox 1411 4070 1452 4133; x_wconf 91' lang='lat' dir='ltr'>qui</span> <span class='ocrx_word' id='word_1_730' title='bbox 1465 4071 1544 4120; x_wconf 83' lang='lat' dir='ltr'>artem</span> <span class='ocrx_word' id='word_1_731' title='bbox 1562 4071 1676 4119; x_wconf 82' lang='lat' dir='ltr'>exercent</span> <span class='ocrx_word' id='word_1_732' title='bbox 1687 4069 1725 4118; x_wconf 86' lang='lat' dir='ltr'>rel</span> <span class='ocrx_word' id='word_1_733' title='bbox 1737 4069 1814 4119; x_wconf 75' lang='lat' dir='ltr'>aliem</span> 
     </span>
     <span class='ocr_line' id='line_1_63' title="bbox 1036 4156 1814 4224; baseline -0.005 -12"><span class='ocrx_word' id='word_1_734' title='bbox 1036 4173 1208 4224; x_wconf 78' lang='lat' dir='ltr'>quemcunque</span> <span class='ocrx_word' id='word_1_735' title='bbox 1218 4173 1271 4210; x_wconf 85' lang='lat' dir='ltr'>reru</span> <span class='ocrx_word' id='word_1_736' title='bbox 1281 4159 1406 4219; x_wconf 74' lang='lat' dir='ltr'>tractent,</span> <span class='ocrx_word' id='word_1_737' title='bbox 1420 4158 1474 4222; x_wconf 73' lang='lat' dir='ltr'>slus</span> <span class='ocrx_word' id='word_1_738' title='bbox 1484 4157 1521 4218; x_wconf 84' lang='lat' dir='ltr'>rei</span> <span class='ocrx_word' id='word_1_739' title='bbox 1536 4157 1663 4220; x_wconf 83' lang='lat' dir='ltr'>imperitos</span> <span class='ocrx_word' id='word_1_740' title='bbox 1674 4156 1814 4221; x_wconf 73' lang='lat' dir='ltr'>cognitione</span> 
     </span>
     <span class='ocr_line' id='line_1_64' title="bbox 1036 4245 1815 4314; baseline -0.008 -12"><span class='ocrx_word' id='word_1_741' title='bbox 1036 4249 1181 4314; x_wconf 79' lang='lat' dir='ltr'>precellunt</span> <span class='ocrx_word' id='word_1_742' title='bbox 1199 4267 1205 4298; x_wconf 75' lang='grc' dir='ltr'>ι</span> <span class='ocrx_word' id='word_1_743' title='bbox 1218 4260 1320 4309; x_wconf 75' lang='lat' dir='ltr'>eamque</span> <span class='ocrx_word' id='word_1_744' title='bbox 1333 4247 1475 4297; x_wconf 76' lang='lat' dir='ltr'>uticensem</span> <span class='ocrx_word' id='word_1_745' title='bbox 1487 4245 1645 4310; x_wconf 76' lang='lat' dir='ltr'>gubernator,</span> <span class='ocrx_word' id='word_1_746' title='bbox 1660 4245 1774 4310; x_wconf 76' lang='lat' dir='ltr'>rnedicus</span> <span class='ocrx_word' id='word_1_747' title='bbox 1788 4249 1815 4296; x_wconf 88' lang='lat' dir='ltr'>et</span> 
     </span>
     <span class='ocr_line' id='line_1_65' title="bbox 1035 4332 1814 4400; baseline -0.006 -12"><span class='ocrx_word' id='word_1_748' title='bbox 1035 4338 1177 4400; x_wconf 81' lang='lat' dir='ltr'>imperator,</span> <span class='ocrx_word' id='word_1_749' title='bbox 1192 4335 1254 4399; x_wconf 81' lang='lat' dir='ltr'>quid</span> <span class='ocrx_word' id='word_1_750' title='bbox 1274 4335 1385 4384; x_wconf 87' lang='lat' dir='ltr'>lutuuun</span> <span class='ocrx_word' id='word_1_751' title='bbox 1407 4333 1440 4384; x_wconf 84' lang='lat' dir='ltr'>sit</span> <span class='ocrx_word' id='word_1_752' title='bbox 1460 4333 1557 4384; x_wconf 84' lang='lat' dir='ltr'>clnrlus·</span> <span class='ocrx_word' id='word_1_753' title='bbox 1572 4332 1648 4382; x_wconf 78' lang='lat' dir='ltr'>intuto</span> <span class='ocrx_word' id='word_1_754' title='bbox 1670 4332 1814 4395; x_wconf 76' lang='lat' dir='ltr'>certiusque</span> 
     </span>
     <span class='ocr_line' id='line_1_66' title="bbox 1035 4421 1815 4490; baseline -0.004 -15"><span class='ocrx_word' id='word_1_755' title='bbox 1035 4425 1193 4490; x_wconf 87' lang='lat' dir='ltr'>prospiciunt.</span> <span class='ocrx_word' id='word_1_756' title='bbox 1228 4423 1273 4474; x_wconf 83' lang='lat' dir='ltr'>isti</span> <span class='ocrx_word' id='word_1_757' title='bbox 1296 4437 1355 4473; x_wconf 85' lang='lat' dir='ltr'>roro</span> <span class='ocrx_word' id='word_1_758' title='bbox 1367 4421 1490 4486; x_wconf 85' lang='lat' dir='ltr'>quidquid</span> <span class='ocrx_word' id='word_1_759' title='bbox 1510 4421 1536 4472; x_wconf 87' lang='lat' dir='ltr'>in</span> <span class='ocrx_word' id='word_1_760' title='bbox 1554 4433 1654 4485; x_wconf 88' lang='lat' dir='ltr'>quoque</span> <span class='ocrx_word' id='word_1_761' title='bbox 1667 4433 1755 4482; x_wconf 75' lang='lat' dir='ltr'>geuue</span> <span class='ocrx_word' id='word_1_762' title='bbox 1769 4424 1815 4472; x_wconf 84' lang='lat' dir='ltr'>oni</span> 
     </span>
     <span class='ocr_line' id='line_1_67' title="bbox 1035 4497 1814 4576; baseline -0.003 -14"><span class='ocrx_word' id='word_1_763' title='bbox 1035 4513 1111 4576; x_wconf 78' lang='lat' dir='ltr'>magis</span> <span class='ocrx_word' id='word_1_764' title='bbox 1130 4515 1173 4561; x_wconf 86' lang='lat' dir='ltr'>uui</span> <span class='ocrx_word' id='word_1_765' title='bbox 1187 4497 1274 4561; x_wconf 81' lang='lat' dir='ltr'>&#39;minus</span> <span class='ocrx_word' id='word_1_766' title='bbox 1291 4514 1343 4571; x_wconf 82' lang='lat' dir='ltr'>est,</span> <span class='ocrx_word' id='word_1_767' title='bbox 1366 4523 1439 4574; x_wconf 89' lang='lat' dir='ltr'>porro</span> <span class='ocrx_word' id='word_1_768' title='bbox 1459 4509 1495 4560; x_wconf 90' lang='lat' dir='ltr'>rei</span> <span class='ocrx_word' id='word_1_769' title='bbox 1513 4508 1658 4559; x_wconf 74' lang='grc' dir='ltr'>ιιοοεενοιθοε</span> <span class='ocrx_word' id='word_1_770' title='bbox 1673 4507 1764 4572; x_wconf 78' lang='lat' dir='ltr'>periton</span> <span class='ocrx_word' id='word_1_771' title='bbox 1788 4513 1814 4560; x_wconf 92' lang='lat' dir='ltr'>et</span> 
     </span>
     <span class='ocr_line' id='line_1_68' title="bbox 1035 4595 1816 4664; baseline -0.004 -12"><span class='ocrx_word' id='word_1_772' title='bbox 1035 4599 1169 4664; x_wconf 84' lang='lat' dir='ltr'>possibilis,</span> <span class='ocrx_word' id='word_1_773' title='bbox 1180 4599 1300 4650; x_wconf 77' lang='lat' dir='ltr'>naturalis</span> <span class='ocrx_word' id='word_1_774' title='bbox 1312 4598 1418 4662; x_wconf 85' lang='lat' dir='ltr'>denique</span> <span class='ocrx_word' id='word_1_775' title='bbox 1433 4601 1459 4648; x_wconf 85' lang='lat' dir='ltr'>et</span> <span class='ocrx_word' id='word_1_776' title='bbox 1471 4599 1686 4662; x_wconf 69' lang='lat' dir='ltr'>prosternationem</span> <span class='ocrx_word' id='word_1_777' title='bbox 1702 4595 1816 4650; x_wconf 75' lang='lat' dir='ltr'>acciden-</span> 
     </span>
     <span class='ocr_line' id='line_1_69' title="bbox 1034 4685 1817 4740; baseline -0.004 -1"><span class='ocrx_word' id='word_1_778' title='bbox 1034 4689 1066 4739; x_wconf 84' lang='lat' dir='ltr'>lis</span> <span class='ocrx_word' id='word_1_779' title='bbox 1077 4689 1210 4740; x_wconf 79' lang='lat' dir='ltr'>discrimen</span> <span class='ocrx_word' id='word_1_780' title='bbox 1222 4687 1320 4738; x_wconf 77' lang='lat' dir='ltr'>omnnio</span> <span class='ocrx_word' id='word_1_781' title='bbox 1335 4687 1432 4737; x_wconf 89' lang='lat' dir='ltr'>tollunt.</span> <span class='ocrx_word' id='word_1_782' title='bbox 1467 4685 1503 4736; x_wconf 86' lang='lat' dir='ltr'>lte</span> <span class='ocrx_word' id='word_1_783' title='bbox 1519 4698 1563 4736; x_wconf 86' lang='lat' dir='ltr'>ens</span> <span class='ocrx_word' id='word_1_784' title='bbox 1580 4687 1606 4735; x_wconf 91' lang='lat' dir='ltr'>el</span> <span class='ocrx_word' id='word_1_785' title='bbox 1617 4697 1667 4734; x_wconf 87' lang='lat' dir='ltr'>non</span> <span class='ocrx_word' id='word_1_786' title='bbox 1679 4697 1723 4734; x_wconf 88' lang='lat' dir='ltr'>eus</span> <span class='ocrx_word' id='word_1_787' title='bbox 1734 4697 1817 4736; x_wconf 82' lang='lat' dir='ltr'>unum</span> 
     </span>
     <span class='ocr_line' id='line_1_70' title="bbox 1034 4771 1815 4841; baseline -0.005 -14"><span class='ocrx_word' id='word_1_788' title='bbox 1034 4777 1150 4841; x_wconf 86' lang='lat' dir='ltr'>idemque</span> <span class='ocrx_word' id='word_1_789' title='bbox 1166 4776 1266 4827; x_wconf 86' lang='lat' dir='ltr'>luerint.</span> <span class='ocrx_word' id='word_1_790' title='bbox 1300 4775 1367 4826; x_wconf 80' lang='lat' dir='ltr'>Nihil</span> <span class='ocrx_word' id='word_1_791' title='bbox 1392 4774 1457 4825; x_wconf 90' lang='lat' dir='ltr'>enirn</span> <span class='ocrx_word' id='word_1_792' title='bbox 1483 4773 1578 4832; x_wconf 80' lang='lat' dir='ltr'>obstat,</span> <span class='ocrx_word' id='word_1_793' title='bbox 1599 4771 1732 4835; x_wconf 82' lang='lat' dir='ltr'>quominus</span> <span class='ocrx_word' id='word_1_794' title='bbox 1757 4772 1815 4823; x_wconf 81' lang='lat' dir='ltr'>eliis</span> 
     </span>
     <span class='ocr_line' id='line_1_71' title="bbox 1033 4859 1815 4927; baseline -0.008 -12"><span class='ocrx_word' id='word_1_795' title='bbox 1033 4865 1097 4916; x_wconf 82' lang='lat' dir='ltr'>idern</span> <span class='ocrx_word' id='word_1_796' title='bbox 1108 4902 1114 4927; x_wconf 86' lang='lat'>‚</span> <span class='ocrx_word' id='word_1_797' title='bbox 1127 4865 1182 4916; x_wconf 81' lang='lat' dir='ltr'>eliis</span> <span class='ocrx_word' id='word_1_798' title='bbox 1202 4877 1250 4915; x_wconf 92' lang='lat' dir='ltr'>non</span> <span class='ocrx_word' id='word_1_799' title='bbox 1264 4877 1319 4914; x_wconf 85' lang='lat' dir='ltr'>esse</span> <span class='ocrx_word' id='word_1_800' title='bbox 1334 4862 1456 4914; x_wconf 78' lang='lat' dir='ltr'>ridentur.</span> <span class='ocrx_word' id='word_1_801' title='bbox 1494 4864 1556 4923; x_wconf 71' lang='lat' dir='ltr'>lnuo</span> <span class='ocrx_word' id='word_1_802' title='bbox 1571 4861 1638 4910; x_wconf 87' lang='lat' dir='ltr'>idem</span> <span class='ocrx_word' id='word_1_803' title='bbox 1651 4862 1726 4910; x_wconf 84' lang='lat' dir='ltr'>erunt</span> <span class='ocrx_word' id='word_1_804' title='bbox 1737 4859 1815 4910; x_wconf 74' lang='lat' dir='ltr'>hnuto</span> 
     </span>
     <span class='ocr_line' id='line_1_72' title="bbox 1033 4947 1813 5018; baseline -0.009 -13"><span class='ocrx_word' id='word_1_805' title='bbox 1033 4955 1107 5017; x_wconf 84' lang='lat' dir='ltr'>utque</span> <span class='ocrx_word' id='word_1_806' title='bbox 1117 4951 1211 5018; x_wconf 77' lang='lat' dir='ltr'>lignurn</span> <span class='ocrx_word' id='word_1_807' title='bbox 1226 4968 1232 4998; x_wconf 80' lang='grc' dir='ltr'>ι</span> <span class='ocrx_word' id='word_1_808' title='bbox 1251 4951 1341 5018; x_wconf 86' lang='lat' dir='ltr'>quippe</span> <span class='ocrx_word' id='word_1_809' title='bbox 1354 4951 1420 5002; x_wconf 87' lang='lat' dir='ltr'>idem</span> <span class='ocrx_word' id='word_1_810' title='bbox 1440 4949 1511 5000; x_wconf 81' lang='lat' dir='ltr'>alleri</span> <span class='ocrx_word' id='word_1_811' title='bbox 1523 4961 1699 5012; x_wconf 80' lang='lat' dir='ltr'>nonnunquam</span> <span class='ocrx_word' id='word_1_812' title='bbox 1718 4947 1813 5008; x_wconf 82' lang='grc' dir='ltr'>Ιιονιιο,</span> 
     </span>
    </p>
   </div>
   <div class='ocr_carea' id='block_1_9' title="bbox 210 5037 1816 5378">
    <p class='ocr_par' dir='ltr' id='par_1_10' title="bbox 210 5037 1816 5378">
     <span class='ocr_line' id='line_1_73' title="bbox 210 5037 1816 5121; baseline -0.008 -20"><span class='ocrx_word' id='word_1_813' title='bbox 210 5051 398 5115; x_wconf 85' lang='lat' dir='ltr'>reprehendunt,</span> <span class='ocrx_word' id='word_1_814' title='bbox 411 5049 505 5114; x_wconf 84' lang='lat' dir='ltr'>siquod</span> <span class='ocrx_word' id='word_1_815' title='bbox 520 5049 609 5114; x_wconf 90' lang='lat' dir='ltr'>cuique</span> <span class='ocrx_word' id='word_1_816' title='bbox 620 5049 730 5112; x_wconf 80' lang='lat' dir='ltr'>apparet,</span> <span class='ocrx_word' id='word_1_817' title='bbox 740 5044 893 5121; x_wconf 16' lang='lat' dir='ltr'>idseontinuo</span> <span class='ocrx_word' id='word_1_818' title='bbox 901 5058 988 5096; x_wconf 80' lang='lat' dir='ltr'>reruni</span> <span class='ocrx_word' id='word_1_819' title='bbox 1033 5043 1104 5093; x_wconf 80' lang='lat' dir='ltr'>alleri</span> <span class='ocrx_word' id='word_1_820' title='bbox 1119 5041 1209 5106; x_wconf 81' lang='lat' dir='ltr'>lignum</span> <span class='ocrx_word' id='word_1_821' title='bbox 1222 5041 1329 5091; x_wconf 86' lang='lat' dir='ltr'>ridetur.</span> <span class='ocrx_word' id='word_1_822' title='bbox 1362 5043 1426 5091; x_wconf 79' lang='lat' dir='ltr'>llere</span> <span class='ocrx_word' id='word_1_823' title='bbox 1438 5053 1535 5103; x_wconf 77' lang='lat' dir='ltr'>qnoque</span> <span class='ocrx_word' id='word_1_824' title='bbox 1545 5037 1627 5089; x_wconf 78' lang='lat' dir='ltr'>omnic</span> <span class='ocrx_word' id='word_1_825' title='bbox 1635 5037 1716 5088; x_wconf 76' lang='lat' dir='ltr'>ontio</span> <span class='ocrx_word' id='word_1_826' title='bbox 1727 5037 1816 5088; x_wconf 75' lang='lat' dir='ltr'>tuton</span> 
     </span>
     <span class='ocr_line' id='line_1_74' title="bbox 210 5124 1813 5200; baseline -0.009 -10"><span class='ocrx_word' id='word_1_827' title='bbox 210 5140 362 5190; x_wconf 77' lang='lat' dir='ltr'>esttetcur</span> <span class='ocrx_word' id='word_1_828' title='bbox 382 5139 514 5200; x_wconf 76' lang='lat' dir='ltr'>nonnullo,</span> <span class='ocrx_word' id='word_1_829' title='bbox 527 5136 624 5188; x_wconf 73' lang='lat' dir='ltr'>etiamsi</span> <span class='ocrx_word' id='word_1_830' title='bbox 637 5135 729 5200; x_wconf 80' lang='lat' dir='ltr'>suptus</span> <span class='ocrx_word' id='word_1_831' title='bbox 747 5148 777 5187; x_wconf 80' lang='lat' dir='ltr'>ee</span> <span class='ocrx_word' id='word_1_832' title='bbox 790 5146 866 5186; x_wconf 83' lang='lat' dir='ltr'>sensu</span> <span class='ocrx_word' id='word_1_833' title='bbox 884 5133 986 5198; x_wconf 88' lang='lat' dir='ltr'>percipi·</span> <span class='ocrx_word' id='word_1_834' title='bbox 1032 5132 1084 5194; x_wconf 80' lang='lat' dir='ltr'>est,</span> <span class='ocrx_word' id='word_1_835' title='bbox 1103 5129 1207 5193; x_wconf 85' lang='lat' dir='ltr'>ideoque</span> <span class='ocrx_word' id='word_1_836' title='bbox 1220 5128 1281 5180; x_wconf 78' lang='lat' dir='ltr'>leisc</span> <span class='ocrx_word' id='word_1_837' title='bbox 1298 5129 1374 5179; x_wconf 83' lang='lat' dir='ltr'>etiem</span> <span class='ocrx_word' id='word_1_838' title='bbox 1393 5128 1472 5178; x_wconf 80' lang='grc' dir='ltr'>οοιιιίε</span> <span class='ocrx_word' id='word_1_839' title='bbox 1495 5127 1587 5178; x_wconf 72' lang='lat' dir='ltr'>tuturo</span> <span class='ocrx_word' id='word_1_840' title='bbox 1628 5124 1746 5178; x_wconf 77' lang='lat' dir='ltr'>Similiter</span> <span class='ocrx_word' id='word_1_841' title='bbox 1767 5131 1813 5190; x_wconf 81' lang='lat' dir='ltr'>qur</span> 
     </span>
     <span class='ocr_line' id='line_1_75' title="bbox 210 5211 1814 5290; baseline -0.006 -13"><span class='ocrx_word' id='word_1_842' title='bbox 210 5239 284 5287; x_wconf 83' lang='lat' dir='ltr'>mus,</span> <span class='ocrx_word' id='word_1_843' title='bbox 302 5223 383 5275; x_wconf 76' lang='lat' dir='ltr'>adhue</span> <span class='ocrx_word' id='word_1_844' title='bbox 398 5227 481 5277; x_wconf 74' lang='lat' dir='ltr'>temen</span> <span class='ocrx_word' id='word_1_845' title='bbox 500 5224 655 5290; x_wconf 74' lang='lat' dir='ltr'>ignoremus,</span> <span class='ocrx_word' id='word_1_846' title='bbox 676 5226 792 5288; x_wconf 86' lang='lat' dir='ltr'>utqnum</span> <span class='ocrx_word' id='word_1_847' title='bbox 813 5223 930 5277; x_wconf 73' lang='lat' dir='ltr'>burburus</span> <span class='ocrx_word' id='word_1_848' title='bbox 951 5223 987 5273; x_wconf 90' lang='lat' dir='ltr'>lo.</span> <span class='ocrx_word' id='word_1_849' title='bbox 1033 5218 1114 5283; x_wconf 82' lang='lat' dir='ltr'>alique</span> <span class='ocrx_word' id='word_1_850' title='bbox 1134 5219 1166 5270; x_wconf 91' lang='lat' dir='ltr'>de</span> <span class='ocrx_word' id='word_1_851' title='bbox 1186 5231 1214 5269; x_wconf 93' lang='lat' dir='ltr'>re</span> <span class='ocrx_word' id='word_1_852' title='bbox 1225 5220 1270 5268; x_wconf 79' lang='lat' dir='ltr'>eut</span> <span class='ocrx_word' id='word_1_853' title='bbox 1289 5215 1426 5269; x_wconf 79' lang='lat' dir='ltr'>deliberent</span> <span class='ocrx_word' id='word_1_854' title='bbox 1444 5217 1489 5266; x_wconf 82' lang='lat' dir='ltr'>out</span> <span class='ocrx_word' id='word_1_855' title='bbox 1506 5215 1638 5279; x_wconf 75' lang='lat' dir='ltr'>judicent,</span> <span class='ocrx_word' id='word_1_856' title='bbox 1660 5213 1722 5265; x_wconf 87' lang='lat' dir='ltr'>nihil</span> <span class='ocrx_word' id='word_1_857' title='bbox 1742 5211 1814 5278; x_wconf 77' lang='lat' dir='ltr'>quod</span> 
     </span>
     <span class='ocr_line' id='line_1_76' title="bbox 210 5301 1811 5378; baseline -0.006 -17"><span class='ocrx_word' id='word_1_858' title='bbox 210 5313 316 5378; x_wconf 83' lang='lat' dir='ltr'>quentes</span> <span class='ocrx_word' id='word_1_859' title='bbox 333 5308 464 5361; x_wconf 76' lang='lat' dir='ltr'>audurus?</span> <span class='ocrx_word' id='word_1_860' title='bbox 485 5311 607 5360; x_wconf 72' lang='lat' dir='ltr'>proterea</span> <span class='ocrx_word' id='word_1_861' title='bbox 624 5310 669 5374; x_wconf 84' lang='lat' dir='ltr'>qul</span> <span class='ocrx_word' id='word_1_862' title='bbox 687 5310 742 5374; x_wconf 74' lang='lat' dir='ltr'>eius</span> <span class='ocrx_word' id='word_1_863' title='bbox 762 5309 798 5362; x_wconf 87' lang='lat' dir='ltr'>rei</span> <span class='ocrx_word' id='word_1_864' title='bbox 820 5323 895 5375; x_wconf 82' lang='lat' dir='ltr'>quern</span> <span class='ocrx_word' id='word_1_865' title='bbox 915 5311 987 5360; x_wconf 77' lang='lat' dir='ltr'>antee</span> <span class='ocrx_word' id='word_1_866' title='bbox 1031 5307 1105 5371; x_wconf 78' lang='lat' dir='ltr'>egunt</span> <span class='ocrx_word' id='word_1_867' title='bbox 1130 5305 1262 5359; x_wconf 78' lang='grc' dir='ltr'>θαθοθιιοι.</span> <span class='ocrx_word' id='word_1_868' title='bbox 1305 5303 1426 5370; x_wconf 78' lang='lat' dir='ltr'>Quodque</span> <span class='ocrx_word' id='word_1_869' title='bbox 1454 5303 1526 5370; x_wconf 74' lang='lat' dir='ltr'>longe</span> <span class='ocrx_word' id='word_1_870' title='bbox 1552 5301 1725 5367; x_wconf 62' lang='lat' dir='ltr'>graminum</span> <span class='ocrx_word' id='word_1_871' title='bbox 1752 5301 1811 5365; x_wconf 78' lang='lat' dir='ltr'>eci,</span> 
     </span>
    </p>
   </div>
   <div class='ocr_carea' id='block_1_10' title="bbox 0 0 1984 5942">
    <p class='ocr_par' dir='ltr' id='par_1_11' title="bbox 0 0 1984 5942">
     <span class='ocr_line' id='line_1_77' title="bbox 0 0 1984 5942; baseline 0 3"><span class='ocrx_word' id='word_1_872' title='bbox 0 0 1984 5942; x_wconf 95' lang='lat' dir='ltr'> </span> 
     </span>
    </p>
   </div>
  </div>
 </body>
</html>
