3934 5956
392 327 444 390 ΠΕ
465 327 703 391 ARlS‘l'O'PELli
725 328 896 405 atUSQUh
918 331 1129 396 DISGlPULIS
1149 331 1199 393 ΕΤ
1220 332 1542 402 SUCGESSORIBUS.
1717 347 1778 407 θίλθ

169 477 341 538 temerant,
370 481 521 542 quumque
546 461 736 522 Attalicorum
757 483 858 541 regum
886 477 950 525 stu·
996 466 1118 544 legisse,
1146 467 1178 526 in
1199 486 1257 546 qua
1283 468 1418 548 plerique
1442 472 1609 533 Aristotelis
1633 490 1662 536 et
1683 477 1780 540 Theo-

169 554 251 613 dium
279 553 511 624 intellexissent,
531 551 641 630 quibus
667 551 784 630 Scepsis
810 553 949 632 parebat,
997 557 1108 634 phrasti
1148 559 1352 618 commentarii
1381 560 1620 636 inveniebantur,
1649 569 1779 628 nondum

168 643 408 722 conquirentium
423 641 518 720 libros
541 640 578 700 ad
599 641 800 701 instruendam
816 643 951 720 Pergami
980 649 1082 725 plaoe
1097 647 1188 723 vulgo
1203 649 1324 723 cogniti.
1344 631 1469 722 Ferunt',
1487 650 1599 729 inquit,
1619 673 1654 712 ea
1666 654 1779 716 biblio-

168 731 391 805 hihliothecam,
409 729 554 791 subterra
569 730 951 810 suosialossamquandam
997 735 1079 794 theca
1102 735 1223 794 Romam
1244 737 1356 816 perlata
1372 736 1594 816 Tyrannionem
1612 747 1780 818 grammati-

166 819 352 880 abdiderunt.
359 818 413 878 ibi
424 817 547 877 humore
556 830 586 877 et
596 817 682 876 tineis
692 819 811 878 vitiatos
823 821 949 896 tandem,
996 843 1061 881 cum
1087 824 1244 902 plerosque
1259 824 1353 885 libros
1368 828 1562 906 compilasse,
1578 829 1615 888 ab
1630 850 1665 889 eo
1685 847 1780 892 autem

166 912 216 986 qui
234 929 270 968 ex
284 929 318 968 ea
332 909 422 987 stirpe
436 919 539 978 erant,
555 907 720 966 Aristotelis
735 906 948 984 Theophrasti·
985 909 1133 988 ¹adeptum
1150 912 1335 990 exemplaria
1356 914 1558 975 Andronicum
1580 917 1725 979 Rhodium
1748 923 1780 981 in

165 1017 222 1076 que
238 997 328 1056 libros
342 995 520 1077 Apelliconti
535 994 608 1054 Teio
624 995 728 1072 grandi
743 998 867 1074 pecunia
878 1019 951 1058 ven-

164 1086 315 1159 diderunt.
334 1085 404 1145 Erat
415 1085 465 1142 ille
481 1084 614 1162 Apellico
628 1082 773 1142 librorum
788 1105 875 1163 quam
888 1089 952 1166 phi-

164 1173 307 1254 losophie
331 1173 508 1245 studiosior;
535 1173 637 1251 itaque
658 1192 842 1232 corrosorum
863 1179 952 1254 parti·

164 1265 297 1324 cularum
315 1263 531 1322 restitutionem
550 1281 699 1340 squameus,
712 1263 744 1321 in
761 1283 838 1324 nova
856 1263 950 1326 libros

164 1353 343 1430 cxcrnplaria
364 1351 566 1430 transcripsit,
585 1351 705 1411 lacunas
720 1372 781 1411 non
800 1366 879 1412 recte
899 1373 948 1412 ex-

164 1443 267 1518 plens,
285 1442 434 1520 ediditque
454 1441 548 1500 libros
569 1441 744 1502 mendorum
759 1443 873 1520 plenos.
891 1445 947 1502 Ac·

164 1531 236 1590 cidit
248 1531 448 1610 Peripateticis
463 1533 610 1608 antiquis,
627 1532 679 1606 qui
696 1543 764 1608 post
777 1530 948 1612 Theophra·

163 1633 241 1679 stum
256 1621 415 1692 vixerunt,
431 1640 521 1698 <quum
546 1620 669 1679 omnino
683 1620 770 1680 libris
786 1621 851 1680 istis
867 1643 947 1682 care-

162 1723 244 1788 rent,
278 1710 380 1789 paucis
416 1708 573 1785 duntaxat,
609 1711 758 1788 praecipue
791 1713 948 1774 exotericis

160 1803 306 1879 exceptis,
320 1813 353 1857 ut
366 1799 482 1858 nullum
497 1799 695 1878 philosophias
709 1813 796 1877 caput
815 1801 871 1858 rite
885 1822 948 1881 per-

161 1899 285 1946 tractare
304 1901 440 1966 possent,
456 1887 507 1946 sed
523 1888 552 1945 in
569 1887 702 1947 thesibus
716 1891 844 1948 oratorie
862 1909 946 1950 exor-

161 1975 264 2036 nandis
274 1984 481 2048 versarentur3
493 1976 707 2054 posterioribus
715 1977 751 2034 ah
760 1997 795 2035 eo
806 1991 946 2054 tempore,

161 2089 219 2145 quo
241 2067 314 2126 libri
332 2067 383 2125 isti
404 2066 549 2142 divulgati
575 2079 662 2140 sunt,
686 2067 803 2126 facilius
826 2069 944 2145 quidem

163 2158 218 2215 luit
230 2156 438 2236 philosophari
455 2168 484 2214 ct
498 2156 673 2214 Aristotelea
691 2155 825 2230 tradere,
840 2157 890 2215 sed
908 2158 947 2216 ob

163 2246 337 2306 mendorum
362 2243 583 2303 multitudinem
609 2243 790 2320 cogebantur
820 2245 947 2323 plurima

161 2337 248 2395 modo
268 2333 461 2415 probabiliter
483 2333 592 2392 dicere.
620 2333 746 2394 Multum
772 2331 831 2390 huc
856 2333 943 2391 etiam

163 2425 254 2484 lloma
269 2424 403 2484 cartrtulit.
418 2423 580 2482 Confestim
603 2423 681 2482 enim
699 2422 735 2480 ab
754 2421 946 2500 Apellicontis

161 2528 254 2573 morte
277 2512 359 2572 Sulla
382 2511 704 2572 urbe²Atheniensium
726 2512 837 2590 potitus
864 2512 946 2572 illius

159 2602 366 2662 bibliothecam
391 2603 521 2682 recepit3
539 2623 604 2680 quae
626 2620 717 2679 quum
740 2601 797 2659 huc
811 2614 886 2660 esset
902 2603 945 2660 al-

160 2691 232 2762 lata,
274 2689 427 2768 Tyrannio
464 2691 671 2766 grammaticus
710 2709 727 2748 a
761 2689 947 2750 bibliothecae

162 2777 297 2855 praelecto
316 2779 504 2856 impetrarit,
529 2793 562 2837 ut
590 2778 648 2837 sibi
671 2779 854 2837 voluminum
876 2799 946 2840 usus

161 2865 392 2942 permitteretur,
417 2866 507 2925 horno
531 2867 700 2925 Aristotelis
727 2865 893 2940 studiosus,
917 2881 946 2927 et

162 2954 305 3012 librorum
326 2954 496 3013 venditores
519 2954 674 3026 nonnulli,
693 2956 743 3032 qui
765 2956 880 3033 ineptos
896 2957 946 3016 ad-

160 3042 301 3101 hibebant
312 3043 463 3116 librarios,
475 3063 570 3122 neque
585 3063 649 3100 cum
661 3044 821 3120 exeruplari
837 3043 946 3104 descri-

160 3145 223 3209 ptas
247 3131 433 3191 membranas
449 3131 660 3210 comparandas
685 3129 846 3203 curabant,
865 3133 944 3210 quod

160 3220 403 3298 caeteris-quoque
414 3219 500 3278 libris
513 3219 636 3292 accidit,
653 3219 704 3297 qui
723 3233 755 3278 ut
770 3232 902 3298 prostent
916 3233 945 3279 ct

161 3309 259 3368 homae
272 3321 302 3367 et
317 3307 501 3366 Alexandriae
515 3307 735 3368 exscribuntur.

199 3398 272 3457 Cum
287 3397 343 3456 hoc
356 3397 417 3456 fere
427 3397 568 3455 consentit
582 3397 756 3454 Plutarchus
770 3396 807 3472 (9)
823 3415 944 3455 narrans

158 3487 289 3565 Sullam,
315 3498 505 3566 posteaquam
535 3485 660 3543 Athenas
687 3484 822 3553 venisset,
853 3485 944 3543 sacris

159 3575 305 3634 initiatum
320 3574 500 3651 Apelliconis
514 3573 581 3632 Teii
597 3573 804 3632 bibliothecam
821 3572 879 3631 sibi
892 3573 941 3631 dc·

157 3744 246 3799 Σύλλας
266 3743 312 3808 ἦρε
331 3742 395 3806 (leg.
413 3741 480 3804 είλε)
492 3744 536 3799 τὴν
555 3740 741 3799 Ἀπελλικῶντος
759 3742 942 3806 βιόλιοθήκηνό

155 3815 198 3871 τὰς
218 3813 314 3872 Ἀθήνας
329 3815 407 3863 ἑλών·
424 3815 496 3880 δεῦρο
516 3813 542 3862 δὲ
554 3815 714 3876 κομισθεῖσαν
733 3812 872 3877 Τυραννίων
887 3813 941 3861 τιό

156 3883 942 4020 tttth‘ssllletthllldiblathaimlille?

378 3991 382 4003 ·
487 3991 493 4016 ι

155 4025 254 4088 φαύλοις
270 4025 393 4090 χρώμενοι
414 4027 457 4075 καὶ
471 4025 517 4074 οὐκ
536 4025 737 4088 ἀντιόάλλοντες,
756 4025 816 4090 ὅπερ
841 4025 882 4073 καὶ
902 4023 942 4073 ἐπὶ

155 4099 205 4144 τῶν
221 4097 299 4168 ἄλλων
314 4095 443 4160 ουμόαίνει
453 4101 502 4146 τῶν
516 4098 548 4152 είς
559 4101 648 4161 πρᾶσιν
662 4097 820 4160 γραφομένων
833 4094 941 4159 βιθλίων,

156 4168 197 4216 καὶ
214 4167 299 4217 ἐνθάδε
319 4169 361 4217 καὶ
382 4168 407 4218 έν
432 4165 605 4232 Ἀλεξανδρείᾳ.
627 4191 658 4202 -
674 4169 704 4227 (9)
723 4166 874 4216 Plutarchus
895 4165 941 4215 vil.

155 4235 216 4286 Sull.
235 4249 287 4302 cap.
303 4243 333 4288 te
346 4239 458 4303 ἀναχθεὶς
471 4237 497 4287 θλ
511 4237 601 4295 πάσαις
615 4243 669 4296 ταῖς
681 4239 766 4288 ναυσὶν
779 4238 803 4295 ἐξ
824 4235 940 4300 Ἐφέσου,

155 4312 264 4370 τριταῖος
278 4307 303 4356 ἐν
315 4310 426 4374 Πειραιεῖ
438 4308 608 4372 καθωρμίσθη·
622 4309 664 4357 καὶ
675 4309 770 4370 μυηθεὶς
782 4309 870 4366 ἐξεῖλεν
885 4311 942 4358 eao-

156 4379 192 4440 τῷ
203 4379 246 4436 τήν
264 4375 431 4436 Ἀπελλίκωνσς
444 4383 488 4428 τοῦ
502 4379 757 4442 Τηίου-βιόλιοθήκην,
769 4379 793 4428 έν
807 4378 863 4442 deit
873 4380 941 4429 πλεῖ·

156 4464 206 4497 στα
219 4452 268 4496 τῶν
284 4447 464 4515 Ἀριστοτέλους
476 4449 518 4498 καὶ
532 4448 691 4514 Θεοφράστου
706 4449 804 4511 βιόλίων
816 4449 845 4510 ἦν
857 4487 863 4510 ,
873 4451 941 4500 οὔπω

155 4517 211 4569 τότε
224 4524 306 4584 σαφῶς
322 4521 488 4587 γνωριζόμενα
501 4524 552 4578 τοῖς
568 4521 674 4576 πολλοῖς.
688 4519 793 4582 Λέγεται
811 4520 855 4581 δέ,
868 4537 940 4584 κομι·

996 998 1124 1058 medium
1139 1001 1298 1079 protulisse
1312 1015 1398 1078 atque
1412 1004 1540 1063 edidisse
1555 1027 1589 1064 ea
1609 1028 1674 1084 quae
1691 1010 1780 1070 hodio

996 1089 1240 1148 circumferuntur
1254 1091 1413 1151 volumina.
1430 1091 1547 1171 Quippe
1560 1111 1682 1172 apparet
1696 1119 1780 1176 supo-

995 1177 1083 1236 rioris
1096 1179 1187 1236 aetatis
1201 1179 1411 1258 Peripateticos
1422 1181 1502 1260 ipsos
1513 1182 1654 1258 elegantis
1666 1185 1779 1262 ingenii

995 1267 1143 1342 studiique
1180 1269 1284 1346 fuisse,
1316 1269 1481 1329 Aristotelis
1511 1291 1585 1330 vero
1614 1276 1722 1353 scripta
1751 1293 1781 1338 et

995 1354 1189 1436 Theophrasti
1200 1378 1295 1437 πετριε
1305 1361 1395 1418 multa
1405 1381 1500 1439 neque
1512 1378 1644 1423 accurate
1660 1367 1778 1444 legisse,

996 1446 1075 1522 quod
1101 1445 1181 1506 Nelei
1210 1447 1321 1526 Scepsii
1345 1449 1412 1524 (cui
1438 1450 1531 1511 libros
1559 1453 1779 1533 Theophrastus

996 1534 1172 1613 reliquerat)
1187 1535 1376 1595 hereditatem
1399 1537 1488 1597 rudes
1502 1553 1531 1596 et
1545 1543 1660 1601 sordidi
1678 1545 1778 1606 homi-

995 1642 1046 1681 nes
1067 1617 1219 1682 adiissent.⁴
1235 1625 1298 1684 lluc
1321 1627 1448 1699 accedit,
1470 1630 1547 1703 quod
1576 1633 1777 1710 Apellicooem

994 1711 1161 1771 Aristotelis
1177 1712 1389 1772 bibliothecam
1405 1717 1569 1793 possedisse
1584 1733 1668 1777 ctiam
1691 1725 1778 1781 Athe·

993 1821 1072 1860 naeus
1095 1801 1148 1862 tib.
1173 1802 1196 1858 V
1218 1794 1260 1881 p.'
1275 1813 1332 1872 ατη
1358 1804 1390 1862 ί).
1407 1807 1577 1864 testificatur
1603 1810 1672 1886 (ιο).
1691 1811 1778 1880 Quod

993 1891 1071 1948 enim
1095 1889 1167 1946 alibi
1193 1891 1267 1969 (lib.
1295 1892 1319 1962 l,
1340 1909 1376 1968 p.
1403 1893 1430 1960 3,
1459 1893 1511 1968 A.)
1535 1896 1639 1966 relert,
1656 1897 1777 1957 Neleum

993 1977 1156 2036 Aristotelis
1177 1979 1287 2056 scripta
1313 1979 1471 2036 Ptolemaeo
1496 1980 1690 2060 Philadelpho
1709 2007 1778 2044 ven-

993 2064 1119 2138 didisse,
1138 2065 1168 2123 id
1183 2065 1220 2122 de
1235 2067 1416 2144 apographis
1431 2067 1681 2145 interpretandum
1696 2075 1779 2133 vidc-

992 2168 1040 2214 tur
1056 2155 1125 2235 (τι).
1142 2155 1251 2233 Nempe
1265 2155 1374 2214 licebat
1386 2159 1466 2214 salva
1482 2155 1680 2233 bibliotheca,
1694 2162 1779 2238 cujus

992 2243 1129 2300 dominus
1150 2255 1228 2313 erat,
1251 2241 1397 2301 librorum
1423 2243 1592 2320 apographa
1623 2246 1689 2302 aliis
1705 2267 1778 2306 reo-

992 2331 1073 2392 dere.
1090 2330 1233 2390 Caeterum
1251 2331 1330 2407 quod
1345 2331 1450 2390 Strabo
1466 2344 1495 2389 ct
1509 2331 1686 2392 Plutarchus
1699 2337 1778 2395 alhr-

991 2433 1087 2493 mant,
1112 2419 1326 2498 Peripateticos
1353 2432 1420 2498 post
1440 2419 1675 2500 Theophrastum
1690 2423 1779 2504 hujus

991 2523 1020 2568 et
1040 2508 1202 2568 Aristotelis
1225 2507 1365 2586 operibus
1380 2509 1524 2583 caruisse,
1543 2524 1646 2587 aperte
1669 2513 1775 2574 salsum

990 2611 1034 2657 est
1047 2599 1125 2679 (ra),
1140 2617 1229 2675 quum
1241 2599 1327 2656 etiam
1338 2598 1525 2656 Ptolemaeum
1537 2599 1776 2679 Philadelphum,

991 2705 1087 2761 regem
1101 2685 1353 2758 litteratissimum,
1368 2687 1468 2745 omnia
1480 2688 1648 2748 Aristotelei
1662 2691 1776 2768 ingenii

992 2787 1179 2834 monumenta
1195 2775 1365 2850 collegisse,
1382 2775 1414 2833 in
1441 2797 1548 2852 genera
1570 2778 1725 2854 digessisse
1741 2801 1775 2842 ac

990 2864 1026 2923 de
1038 2865 1180 2940 Stagiritae
1188 2865 1248 2922 vita
1258 2877 1481 2922 commentatum
1491 2885 1554 2924 esse
1564 2867 1690 2927 sciamus
1702 2871 1776 2948 (13).

990 2951 1040 3011 Est
1056 2966 1151 3011 autem
1171 2952 1332 3011 verisimile
1353 2953 1540 3012 Ptolemaeum
1556 2954 1607 3032 qui
1622 2955 1776 3018 Aristoteli

989 3041 1069 3099 mille
1078 3041 1170 3099 libros
1184 3040 1342 3116 tribuebat,
1355 3040 1527 3101 subditicios
1541 3063 1558 3100 a
1569 3045 1705 3118 genuinis
1716 3066 1776 3106 nou

989 3129 1063 3189 hene
1081 3131 1257 3189 distinxisse.
1272 3131 1419 3200 Quocirca
1434 3131 1589 3208 Tyrannio
1609 3147 1636 3192 et
1660 3135 1776 3196 Andro-

989 3221 1073 3277 nicus
1098 3219 1126 3276 id
1148 3220 1331 3296 potissimum
1351 3220 1444 3294 egisse
1464 3219 1613 3294 videntur,
1643 3235 1674 3279 ut
1697 3244 1775 3284 nora

989 3327 1110 3385 operum
1131 3307 1370 3365 Aristotelicorum
1394 3309 1569 3366 recensione
1589 3309 1664 3368 lacta
1690 3311 1776 3372 libel·

988 3396 1048 3467 los,
1074 3396 1123 3472 qui
1157 3396 1229 3454 l'also
1253 3396 1426 3455 uiderentur
1454 3397 1608 3476 inscripti,
1637 3412 1776 3478 tanquam

988 3483 1161 3543 subditicios
1187 3484 1298 3542 familia
1323 3484 1552 3563 submoverent,
1578 3499 1606 3544 et
1633 3490 1777 3550 consultis

990 3572 1108 3649 optimis
1132 3572 1349 3651 exemplaribus
1374 3593 1439 3650 quae
1466 3573 1592 3654 abipso
1617 3577 1776 3641 Arrstotele

988 3743 1019 3790 D.
1041 3741 1165 3804 ἐκπέμψας
1182 3745 1240 3804 γοῦν
1254 3743 1286 3797 εἰς
1296 3742 1340 3804 τήν
1355 3747 1428 3800 νῆσον
1446 3740 1621 3792 Ἀπελλικῶντα
1634 3746 1677 3794 τόν
1690 3748 1774 3808 Τήϊον,

989 3809 1090 3870 πολίτην
1107 3810 1135 3859 δὲ
1153 3808 1284 3869 Ἀθηναίων
1299 3811 1446 3873 γενόμενον,
1469 3814 1648 3862 ποικιλώτατόν
1663 3832 1718 3864 τινα
1732 3818 1775 3866 ael

988 3881 1107 3946 ἁψίκορον
1122 3882 1263 3940 ζητήσοντα
1281 3881 1349 3945 βίον·
1368 3880 1464 3943 ὁτὲμὲν
1479 3881 1524 3946 γὰρ
1539 3883 1677 3948 ἐφιλοσόφει
1689 3888 1730 3936 καί
1743 3889 1776 3937 τὰ

986 3949 1167 4014 περιπατητικά
1182 3951 1224 3998 καὶ
1234 3951 1276 4008 τήν
1297 3947 1474 4014 Ἀριστοτέλους
1485 3953 1638 4015 βιόλιοθήκην
1649 3955 1691 4003 καὶ
1703 3957 1774 4016 ἄλλας

987 4020 1137 4084 συνηγόραζε
1160 4023 1261 4084 συχνάς·
1274 4021 1304 4081 ἦν
1324 4019 1371 4084 γὰρ
1384 4023 1578 4087 πολυχρήματος,
1592 4027 1683 4085 -llll
1696 4027 1774 4078 ama-

986 4104 1057 4140 naetts
1068 4091 1111 4140 lib.
1126 4093 1136 4140 l
1149 4103 1173 4153 p.
1188 4094 1211 4139 3.
1225 4093 1253 4139 A.
1264 4091 1294 4152 ἦν
1304 4093 1344 4151 δέ,
1360 4093 1431 4156 φησί,
1445 4095 1487 4142 καὶ
1500 4093 1598 4156 βιθλίων
1609 4103 1694 4157 κτῆσις
1705 4101 1773 4163 αὐτῷ

987 4161 1094 4228 ἀρχαίων
1111 4161 1256 4221 Ἑλληνικῶν
1271 4163 1380 4223 τοσαύτη
1397 4167 1430 4221 ὡς
1442 4165 1598 4230 acepsemas
1611 4168 1704 4225 πάντας
1716 4173 1772 4230 τοὺς

987 4237 1026 4286 ἐπὶ
1038 4240 1169 4299 συναγωγῇ
1181 4235 1407 4299 τεθαυμασμένους,
1420 4235 1579 4301 Πολυκράτην
1589 4253 1618 4286 τε
1627 4239 1669 4287 τὸν
1680 4240 1771 4302 Σάμιον

985 4307 1026 4357 καὶ
1038 4307 1218 4372 Πεισίστρατον
1228 4308 1270 4356 τόν
1287 4305 1414 4366 Ἀθηναίων
1427 4309 1627 4374 τυραννήσαντα,
1640 4311 1782 4372 Εὐκλείδην

985 4397 1013 4429 τε
1025 4379 1068 4429 τὸν
1081 4381 1124 4429 καὶ
1137 4379 1211 4428 αὐτὸν
1228 4377 1350 4438 Ἀθηναῖον
1365 4380 1407 4427 καὶ
1420 4380 1571 4444 Νικοκράτην
1589 4372 1632 4430 τὸν
1652 4382 1770 4447 Κύπριον,

985 4449 1065 4499 ἔτιδὲ
1083 4451 1140 4506 τοὺς
1156 4449 1287 4514 Περγάμου
1305 4450 1432 4513 βασιλέας,
1447 4450 1576 4515 Εὐριπίδην
1598 4467 1626 4500 τε
1639 4451 1681 4501 τόν
1699 4469 1772 4513 ποιη·

984 4521 1045 4582 τήν,
1066 4518 1231 4586 Ἀριστοτέλην
1245 4537 1272 4570 τε
1291 4521 1333 4569 τόν
1347 4521 1496 4584 φιλόσοφον,
1510 4521 1552 4568 καὶ
1566 4519 1608 4568 τόν
1629 4519 1662 4567 τὰ
1675 4521 1770 4573 τούτων

156 4589 253 4648 σθείσης
265 4591 339 4652 αὐτῆς
356 4595 389 4649 είς
406 4592 503 4655 Ῥώμην
516 4631 521 4652 ,
534 4591 692 4656 Τυραννίωνα
710 4593 752 4640 τὸν
771 4593 939 4654 γραμματικόν
983 4591 1168 4654 διατηρήσαντα
1189 4589 1269 4653 βιθλία
1282 4591 1377 4648 Πηλέα·
1391 4591 1447 4654 παρ’
1459 4589 1488 4638 οὗ
1499 4589 1595 4646 πάντα,
1609 4588 1679 4650 φησί,
1699 4591 1770 4654 πριά-

156 4661 352 4712 ένσκευάσσισθαι
363 4663 395 4712 τὰ
406 4661 497 4722 πολλά,
507 4663 549 4711 καί
560 4663 617 4727 παρ’
636 4663 712 4712 αὐτοῦ
726 4661 768 4711 τόν
784 4659 877 4711 Ῥόδιον
893 4659 941 4711 Ἀν-
984 4677 1056 4723 μενος
1070 4663 1084 4709 ό
1103 4660 1226 4722 ἡμεδαπός
1249 4661 1361 4722 βασιλεὺς
1383 4661 1549 4721 Πτολεμαῖος,
1572 4659 1719 4720 Φιλάδελφος
1741 4661 1768 4712 δὲ

155 4731 265 4794 hademar
285 4733 457 4800 εὐπορήσαντα
472 4737 521 4782 τῶν
542 4732 694 4798 ἀντιγράφων
710 4733 743 4789 εἰς
758 4733 833 4797 μέσον
848 4735 938 4793 θεῖναι,
984 4730 1097 4790 ἐπίκλην,
1111 4727 1174 4792 μετὰ
1187 4733 1235 4778 τῶν
1255 4727 1377 4789 Ἀθήνηθεν
1392 4730 1434 4778 καὶ
1450 4729 1561 4777 τῶνάπὸ
1578 4726 1663 4776 ‘Ptoou
1680 4731 1712 4785 είς
1724 4731 1768 4791 τὴν

155 4804 196 4854 καί
215 4804 354 4869 ἀναγράψαι
369 4806 425 4862 τοὺς
442 4810 484 4854 νῦν
507 4805 651 4870 φερομένους
665 4805 777 4861 πίνακας.
791 4807 821 4854 Ol
834 4803 861 4853 δὲ
881 4820 939 4869 πρε·
982 4801 1057 4858 καλήν
1070 4799 1250 4864 Ἀλεξάνδρειαν
1271 4801 1400 4862 μετήγαγε.
1416 4823 1448 4833 -
1460 4797 1511 4860 (12)
1529 4797 1585 4846 Vid.
1604 4799 1768 4856 &audrade

154 4877 270 4943 σόύττρω
282 4877 473 4942 Περιπατητικοὶ
486 4875 612 4938 φαίνονται
626 4891 669 4924 uer
685 4875 739 4924 καθ’
754 4875 855 4930 έαυτους
868 4875 939 4936 γενό-
982 4871 1081 4935 scriptis
1095 4869 1248 4920 Aristoteleis
1260 4870 1286 4920 itt
1301 4873 1365 4921 Mus.
1380 4870 1489 4920 Rhenan.
1504 4868 1593 4918 Philol.
1619 4871 1638 4926 1.
1655 4873 1669 4918 3
1684 4883 1710 4932 p.
1721 4876 1766 4924 236

155 4965 222 5010 μενοι
235 4947 360 5012 χαρίεντες
379 4946 420 4996 καὶ
440 4946 577 5008 φιλόλογα,
596 4951 645 4993 τῶν
665 4945 686 4994 θ’
700 4944 878 5011 Ἀριστοτέλους
896 4947 937 4994 καὶ
982 4955 1051 5006 seqq.
1077 4943 1103 4992 el
1126 4939 1215 4991 θέσθε.
1240 4940 1381 4990 Ἀτίείοθελίο
1410 4942 1471 4990 lom.
1496 4942 1529 4990 Il.
1550 4939 1649 5002 *(13)
1675 4941 1763 4994 David.

154 5019 312 5084 Θεοφραστου
332 5015 482 5082 γραμμάτων
497 5017 554 5065 οὔτε
574 5015 671 5072 πολλοῖς
688 5017 739 5066 οὔτ’
754 5017 859 5081 θικριθῶς
872 5017 930 5066 ἑντο
983 5015 1121 5064 comment.
1137 5011 1164 5060 in
1177 5011 1318 5060 Aristotelis
1334 5011 1418 5072 Πυθίης.
1432 5022 1456 5072 p.
1472 5015 1509 5067 28,
1523 5022 1538 5058 a
1550 5008 1636 5058 scholi.
1649 5009 1724 5060 Arist.
1741 5013 1766 5063 ἐν

153 5088 302 5151 τυχηκότες,
319 5088 360 5136 διὰ
371 5088 399 5136 τό
417 5087 458 5136 τόν
472 5088 568 5146 Νηλέως
577 5091 620 5136 τοῦ
631 5087 738 5150 Σκηψίου
750 5089 853 5152 κλῆρον,
872 5081 891 5156 ψ
906 5087 938 5137 τὰ
981 5086 1017 5141 cle
1037 5085 1150 5144 ζητητέον
1165 5083 1207 5132 καὶ
1223 5083 1252 5133 τό
1264 5083 1364 5142 γνήσιον
1383 5081 1423 5131 διὰ
1442 5082 1488 5142 τήν
1503 5082 1632 5146 γινομένην
1652 5082 1764 5134 νοθείαν

154 5157 235 5218 βιόλία
255 5159 370 5208 κατέλιπε
388 5157 555 5224 Θεόφραστος,
570 5159 603 5214 είς
616 5157 771 5220 ἀφιλοτίμους
785 5159 826 5207 καί
838 5159 937 5217 ίθιώτας
980 5157 1120 5207 νοθεύονται
1136 5155 1182 5219 γὰρ
1198 5155 1230 5204 τὰ
1246 5155 1326 5219 βιόλία
1342 5155 1480 5217 πενταχῶς·
1495 5157 1510 5214 h
1526 5155 1573 5218 γὰρ
1594 5157 1625 5204 δι’
1641 5155 1764 5219 εὐγνωμο·

154 5228 295 5290 ἀνθρώπους
309 5229 486 5294 παραγενέσθαι
504 5251 537 5268 -·
548 5229 598 5293 (to)
606 5227 740 5278 ammaus
750 5226 793 5278 lib.
805 5229 837 5292 V,
849 5240 873 5292 p.
887 5231 932 5278 att
984 5243 1059 5286 σννην
1073 5227 1183 5289 μαθητῶν
1195 5224 1318 5276 castarte
1328 5221 1506 5290 συγγράμματα
1521 5230 1573 5282 τοῖς
1587 5225 1684 5280 οἰκείοις
1696 5225 1761 5276 dade-
