4020 5950
873 317 1096 380 annexam.
1718 323 1750 402 xj

198 460 322 546 tiones,
349 453 509 548 libellos,
535 451 709 550 fragmina
734 449 807 522 hoc
823 452 929 524 tertio
946 451 1129 524 volumine
1153 453 1345 553 complecti
1365 455 1610 546 destinassem,
1637 457 1759 540 abun-¹

198 583 303 656 dante
324 579 455 681 passim
480 577 624 649 materia
646 577 801 674 operam
817 577 854 648 in
877 575 1107 673 colligendis,
1123 577 1375 670 emendandis,
1393 579 1574 651 vertendis
1597 606 1754 679 quorun-

196 709 278 784 dam
301 708 488 802 utriusque
514 702 655 774 lamiliae
682 703 887 800 principum
907 701 1111 800 opusculis,
1133 729 1213 801 quaa
1243 720 1538 800 argumentorum
1576 710 1755 803 gravitatis

107 917 110 924 Ι
197 836 385 936 politaeque
416 829 594 910 orationis¹
613 827 768 899 maxime
792 823 1146 896 commendationem
1172 825 1346 898 haberent
1374 830 1491 926 posui.

243 968 367 1058 ltaque
390 959 436 1030 ab
459 953 613 1028 Eusebio
643 953 818 1050 scriptore
839 950 964 1022 lonico
987 951 1258 1023 commentandi
1284 952 1474 1026 exordium
1496 959 1594 1057 cepi,
1621 961 1684 1057 qui
1707 959 1754 1032 ab

197 1087 272 1158 aliis
304 1083 450 1182 quidem
471 1082 532 1166 alii
561 1078 863 1179 philosophorum
890 1075 986 1172 gregi
1007 1091 1278 1168 annumeratur,
1307 1077 1370 1150 sed
1402 1080 1659 1156 mibi'videtur
1681 1109 1755 1156 esse

197 1211 359 1310 Myndius
380 1209 438 1281 ille
462 1207 682 1280 Platonicam
712 1218 844 1276 sectam
869 1200 1067 1300 professus,
1095 1199 1234 1273 Aedesii
1259 1202 1473 1302 discipulus,
1488 1207 1534 1280 de
1554 1233 1627 1307 quo
1656 1234 1756 1312 men·

197 1335 330 1405 tionem
353 1333 438 1404 lacit
464 1334 646 1431 Eunapius
669 1357 705 1431 p.
737 1331 796 1420 48.
825 1328 909 1423 Ejus
944 1340 1065 1398 autem
1094 1326 1267 1400 librorum
1287 1330 1456 1428 reliquias
1478 1349 1560 1431 post
1585 1334 1754 1406 Orellium

135 1509 153 1530 .·
194 1463 332 1556 Opusc.
362 1463 438 1530 Vct.
459 1462 576 1530 Graec.
607 1473 698 1530 sent.
725 1472 762 1528 et
795 1453 919 1526 moral.
944 1451 1022 1524 Vol.
1058 1453 1404 1554 11,p.362-391et
1432 1457 1576 1532 Stobaci
1600 1460 1756 1534 editores

195 1583 382 1678 diligenter
400 1583 591 1654 recensitas
619 1598 655 1656 et
685 1582 794 1654 latine
817 1605 935 1652 versas
966 1578 1115 1677 subjeci.

243 1707 378 1779 Transii
402 1706 535 1780 deinde
562 1705 610 1780 ad
642 1705 827 1795 Albinum,
857 1703 984 1776 Galeni
1011 1721 1292 1805 praeceptorem,
1318 1707 1466 1780 secundi
1490 1723 1572 1806 post
1598 1708 1684 1782 Chr.
1715 1735 1751 1794 n,

198 1832 320 1906 saeculi
353 1831 591 1924 Platonicum,
620 1857 729 1931 quem
758 1832 794 1902 in
827 1841 1005 1902 summam
1039 1829 1189 1926 gloriam
1223 1833 1361 1905 venisse
1394 1846 1529 1904 veteres
1564 1833 1756 1930 scriptores

192 1971 385 2030 testantur.
402 1962 548 2029 Constat
571 1981 653 2029 eum
678 1958 716 2028 in
742 1957 963 2058 optimorum
989 1955 1145 2027 Platonis
1165 1958 1404 2056 interpretum
1419 1980 1571 2028 numero
1590 1955 1756 2032 habitum

190 2107 288 2174 esse,
316 2083 507 2180 magnique
534 2083 723 2154 aestimasse
746 2083 913 2180 antiquos
940 2083 1016 2179 ejus
1047 2081 1227 2154 derebus
1256 2082 1387 2156 divinis
1412 2097 1448 2154 et
1470 2081 1639 2154 humanis
1665 2084 1757 2178 judi-

189 2210 303 2282 cium.
330 2213 410 2280 lam
443 2207 617 2306 quoniam
646 2205 744 2305 apud
771 2221 908 2279 veteres
934 2209 972 2280 in
996 2207 1137 2280 honore
1166 2224 1274 2307 atque
1293 2210 1331 2282 in
1359 2210 1478 2308 pretio
1500 2208 1567 2280 luit
1593 2208 1752 2300 Albinus,

191 2332 366 2406 credibile
392 2347 463 2426 est,
494 2357 560 2404 nos
588 2357 734 2430 quoque
762 2331 808 2403 de
833 2331 909 2427 ejus
938 2330 1102 2404 doctrina
1131 2333 1256 2406 melius
1285 2335 1547 2406 existimaturos
1576 2333 1699 2426 luisse,
1728 2337 1757 2407 si

192 2459 298 2557 plura
329 2458 442 2556 ipsius
478 2457 612 2554 ingenii
644 2470 880 2529 monumenta
921 2471 1107 2528 exstarent.
1145 2461 1247 2529 Nunc
1283 2484 1396 2554 quum
1424 2483 1467 2530 ex
1504 2458 1581 2553 ejus
1615 2459 1756 2556 scriptis

193 2583 273 2656 sola
299 2582 452 2679 supersit
482 2587 628 2678 Isagoge
652 2582 689 2652 in
720 2581 875 2652 Platonis
905 2579 1086 2675 dialogos,
1108 2581 1146 2650 in
1179 2580 1307 2676 exiguo
1329 2579 1401 2652 hoc
1426 2579 1578 2652 lortunae
1608 2606 1757 2654 munere

193 2706 302 2780 facile
328 2706 598 2803 acquiescimus.
627 2710 856 2803 Quamquam
883 2719 1004 2776 autem
1034 2705 1369 2778 commentariolum
1403 2731 1476 2780 non
1513 2707 1664 2779 sustinet
1697 2733 1755 2779 ex-

191 2833 475 2932 spectationem,
512 2854 621 2928 quam
654 2829 777 2902 titulus
804 2827 1027 2900 ambitiosior
1063 2853 1209 2901 movere
1243 2828 1442 2927 legentibus
1474 2835 1602 2931 possit,
1636 2847 1756 2905 tamen

192 2959 296 3033 locos
319 2958 498 3057 quosdam
520 2960 668 3031 minime
693 2957 855 3055 vulgares
880 2981 923 3029 eo
950 2955 1131 3029 contineri
1164 2979 1271 3027 nemo
1305 2957 1462 3052 negabit.
1493 2959 1631 3030 Primus
1663 2956 1757 3031 hanc

195 3089 370 3180 isagogen
407 3084 445 3154 in
477 3082 634 3156 Platonis
666 3084 825 3182 dialogos
855 3109 876 3155 e
903 3083 1030 3155 codice
1064 3081 1296 3156 Holsteniano
1331 3087 1542 3183 exscriptam
1570 3085 1608 3155 in
1638 3084 1757 3156 lucem

192 3206 350 3308 protulit
363 3212 394 3278 J.
412 3209 451 3278 Α.
471 3207 654 3282 Fabricius
673 3233 706 3280 a.
739 3233 827 3306 ¹7⁰7
853 3208 1075 3304 inseruitque
1097 3208 1326 3282 Bibliothecae
1352 3213 1483 3282 Graecae
1506 3208 1681 3280 volumini
1705 3233 1756 3279 se·
1806 3217 1812 3224 '

193 3330 334 3421 cundo,
359 3329 492 3403 deinde
514 3333 645 3404 iterum
660 3330 774 3404 edidit
789 3337 820 3402 J.
839 3336 877 3403 F.
906 3331 1094 3404 Fischerus
1109 3359 1180 3405 una
1203 3359 1288 3405 curn
1305 3333 1460 3407 Platonis
1475 3331 1755 3430 Euthyphrone,

196 3455 378 3556 Apologia
411 3458 602 3543 Socratis‚·
630 3457 773 3528 Critone
814 3469 850 3526 et
887 3455 1065 3530 Phaedone
1104 3461 1233 3559 Lipsiae
1275 3485 1371 3532 anno
1423 3459 1534 3558 1783,
1573 3473 1755 3556 postremo
1862 3535 1863 3538 Ἴ

191 3586 232 3654 C.
252 3585 284 3652 J.
312 3579 397 3652 Chr.
419 3580 661 3654 Schneiderus
679 3577 876 3652 secundum
908 3579 1072 3654 codicem
1108 3585 1411 3658 Lobcovicianum
1438 3585 1662 3657 emendatam
1688 3609 1753 3682 pu·

194 3705 348 3778 blicavit
380 3706 594 3780 Vratislaxiae
626 3731 725 3778 anno
756 3704 860 3776 1852.
895 3706 939 3776 Hi
965 3731 1109 3796 omnes,
1138 3723 1316 3805 quantum
1347 3710 1385 3780 in
1413 3708 1499 3805 ipsis
1528 3707 1636 3777 situm
1663 3721 1752 3794 erat,

193 3831 395 3930 depravata
420 3831 602 3928 scriptoris
630 3829 740 3902 verba
766 3830 999 3902 restituerunt
1028 3832 1256 3931 multumque
1278 3835 1311 3904 ei
1343 3833 1570 3930 prosuerunt.
1602 3828 1673 3901 Sed
1696 3855 1754 3901 re-

192 3952 408 4052 quirebatur
435 3953 599 4026 subtilior
633 3955 812 4044 recensio,
843 3979 915 4054 qua
948 3971 984 4028 et
1007 3955 1143 4030 lacunae
1178 3957 1288 4031 libelli
1315 3956 1545 4055 explerentur
1565 3967 1602 4024 et
1626 3955 1756 4027 menda

192 4104 214 4150 a
253 4078 339 4150 viris
366 4077 482 4150 doctis
510 4103 584 4150 non
612 4079 865 4152 animadversa
896 4079 1122 4154 tollerentur.
1156 4087 1256 4154 Hanc
1281 4083 1389 4178 igitur
1414 4077 1551 4152 institui
1578 4079 1756 4178 simulque

194 4218 319 4276 totum
347 4203 509 4275 libellum
541 4204 695 4278 latinum
727 4205 805 4279 leci.

248 4332 332 4400 Mox
362 4327 407 4399 de
443 4327 628 4420 Sallustio,
660 4329 847 4405 Platonico
877 4332 1086 4430 posterioris
1115 4331 1182 4404 aevi
1214 4330 1457 4431 philosopho,
1488 4357 1597 4430 quem
1626 4327 1757 4403 luliani

194 4453 428 4551 imperatoris
452 4454 627 4551 aequalem
668 4469 704 4527 et
740 4458 896 4528 amicum
933 4457 1041 4528 luisse
1077 4455 1226 4548 scimus,
1260 4455 1422 4528 disserui.
1461 4462 1524 4530 Est
1558 4481 1644 4528 xero
1680 4455 1757 4526 sine
1805 4533 1808 4538 ,

195 4575 316 4649 dubio
362 4602 454 4649 unus
486 4604 529 4650 ex
568 4580 788 4679 sapientibus
831 4581 976 4654 illorum
1020 4595 1226 4680 temporum
1262 4580 1492 4670 bominibus,
1537 4582 1596 4653 cui
1627 4579 1755 4651 merito

196 4701 340 4774 tribuas
376 4703 574 4800 elegantem
608 4705 654 4779 de
688 4707 756 4779 diis
778 4724 815 4780 et
843 4705 981 4780 mundo
1010 4705 1186 4779 libellum.
1215 4711 1319 4778 Hunc
1352 4731 1372 4776 a
1400 4711 1493 4778 Luca
1520 4705 1707 4778 Holstenio
1735 4729 1755 4774 e

203 4827 425 4900 membranis
462 4831 680 4929 exscriptum
718 4857 801 4904 cum
833 4834 909 4931 ejus
941 4831 1237 4904 annotationibus
1268 4847 1304 4904 et
1337 4833 1464 4904 Leonis
1494 4831 1610 4902 Allatii
1643 4844 1755 4900 trans-

199 4951 337 5024 latione
359 4955 497 5051 primus
517 4960 642 5029 Romae
669 4959 785 5030 emisit
813 4955 959 5029 Gabriel
983 4957 1160 5032 Naudaeus
1183 4983 1279 5030 anno
1306 4957 1412 5048 1630,
1428 4956 1528 5054 quod
1551 4953 1754 5052 exemplum

198 5075 396 5169 repetitum
422 5092 474 5150 est
503 5079 668 5175 Lugduni
689 5058 902 5153 Batavorum
921 5105 1018 5152 anno
1050 5081 1154 5180 1639.
1182 5087 1308 5154 Postea
1329 5081 1484 5152 Thomas
1510 5078 1640 5152 Galeus
1664 5102 1752 5152 eun·

200 5195 288 5269 dem
318 5201 576 5303 philosophum
606 5177 820 5303 interposuit
851 5205 1043 5304 Opusculis
1076 5205 1344 5304 mythologicis,
1374 5203 1528 5302 physicis
1566 5217 1602 5274 et
1628 5201 1754 5273 ethicis

199 5323 435 5424 Cantabrigiae
464 5327 551 5430 1671
582 5343 618 5403 et
640 5329 895 5404 Amstelodami
928 5329 1019 5404 1688
1047 5329 1260 5427 divulgatis,
1288 5326 1410 5424 gallice
1440 5327 1542 5400 vertit
1571 5323 1754 5420 Formejus
