3976 5948
811 318 1064 396 autentum.
1228 321 1230 328 '
1680 334 1738 394 rar

176 489 213 532 ετ.
229 467 315 538 ’λὶιον
329 467 353 527 δ’
367 465 509 526 δναλαόεῖν
521 463 551 526 τδ
567 464 652 544 δόγμα
662 466 719 538 ταῖς
735 464 833 526 ἐκείνου
847 466 917 536 λίξε-
962 469 997 530 λ.
1015 469 1063 530 ed.
1078 467 1196 529 Bellen
1213 465 1324 546 Scripsi
1339 465 1385 524 καί
1399 465 1429 524 εδ
1445 465 1568 545 μέγιστον
1580 487 1646 526 cum
1659 480 1738 527 vete·

136 581 194 632 σιν,
206 557 250 618 ίνα
264 560 309 620 καὶ
320 557 453 638 μάθῃς,οί
467 559 514 614 τοῦ
528 553 707 636 Ξενοκράτους
719 553 763 614 καί
779 557 916 616 Σπευσίπ·
960 559 1044 619 ribus
1058 557 1113 617 edd
1121 580 1129 630 ;
1141 558 1232 634 vulgo
1244 556 1290 615 καὶ
1299 554 1455 636 μέγιστον.)

135 670 186 706 που
201 651 407 728 κατηγοροῦντες
422 641 467 704 tut
491 648 528 724 τῷ
550 641 588 723 μὴ
604 644 652 715 τὴν
673 642 761 723 ὐγείαν
777 645 916 726 άδιόρορον
1000 667 1036 710 σί.
1057 646 1107 708 Διὸ
1125 646 1169 706 καί
1183 644 1352 725 Ξενοκράτης
1368 647 1415 704 οὐκ
1435 643 1629 704 ἀποδείκνυσιν·
1645 645 1674 703 οὐ
1687 642 1739 725 γδρ

135 738 269 816 ἡγεῖσθαι,
285 731 353 816 μηδδ
373 733 419 793 τόν
434 735 547 793 πλοῦτον
569 733 718 814 άνωρελίς,
735 735 762 791 la
779 733 830 793 τίνι
844 735 916 819 τόπερ
961 727 996 805 εἷς
1011 740 1115 818 άριθμῷ
1139 739 1153 794 ό
1169 733 1302 813 εὐδαίμων
1321 735 1376 793 οὐδ’
1400 736 1414 792 ό
1430 737 1570 802 σπουδαῖος
1585 733 1656 814 βίας,
1673 731 1739 792 ὥστ’

134 825 183 897 τὴν
198 825 294 886 κακίαν
308 823 383 884 αὐτοί
397 821 531 902 τίθενται,
545 821 592 882 καί
607 823 678 890 τίνας
690 822 783 902 λόγους
797 821 857 904 περί
870 825 916 882 αὐ·
960 825 1007 883 οὐκ
1020 825 1162 901 άναγκαῖον
1175 823 1219 882 τὸν
1231 821 1307 881 αὐτδν
1320 811 1407 900 εἶναι,
1422 822 1488 882 διότι
1503 822 1583 904 άμρω
1598 821 1740 902 αἱρετώτα·

134 917 181 985 τῆς
193 911 327 982 διεξίασιν.
960 912 1095 986 τοι,άλλδι
1109 910 1152 972 τὸν
1167 910 1315 992 ἕτερονύπδ
1329 910 1372 969 τὸν
1388 909 1487 990 ἕτερον.
1525 983 1528 989 ¹

175 1001 367 1083 (Plutarchus
386 997 454 1061 adv.
480 997 571 1062 Stoio.
599 1021 664 1079 cap.
689 1001 723 1058 ιδ
749 1000 810 1060 vol.
834 999 913 1074 xlv,
1003 1001 1194 1082 [Aristoteles
1208 999 1314 1078 Topic.
1329 1001 1382 1059 lib.
1399 999 1464 1074 vlt,
1485 1020 1548 1080 cap.
1566 1021 1578 1058 1
1596 1019 1662 1080 pag.
1684 999 1738 1060 152

134 1113 163 1170 p.
190 1113 225 1168 ¹9
252 1092 300 1152 ed.
319 1092 439 1150 Hutten.
462 1089 546 1149 Gont.
567 1090 672 1150 Cicero
695 1091 784 1151 dead.
808 1090 914 1160 Quaest.
960 1092 1053 1152 ned.
1071 1092 1211 1168 Bellen)

135 1179 189 1238 lib.
206 1179 232 1252 l,
247 1200 310 1259 cap.
326 1180 360 1258 ὅς
377 1179 414 1238 de
425 1179 501 1254 legg.
514 1181 540 1252 l,
556 1181 607 1252 133
623 1180 659 1238 de
674 1178 785 1238 linibus
799 1179 850 1238 lib.
865 1179 913 1253 tv,
1000 1200 1036 1241 aa.
1052 1177 1171 1258 Ὁμοίως
1187 1177 1214 1237 il
1229 1178 1275 1238 καί
1292 1175 1448 1254 εὐδαίμονα,
1468 1167 1499 1236 οὐ
1519 1175 1549 1236 δν
1565 1181 1579 1237 ό
1598 1176 1699 1256 δαίμων
1719 1167 1738 1258 ᾖ

137 1267 191 1340 ιδ;
210 1267 291 1345 Disp.
306 1266 332 1324 Τ
333 1265 426 1325 uscul.
441 1264 474 1338 V,
496 1267 564 1344 ιο.)
962 1269 1119 1342 σπουδαῖος,
1132 1267 1251 1344 καθάπερ
1264 1265 1431 1348 Ξενοκράτης
1447 1266 1526 1348 φησίν
1541 1266 1683 1344 εὐδαίμονα
1696 1256 1739 1324 εί-

173 1375 211 1416 ta.
240 1359 320 1414 Δοκεῖ
345 1352 373 1413 δὲ
399 1353 568 1433 Ξενοκράτης
591 1353 645 1435 itta
667 1355 915 1435 πραγματευόμενος
960 1379 1003 1414 ναι
1030 1356 1074 1416 τὸν
1092 1356 1140 1430 τὴν
1164 1357 1252 1439 ψυχὴν
1274 1355 1369 1436 ἔχοντα
1392 1354 1551 1414 σπουδαίαν·
1572 1355 1670 1428 ταύτην
1688 1354 1740 1436 γάρ

133 1443 196 1523 περί
214 1447 261 1514 τῆς
275 1441 329 1503 ἀπὸ
342 1445 394 1500 τῶν
410 1440 483 1522 ζῴων
498 1445 602 1521 Τροφῆς
616 1443 662 1502 καὶ
676 1443 807 1520 Πολέμων
821 1448 847 1503 ἐν
862 1448 915 1512 τοῖς
959 1442 1071 1503 ἑκάστου
1085 1435 1151 1502 είναι
1166 1444 1288 1520 δαίμονα.

135 1530 255 1610 περὶτοῦ
269 1528 428 1610 αατδρύσεν
444 1529 501 1610 βίου
518 1529 684 1608 συντάγμασι
704 1534 793 1609 σαφῶς
808 1531 912 1610 λέγειν,
987 1526 1194 1608 ’(Αείείοίείεε
1207 1531 1313 1610 Topic.
1335 1532 1389 1593 lib.
1405 1531 1444 1606 ll,
1462 1552 1527 1611 cap.
1543 1533 1574 1607 6,
1596 1551 1663 1611 pag.
1683 1553 1737 1590 rra

135 1622 170 1684 ὡς
185 1617 336 1700 άσόμρορόν
351 1621 419 1677 ἐστιν
436 1616 509 1695 ἡδιδι
523 1621 575 1677 τῶν
590 1622 693 1700 σαρκῶν
709 1617 792 1700 τροφή
799 1662 807 1691 ,
826 1622 915 1700 είργα-
961 1620 995 1680 Α.
1017 1621 1063 1680 ed.
1101 1621 1219 1681 Beller.
1247 1621 1293 1678 Ad
1324 1641 1410 1698 quem
1438 1621 1534 1680 locum
1571 1621 1739 1679 Alexander

137 1706 220 1782 σμίνη
233 1707 284 1779 ἤδη
301 1707 346 1765 καί
364 1704 547 1784 ίξομοιουμίνη
560 1715 616 1775 ταῖς
629 1711 678 1766 τῶν
692 1707 794 1786 ἀλόγων
804 1711 913 1790 ψυχαῖς.
960 1709 1197 1788 ¹lphrodisiensis
1209 1730 1238 1788 p.
1253 1718 1290 1784 91.
1305 1710 1411 1782 (Schol.
1425 1709 1456 1766 in
1468 1709 1585 1767 Aristot
1597 1729 1663 1787 pag.
1681 1711 1739 1769 αδδ

177 1793 326 1872 (Clemens
362 1795 579 1854 Alexandrinus
621 1799 729 1854 Strom.
763 1796 816 1856 lib.
847 1796 911 1872 llll,
960 1797 992 1856 Β.
1014 1799 1059 1856 ed.
1085 1795 1275 1876 Br·andis.)si
1299 1796 1330 1868 δὴ
1356 1795 1457 1872 δαίμων
1478 1796 1628 1868 traluceat
1647 1797 1736 1876 ψυχή,

133 1902 163 1960 p.
187 1903 242 1956 7¹7
262 1884 298 1944 D.
318 1883 364 1942 ed.
382 1882 521 1960 Sylburg.
546 1881 636 1941 Liber
654 1883 713 1962 περί
734 1886 780 1954 τῆς
795 1882 848 1940 ἀπὸ
861 1888 913 1943 τῶν
959 1887 1028 1946 καθὰ
1051 1885 1212 1966 Ξενοκράτει
1234 1885 1321 1958 δοκεῖ,
1347 1883 1387 1957 είη
1412 1883 1443 1942 ἂν
1460 1883 1593 1962 εὐδαίμων
1614 1875 1674 1942 όεύ
1689 1882 1736 1956 clv

133 1969 205 2050 ζῴων
221 1974 330 2051 τρορῆς,
345 1989 430 2047 quem
445 1989 504 2026 non
520 1969 589 2027 citat
601 1971 747 2046 Diogenes
767 1970 912 2051 Laertius,
958 1973 1046 2054 ψυχὴν
1061 1975 1143 2054 ἔχων·
1158 1963 1186 2032 εὐ
1198 1973 1225 2031 il
1240 1973 1286 2044 τλν
1296 1971 1384 2054 ψυχὴν
1399 1971 1453 2052 ἔχει
1465 1976 1479 2031 ό
1490 1973 1646 2052 σπουδαῖος,
1660 1995 1739 2034 σπου·

136 2059 255 2118 tortasse
265 2079 325 2117 non
338 2059 393 2117 tuit
402 2057 538 2118 diversus
552 2078 569 2116 a
583 2060 734 2117 volumine
745 2059 912 2138 Πυθαγόρεια
959 2065 1029 2130 δαῖος
1044 2062 1119 2141 άραό
1132 2062 1274 2138 εὐδαίμων.
1290 2063 1299 2140 l

134 2147 287 2226 inscripto.
305 2146 369 2205 Vid.
386 2145 499 2222 lllenag.
516 2146 553 2204 ad
574 2147 659 2222 Diog.
674 2145 726 2207 lib.
743 2146 789 2219 lV,
807 2146 873 2225 13.)
998 2171 1033 2212 aa.
1049 2150 1217 2230 Ξενοκράτης
1240 2151 1267 2210 δδ
1286 2155 1300 2210 ό
1314 2149 1496 2222 Χαλκηδόνιος
1512 2146 1559 2220 τὴν
1572 2147 1739 2222 εὐδαιμονίαν

174 2255 208 2294 αα.
224 2233 375 2310 Ἐμνήσθην
399 2233 426 2292 δί
445 2232 535 2312 τρίτην
557 2234 657 2312 ἡμέραν
679 2234 860 2312 δίαλεγόμενυς
882 2233 911 2294 τό
959 2238 1102 2299 ἀποδίδωσι
1114 2241 1205 2309 κτῆσιν
1217 2241 1263 2309 τῆς
1276 2238 1372 2305 οἰκείας
1389 2239 1482 2317 ἀρετῆς
1497 2235 1600 2308 καὶτῆς
1614 2237 1740 2314 θπηρετε·

133 2326 178 2381 τοῦ
199 2322 394 2402 Ξενοκράτους,
408 2321 459 2390 Ικαί
483 2321 522 2380 ότι
545 2324 675 2394 Ἀθηναῖοι
700 2325 737 2402 τῷ
760 2326 845 2390 ζῶντα
866 2326 910 2386 τόν
958 2333 1006 2400 κῆς
1022 2330 1088 2405 αὐτῇ
1110 2325 1257 2403 δυνάμεως·
1272 2319 1329 2384 εἶτα
1346 2329 1382 2393 ὡς
1404 2324 1451 2398 μὲν
1466 2327 1492 2382 ίν
1508 2313 1531 2405 ᾧ
1545 2323 1659 2401 γίνεται,
1677 2323 1739 2403 pal·

133 2412 205 2493 κρίθν
220 2409 363 2491 ίκθείραντί
379 2409 454 2482 δίκην
467 2409 608 2482 ἐπέθηκαν.
958 2439 1029 2474 νεται
1042 2413 1124 2490 λόγων
1138 2413 1185 2485 τὴν
1200 2412 1302 2493 ψυχήν·
1314 2417 1349 2480 ὡς
1366 2413 1392 2470 δὲ
1405 2415 1448 2492 ὑφ’
1460 2403 1511 2485 ὧν,
1524 2413 1568 2478 τάς
1581 2412 1688 2491 ἀρετάς·
1702 2413 1738 2480 ὡς

177 2498 368 2578 (Plutarchus
385 2499 421 2556 de
440 2497 495 2556 Esu
519 2500 650 2558 carnium
668 2499 747 2556 Orat.
762 2500 787 2569 l,
810 2519 911 2579 cep.7
959 2503 985 2561 δὲ
1007 2502 1032 2571 ἐξ
1060 2491 1114 2575 ὧν,
1140 2504 1174 2568 ὡς
1196 2503 1297 2577 μερῶν,
1319 2497 1463 2566 τθςκαλδς
1483 2497 1604 2578 πράξεις,
1626 2499 1671 2558 καί
1692 2501 1739 2568 τδς

133 2589 194 2650 vol.
210 2587 287 2658 llll,
309 2607 374 2666 pag.
399 2587 457 2662 τδρ
473 2587 517 2660 ed.
543 2587 662 2648 Hutten.
686 2586 771 2644 Haud
792 2589 854 2646 scio
876 2610 912 2648 an
958 2589 1101 2658 σπουδαίας
1119 2587 1182 2657 ἔξεις
1204 2612 1232 2646 τε
1256 2587 1302 2648 καί
1324 2587 1467 2663 διαθέσεις,
1484 2587 1529 2646 καί
1553 2587 1668 2658 κινήσεις
1691 2588 1738 2648 καί

132 2677 209 2736 idem
223 2697 297 2755 opus
312 2675 371 2755 περί
386 2679 433 2746 τῆς
455 2675 507 2734 stul
522 2679 573 2734 τῶν
588 2674 662 2756 ζῴων
679 2678 776 2754 τρυφῆς
790 2677 837 2734 vel
854 2679 913 2738 llu-
959 2680 1073 2759 σχίσεις·
1083 2681 1118 2744 ὡς
1126 2676 1222 2736 τούτων
1233 2679 1280 2736 οὐκ
1290 2677 1351 2735 ἄνευ
1361 2675 1394 2734 ad
1401 2674 1538 2752 σωματικά
1547 2673 1593 2734 καί
1603 2675 1637 2735 τδ
1651 2675 1734 2745 ἐκτός.

132 2764 256 2846 θαγόρεια
271 2765 319 2823 hic
331 2777 488 2842 spectetur.
502 2764 651 2823 Sententia
665 2765 728 2822 sine
744 2763 835 2822 dubio
852 2765 913 2826 haec
1000 2767 1151 2844 (Clemens
1167 2765 1383 2826 Alexandrinus
1398 2765 1506 2825 Strom.
1534 2761 1586 2823 lih.
1607 2763 1646 2838 ll,
1670 2785 1736 2843 pag.

133 2866 186 2914 est.
195 2853 373 2911 ltleutionom
388 2853 442 2910 leci
456 2850 627 2910 Xenocratis
637 2871 775 2929 pecorum
785 2854 913 2912 trucida·
963 2865 1031 2932 419.
1057 2856 1093 2915 A.
1112 2855 1159 2916 ed.
1178 2855 1316 2933 Sylburg.
1339 2854 1449 2934 Scripsi
1465 2853 1552 2912 initio
1569 2852 1737 2933 Ξενοκράτης

134 2944 242 3001 tionem
258 2941 453 3021 improbantis
465 2955 493 2999 et
505 2941 724 2999 Atheniensium
740 2943 791 3018 qui
807 2944 913 3018 punire
960 2943 1004 3017 δίς
1020 2943 1104 3002 σοιίό.
1123 2943 1289 3021 Ξενοκράτης
1302 2945 1361 3020 τε.)

134 3029 267 3088 solebant
281 3050 346 3088 eum
363 3030 415 3108 qui
430 3029 531 3087 vivum
552 3029 670 3086 arietem
691 3027 913 3108 deglupsisset.)
1000 3051 1035 3092 st.
1052 3031 1130 3091 'Eud
1146 3031 1191 3090 καί
1218 3031 1385 3112 Ξενοκράτης
1400 3032 1426 3090 ἐν
1445 3031 1483 3112 τῷ
1498 3027 1558 3108 περί
1575 3029 1737 3110 φρονήσεως,

174 3139 210 3180 σο.
227 3119 396 3198 Ξενοκράτης
411 3116 454 3176 τθν
471 3115 611 3195 εὐδαίμονα
632 3117 687 3196 βίον
704 3115 748 3176 καὶ
772 3116 815 3176 τὸν
832 3109 913 3178 σπόυ·
960 3124 1008 3193 τὴν
1025 3120 1118 3202 οορίαν
1140 3118 1289 3197 ἐπιστήμην
1312 3121 1365 3176 τῶν
1388 3116 1500 3197 πρώτων
1522 3117 1613 3176 αἰτίων
1630 3117 1739 3190 καὶτῆς

133 3209 204 3268 δαῖον
220 3205 387 3266 ἀποδείκνυσι
398 3205 443 3264 τὸν
455 3205 548 3282 αὐτόν,
561 3207 651 3278 ἐπειδὴ
667 3205 773 3264 πάντων
785 3210 836 3265 τῶν
850 3208 913 3287 βίων
960 3211 1054 3281 νοητῆς
1062 3207 1151 3276 οὐσίας
1163 3196 1229 3266 olvat
1243 3230 1320 3289 ρησι·
1330 3206 1379 3279 τὴν
1394 3207 1517 3288 ρρόνησιν
1529 3206 1672 3285 ἡγούμενος
1686 3209 1740 3265 διτ·

133 3293 307 3378 αἱρετώτατος
322 3297 335 3352 ό
355 3291 495 3360 σπουδαῖος
514 3293 587 3352 salt
608 3292 752 3370 εὐδαίμων·
767 3289 795 3350 ίν
808 3291 860 3374 γάρ
882 3293 913 3353 τδ
960 3295 1026 3367 τήν·
1046 3294 1095 3368 τλν
1110 3300 1158 3373 μὲν
1179 3295 1344 3378 πρακτικήν·
1356 3295 1404 3366 τὴν
1428 3293 1455 3352 δὲ
1470 3294 1644 3375 θεωρητικήν·
1661 3295 1693 3366 ἣν
1708 3293 1740 3365 δὴ

133 3382 307 3464 αἱρετώτατον
322 3383 366 3441 καὶ
380 3378 553 3458 τθμίγιστον.
961 3381 1053 3461 σορίαν
1077 3385 1205 3464 ὑπάρχειν
1233 3380 1413 3464 ἀνθρωπίνην·
1439 3381 1529 3462 διόπερ
1550 3387 1567 3457 ἠ
1590 3382 1637 3459 μὲν
1662 3382 1741 3463 σορία

174 3472 362 3550 (Aristoteles
383 3469 487 3548 Topio.
507 3469 561 3531 lib.
577 3467 638 3539 vlt,
658 3489 720 3546 cap.
739 3491 751 3528 1
769 3489 834 3549 pag.
857 3470 911 3528 152
962 3470 1099 3552 ρρόνησις·
1112 3475 1140 3530 οὐ
1156 3471 1208 3549 μὴν
1222 3481 1297 3532 πᾶσα
1313 3475 1436 3553 ρρόνησις
1450 3471 1538 3552 σορία.

167 3701 208 3751 57.
222 3701 300 3750 Decet
312 3711 419 3749 movero
433 3697 560 3748 decretum
576 3696 637 3747 illud
656 3696 735 3760 ipsius
752 3696 835 3748 verbis
850 3711 908 3761 pro·
934 3689 936 3696 '
990 3706 1028 3751 ot.
1041 3702 1162 3760 Quocirca
1174 3716 1205 3754 ua
1229 3704 1378 3754 Xenocrates
1392 3700 1494 3765 quidem
1505 3699 1659 3752 demonstrat
1672 3717 1679 3749 a
1692 3714 1741 3751 non

132 3799 234 3853 ponere,
250 3789 278 3837 ut
293 3787 369 3837 etiam
381 3784 512 3849 intelligas,
524 3784 569 3848 qut
582 3787 744 3836 xenocratem
755 3785 781 3835 et
795 3785 914 3849 Speusip·
960 3783 1025 3835 enim
1036 3799 1085 3836 uua
1096 3801 1200 3840 numero
1213 3789 1251 3838 est
1262 3787 1335 3837 beata
1347 3789 1373 3836 et
1391 3784 1494 3836 honesta
1506 3784 1558 3836 vita
1570 3799 1576 3828 ι
1588 3783 1673 3846 itaque
1690 3797 1740 3834 noa

132 3889 193 3940 pum
209 3874 401 3938 reprehendunt,
418 3871 486 3938 quod
496 3871 629 3922 mmtatem
638 3885 688 3922 nou
698 3884 754 3924 esse
766 3871 912 3924 iuditl'eren·
959 3877 999 3926 est
1016 3887 1117 3928 σοοεεεε
1130 3874 1233 3927 eandem
1244 3888 1309 3936 csse,
1323 3875 1453 3937 propterea
1463 3870 1530 3934 quod
1544 3871 1623 3920 ambre
1634 3871 1740 3922 maxum

131 3965 198 4016 auus
206 3962 423 4025 annumerandam,
436 3975 515 4025 aeque
525 3961 624 4012 diritius
636 3961 737 4013 inutiles
751 3963 847 4025 puteat,
862 3975 915 4027 quo
960 3965 1010 4015 siat
1022 3964 1176 4028 expetente,
1188 3963 1233 4014 scd
1244 3963 1346 4013 alteram
1362 3959 1434 4010 alteri
1443 3959 1580 4024 subjacere.

132 4055 188 4106 looo
201 4054 248 4119 ipsi
261 4054 421 4106 vitiositatem
432 4056 536 4119 ponant,
551 4055 577 4102 et
591 4065 647 4116 qam
660 4051 692 4102 da
706 4065 737 4104 aa
748 4050 879 4103 disseram
991 4060 1030 4104 σί.
1044 4053 1208 4118 Similiterque
1218 4050 1336 4116 genialem
1352 4049 1394 4111 (ld
1409 4051 1447 4100 est
1463 4048 1585 4110 beatum),
1599 4062 1656 4100 eum
1670 4047 1741 4112 ouius

166 4147 208 4200 οθς
222 4143 324 4194 Videtur
344 4144 429 4194 autem
451 4143 601 4193 Xenocrates
619 4152 732 4192 seorsum
752 4135 863 4190 ίίαείευα
883 4137 916 4189 de
960 4143 1048 4208 genias
1062 4141 1194 4204 silbanus,
1207 4138 1418 4206 quemadmodum
1430 4140 1637 4202 Xenocratesalt,
1653 4139 1741 4203 genia·

132 4229 282 4283 numento
294 4243 324 4282 οἱ
335 4229 482 4281 mancusas
497 4232 597 4293 Ρίῐθίθ,
613 4230 639 4278 el
652 4228 768 4280 P⁰lem⁰n
786 4227 813 4278 ln
832 4228 912 4277 Gom·
960 4232 1011 4284 lem
1024 4232 1078 4284 slva
1095 4231 1195 4284 beatum
1210 4243 1275 4292 esse,
1290 4228 1361 4291 emus
1382 4227 1479 4280 animus
1494 4227 1529 4280 ait
1546 4227 1627 4280 bonus
1646 4241 1654 4274 ι
1669 4227 1738 4280 hana
1764 4273 1766 4277 ,

134 4323 261 4374 manualis
280 4321 313 4373 ds
335 4322 388 4372 vita
405 4323 501 4372 ustura
519 4321 685 4371 consentanea
705 4319 787 4384 apsrts
816 4317 914 4380 dicere,
961 4310 1026 4362 enlm
1043 4323 1115 4361 suum
1128 4309 1246 4374 cujusque
1258 4306 1432 4370 casagenlum.
1533 4314 1540 4364 t

133 4413 282 4463 damnosum
293 4423 349 4461 esse
364 4409 432 4475 quod
446 4409 474 4461 sat
489 4421 534 4473 pet·
553 4421 643 4458 carnes
656 4407 846 4470 nutrimentum,
862 4407 915 4472 jam
993 4405 1031 4450 ⁶3.
1046 4401 1194 4451 reuocatos
1208 4410 1268 4449 veto
1279 4395 1458 4448 Chalcedonius
1466 4396 1644 4448 beatitudinem
1655 4397 1742 4449 definit

132 4503 272 4554 muscetum
282 4507 307 4554 et
320 4503 453 4553 nudarum
469 4501 557 4552 animis
569 4499 743 4552 minuatum,
962 4490 1142 4555 possessiouem
1151 4487 1256 4554 propria
1270 4487 1370 4539 virtutis
1381 4490 1408 4538 et
1421 4487 1545 4538 facultatis
1556 4486 1581 4538 ei
1596 4486 1741 4550 semieutis;

168 4597 206 4643 59.
232 4591 330 4643 ttudlus
348 4591 439 4642 tertius
458 4589 582 4641 disserens
602 4590 739 4640 memorati
755 4588 816 4639 illud
831 4590 914 4640 Xeno·
963 4579 1052 4631 deinde
1067 4579 1092 4630 1¹¹
1103 4593 1154 4644 (11¹⁰
1165 4579 1267 4640 ῠῐῑίίίίῐι
1279 4579 1379 4630 Videtur
1389 4577 1472 4629 ‘110010
1488 4577 1612 4637 ίῑίίίίῦίῐίῐ
1627 4577 1744 4640 &tillim

133 4680 218 4744 eratis,
228 4683 253 4730 et
268 4679 428 4732 athenienses
444 4693 541 4744 ponam
549 4679 669 4742 irrogasse
682 4677 787 4738 homiui,
798 4677 843 4740 qui
854 4677 912 4728 vivo
963 4676 1062 4736 σείετο,
1078 4671 1200 4732 virtutem
1223 4683 1255 4722 ax
1274 4669 1365 4734 quibus
1388 4682 1464 4733 vero,
1486 4671 1603 4732 tanquam
1622 4667 1743 4732 ρατίίθαο,

134 4769 206 4821 arieti
217 4767 306 4834 pellem
318 4767 477 4833 detinuisset.
588 4801 592 4812 .
964 4764 1043 4812 rectas
1053 4759 1162 4812 actiones
1172 4761 1198 4811 οί
1210 4758 1303 4810 bonum
1316 4757 1392 4809 auinrt
1404 4757 1518 4808 habitum
1530 4758 1605 4821 atque
1617 4755 1743 4815 allectum,

166 4863 206 4910 aa.
232 4859 384 4909 xenocrates
406 4857 485 4907 ritum
508 4853 606 4907 beatam
624 4855 651 4907 et
665 4853 794 4906 honestam
816 4854 920 4905 candem
964 4854 990 4901 et
1000 4853 1082 4901 motus
1096 4852 1122 4900 et
1133 4846 1389 4912 habitudinas2quod
1404 4858 1453 4896 nou
1466 4844 1569 4896 stnehls
1586 4843 1636 4894 siut
1646 4857 1687 4893 res
1697 4857 1745 4894 er-

135 4957 192 4997 essa
203 4943 352 5008 demonstm,
366 4943 567 5008 quandoqaldem
580 4946 611 4994 ut
625 4942 729 4993 honesta
739 4943 789 4993 vita
798 4943 834 4992 sio
847 4941 920 4992 beata
964 4944 1042 4993 terna
1056 4943 1081 4992 et
1092 4941 1124 4992 ad
1136 4953 1226 5004 corpus
1235 4940 1396 5004 pertinentes.

136 5033 246 5084 maxime
259 5047 309 5084 una
331 5047 363 5084 oa
383 5032 498 5084 omnibus
516 5012 654 5096 expetenda
677 5034 717 5082 ast
738 5043 837 5080 :uuum
854 5029 920 5081 enim
996 5034 1035 5082 ot.
1050 5031 1110 5080 Nam
1128 5031 1275 5080 Xenocrates
1295 5037 1392 5090 quoque
1407 5025 1432 5074 iu
1450 5036 1524 5088 opero
1546 5023 1578 5074 do
1597 5021 1743 5086 Prudentia,

136 5134 208 5184 essa,
224 5123 291 5185 quod
313 5135 462 5186 magnopere
485 5120 651 5185 expetendum
665 5119 769 5182 etquod
783 5119 921 5170 marimum
966 5119 1110 5183 sapientiam
1123 5117 1182 5168 (licit
1197 5128 1251 5166 esse
1266 5114 1393 5166 scientiam
1413 5111 1549 5175 primamm
1570 5123 1698 5163 cauatam
1721 5114 1746 5164 et

133 5212 176 5264 stt.
966 5207 1060 5256 natarae
1073 5202 1250 5268 intelligibilis:
1274 5201 1395 5266 duplicem
1414 5213 1468 5250 asse
1482 5198 1638 5264 prudentiam
1655 5201 1744 5252 existi-
