3958 5942
814 441 1063 512 FRAGMENTA.
1704 465 1762 526 247

159 565 261 642 ltaque
273 567 358 625 etiam
371 567 465 627 Varro
479 569 515 628 de
529 571 599 646 ling.
620 572 671 634 lat.
693 573 729 648 V,
746 596 763 632 α
782 595 790 632 ι
807 589 938 657 tempus,
990 603 1043 642 νιον
1054 583 1151 642 εἰκόνα·
1162 585 1249 662 (Tim.
1263 607 1292 666 p.
1305 588 1405 663 37.cf.
1418 589 1491 652 Phil.
1504 591 1557 654 Gr.
1573 593 1685 673 Fragm.
1702 601 1761 661 vol.

157 651 271 730 inquit,
282 674 345 713 esse
362 653 463 713 dicunt
483 656 669 718 intervallum
689 663 790 721 mundi
810 672 935 747 ιιιοιιιε,]
985 671 1023 744 ΙΙ,
1038 693 1067 750 p.
1086 674 1140 733 165
1153 673 1164 752 )
1176 677 1204 733 οὐ
1218 675 1267 755 γὰρ
1280 677 1389 756 ἀριθμὸν
1402 678 1528 751 κινήσεόις
1542 703 1607 762 φησι
1621 686 1705 763 λέγειν
1719 689 1762 748 τδν

155 737 173 810 ἢ
191 739 225 809 ὥς
238 763 307 811 τινες
321 745 372 800 τῶν
394 745 522 804 Στωϊκῶν
542 745 640 824 ἔλεγον.
663 752 697 809 Οἱ
720 748 747 809 δὲ
766 751 814 824 τήν
836 755 938 830 κίνησιν
982 759 1088 838 χρόνον,
1101 760 1168 820 ὀλλόι
1183 763 1241 822 κατ’
1256 767 1365 843 ἀριθμὸν
1380 767 1520 843 κινήσεως,
1532 768 1548 827 ὀ
1560 772 1615 828 ἐστι
1634 773 1703 832 κατδι
1714 776 1762 834 τά-

156 830 255 896 ὀιτλῶς·
269 841 339 911 τρεῖς
352 829 403 913 γάρ
417 836 515 910 ἱστορεῖ
532 835 593 915 περὶ
609 835 705 916 χρόνου
719 838 811 918 δόξας,
825 843 872 910 τδς
886 868 937 922 μυ·
984 845 1031 914 ξεν.
1045 849 1136 908 Ταῦτα
1151 849 1198 926 μὶν
1213 854 1227 909 ὀ
1245 850 1423 926 Ἀλέξανδροι,
1439 854 1485 931 ἐμὲ
1499 853 1525 913 δὲ
1535 857 1667 928 ὑποδεῖξαι
1678 883 1698 939 χ
1700 859 1764 940 ρεδον

155 919 297 999 θικωτέρας
312 921 420 1000 παρείς,
437 911 494 981 εἶτα
507 923 553 981 καὶ
570 923 635 983 άλλο
648 925 735 999 τίθησι
751 928 815 1009 πρδς
829 930 858 989 τδ
873 933 937 994 αὐτδ
984 939 1089 1016 πρῶτον
1111 937 1173 1012 μέν,
1197 938 1275 1000 πόθεν
1292 940 1411 1014 Εὔδημος
1428 943 1555 1018 ὑπενόησε
1572 947 1664 1026 χρόνον
1678 949 1762 1029 λέγειν

154 1007 327 1090 όπιχείρημα.
372 1012 406 1070 Εἰ
419 1011 471 1091 γδιρ
482 1011 588 1080 πλείους
606 1005 674 1086 ήσαν
692 1019 804 1100 (φησίν)
824 1022 937 1100 οὐρανοί,
982 1022 1027 1080 τὸν
1045 1026 1177 1086 Πλάτωνα
1199 1027 1247 1100 τήν
1266 1035 1310 1088 τοῦ
1329 1033 1438 1109 οὐρανοῦ
1457 1037 1618 1115 περιφοράν,
1646 1028 1702 1097 εἶτα
1724 1039 1764 1100 ότι

154 1102 225 1156 τοῦτ’
241 1098 297 1158 ἔστι
309 1097 418 1176 κόσμοι,
432 1099 523 1180 ὥσπερ
538 1103 702 1164 ὑποτίθενται
721 1110 745 1166 οὶ
765 1109 824 1189 περὶ
842 1113 935 1187 Δημό·
982 1121 1030 1174 οὐκ
1045 1119 1181 1178 ἀκολουθεῖ
1204 1123 1281 1176 τοῦτο
1304 1118 1334 1176 τδ
1350 1119 1447 1178 άτοπον
1465 1124 1501 1201 τῷ
1528 1123 1671 1201 Πλάτωνι,
1693 1129 1728 1192 ὡς
1750 1130 1765 1186 δ

153 1209 255 1265 κριτυκ,
281 1192 299 1259 ἡ
323 1187 435 1249 ἑκάστου
458 1188 489 1247 δν
514 1193 599 1249 αὐτῶν
623 1195 752 1274 περιφορὰ
774 1196 866 1276 χρόνος
890 1192 934 1271 ήν,
982 1203 1148 1284 Ἀλέξανδρος
1170 1207 1239 1282 (leg.
1256 1205 1392 1284 Εὔδημος)
1416 1209 1601 1287 συνελογίσατο
1625 1214 1655 1273 τδ
1672 1215 1764 1295 χρόνον

153 1274 232 1335 Οὔτοι
247 1274 274 1334 δὶ
287 1277 381 1336 πολλοὶ
396 1277 427 1336 διν
439 1278 496 1356 ἅμα
510 1271 578 1351 ἦσαν
596 1282 701 1360 χρόνοι,
717 1283 781 1366 άπερ
795 1288 933 1347 ἀδύνατον·
984 1284 1050 1354 εἶναι
1070 1294 1121 1373 πρὸ
1139 1293 1244 1375 χρόνου.
1272 1298 1303 1356 Εὶ
1326 1295 1377 1377 γάρ
1398 1307 1471 1356 πᾶσα
1491 1299 1609 1374 κίνησις,
1627 1304 1721 1385 φησίν,
1736 1308 1763 1364 ἐν

153 1364 266 1435 κινήσεις
282 1365 332 1444 γὶιρ
353 1363 411 1444 ἅμα
427 1367 533 1434 πλείους
551 1358 618 1428 εἶναι
639 1369 747 1430 δυνατόν
760 1373 887 1452 ,χρόνους
908 1375 935 1434 δὲ
981 1384 1084 1465 χρόνῳ,
1097 1383 1174 1454 δῆλον
1188 1381 1228 1441 δτι
1240 1384 1285 1443 καὶ
1301 1390 1318 1457 ἠ
1333 1386 1491 1463 πλημμελής
1503 1391 1548 1447 καὶ
1563 1389 1674 1459 άτακτος
1685 1391 1762 1466 κίνη-

154 1453 291 1512 άδύνατον·
306 1456 335 1512 τό
349 1455 401 1534 γάρ
424 1457 488 1514 αὐτὸ
503 1461 547 1514 νῦν
566 1480 702 1538 πανταχου
717 1483 745 1518 το
761 1461 835 1520 αὐτό.
852 1462 887 1524 Ὁ
908 1467 935 1524 δὲ
982 1494 1022 1539 σις
1036 1476 1061 1531 ἐν
1076 1471 1173 1553 χρόνῳ.
1192 1474 1224 1532 El
1240 1465 1283 1532 οὐν
1298 1478 1315 1544 ἡ
1331 1474 1438 1547 τοιαύτη
1456 1469 1596 1550 κίνησςςῆν
1611 1483 1671 1560 πρὶν
1687 1483 1763 1562 οὖρα.

155 1541 279 1619 Εὔδημος
301 1543 346 1602 καὶ
376 1545 458 1611 ἄλλοις
480 1547 657 1626 ἐπιχειρήσεις
680 1548 783 1620 τίθησιν
805 1543 841 1610 ῶν
862 1553 935 1614 οὐδέν
980 1560 1024 1618 νδν
1036 1559 1170 1636 γενέσθαι,
1196 1562 1274 1633 δῆλον
1300 1563 1340 1622 ότι
1366 1562 1411 1622 καὶ
1427 1565 1518 1643 χρόνος
1534 1558 1566 1639 ἦν
1586 1568 1637 1647 πρὸ
1652 1575 1761 1642 τῆςτού

154 1631 252 1692 άτοπον
266 1631 299 1692 δι’
309 1635 388 1704 αὐτῆς
401 1633 504 1692 άκούειν
514 1640 561 1708 τῆς
574 1635 667 1704 λέξεως
681 1637 815 1717 λεγούσης·
831 1668 844 1694 ιι
859 1643 897 1702 έτι
908 1645 935 1704 δὲ
981 1648 1090 1727 οὐρανοῦ
1105 1659 1254 1730 περιφοράς.
1279 1652 1314 1710 Εἰ
1334 1641 1378 1708 οὐν
1403 1652 1469 1725 αὔτη
1485 1657 1498 1710 ὁ
1513 1655 1618 1733 χρόνος,
1643 1655 1684 1728 εἴη
1700 1657 1762 1718 άνό

152 1726 170 1792 ἡ
189 1719 237 1798 μὶν
252 1721 350 1794 κίνησις
365 1727 381 1794 ἡ
398 1731 441 1783 τοῦ
455 1725 552 1790 παντδς
563 1726 641 1797 δῆλον
655 1725 694 1785 δτι
706 1730 732 1784 ἐν
747 1729 832 1811 τούτῳ
850 1731 933 1809 ἐστίν,
980 1736 1071 1814 χρόνος
1085 1737 1137 1818 πρὸ
1152 1737 1263 1817 χρόνον,
1289 1738 1354 1818 πρὸς
1367 1746 1452 1798 ταῦτα
1476 1732 1519 1800 οὐν
1544 1744 1761 1821 ἀπολογήσασθαι

151 1800 235 1882 οἶονὴ
256 1811 366 1890 Διάρους
380 1812 480 1891 βάδισις
499 1817 525 1873 ἐν
546 1814 651 1894 Διάρει,
670 1815 715 1876 καὶ
730 1821 746 1888 ἡ
763 1824 808 1877 τοῦ
824 1822 934 1900 οὐρανοῦ
980 1828 1028 1884 δεῖ.
1044 1825 1084 1885 'lh
1097 1827 1147 1907 γδιρ
1159 1827 1229 1895 ὅπως
1244 1829 1383 1889 ὀΠλάτων
1397 1832 1456 1888 κατ’
1472 1831 1580 1910 ἀριθμὸν
1596 1834 1685 1893 ἰοῦσαν
1701 1835 1764 1894 αὶῶ-

151 1901 204 1975 άρα
225 1902 251 1958 ἐν
264 1905 302 1980 τῷ
321 1904 424 1983 οὐρανῷ
443 1905 594 1975 αὐτοτελής.
637 1908 724 1966 Τούτο
742 1906 769 1966 δὲ
785 1909 891 1970 ότοπον·
905 1917 933 1972 οὐ
980 1936 1032 1971 νιον
1047 1913 1133 1973 εἰκόνα
1152 1915 1195 1974 τδν
1212 1915 1305 1997 χρόνον
1317 1907 1388 1990 τίετε,
1407 1916 1465 1978 τότε
1486 1920 1678 1997 μαθησόμεθα,
1699 1921 1761 1982 ὅταν

151 1989 222 2047 δοκεῖ
235 1989 287 2070 γὰρ
308 1989 424 2070 δχρόνος
438 1993 464 2050 ἰν
478 1996 517 2071 τῷ
533 1994 635 2075 οὐρανῷ
653 1983 736 2068 εἶναι,
753 1997 820 2056 άλλδι
832 2002 933 2076 μᾶλλον
981 2003 1172 2082 Ἀριστοτέλους
1188 2004 1299 2084 ἀριθμὸν
1325 2004 1451 2076 κινήσεως
1466 2005 1583 2084 λέγοντος
1603 2009 1646 2069 τδν
1667 2011 1760 2090 χρόνον

150 2083 164 2138 δ
184 2080 290 2160 οὐρανὸς
305 2085 331 2142 έν
351 2086 389 2163 τῷ
411 2083 508 2165 χρόνῳ.
532 2081 596 2145 Ἐτι
615 2084 641 2143 δὲ
661 2085 825 2168 ἀτοπώτερον
846 2090 877 2150 τδ
896 2093 933 2168 μή
980 2091 1143 2170 ἀκούσωμεν.
1160 2093 1215 2152 Καὶ
1225 2093 1255 2152 τδ
1266 2093 1313 2172 μέν
1328 2093 1374 2165 τήν
1388 2098 1497 2176 οὐρανοῦ
1513 2097 1655 2178 περιρορὶιν
1668 2099 1761 2177 χρόνον

150 2159 217 2226 εἶναι
230 2169 326 2250 χρόνον
342 2170 443 2230 όλλοθι·
460 2177 474 2231 δ
489 2171 540 2252 γάρ
554 2173 662 2252 οὐρανὸς
684 2177 710 2232 έν
731 2178 768 2255 τῷ
783 2179 856 2258 αὐτῷ
874 2182 932 2260 ἀεί,
979 2181 1063 2257 λέγειν
1079 2179 1121 2239 τδν
1139 2182 1288 2256 Πλάτωνα,
1312 2187 1342 2242 ἐκ
1356 2186 1435 2242 τῶνδε
1450 2174 1524 2262 οἶμαι
1538 2188 1589 2242 τῶν
1609 2189 1636 2248 ἐν
1652 2187 1763 2267 Τιμαίῳ

150 2258 178 2314 ἐν
200 2257 272 2338 άλλιρ
287 2258 313 2320 δὲ
328 2260 422 2317 οὐδενί.
437 2261 495 2321 Οὐκ
512 2261 586 2321 ἔσται
603 2260 654 2341 άρα
672 2260 730 2321 οὔτε
746 2266 771 2323 ἐν
786 2264 891 2346 γῇοῦτε
907 2273 933 2326 ἐν
979 2269 1167 2346 γεγραμμένων
1181 2272 1320 2344 ὑπενοήθη·
1336 2273 1426 2353 (Tim.
1437 2294 1466 2349 p.
1481 2276 1529 2348 39.
1546 2273 1593 2331 Cf.
1610 2273 1687 2332 Phil.
1705 2276 1756 2336 Gr.

153 2346 270 2424 θαλάττῃ
292 2350 306 2405 ὀ
331 2346 435 2429 χρόνος.
480 2351 512 2408 El
532 2349 612 2428 δὲμὴ
632 2351 681 2422 τήν
704 2349 767 2424 δλην
789 2356 932 2436 περιφοράν
982 2357 1091 2434 Fragm.
1109 2361 1170 2418 vol.
1187 2360 1227 2432 ll,
1243 2383 1274 2439 p.
1296 2359 1422 2432 167.vi
1439 2360 1486 2436 μὲν
1500 2351 1543 2420 οὐν
1567 2360 1653 2439 ἡμέρα
1674 2385 1701 2419 τε
1717 2363 1764 2440 γε’-

150 2433 255 2493 λικτίον
278 2436 322 2496 τδν
338 2435 447 2516 χρόνον,
468 2437 527 2496 ἀλλ’
547 2437 643 2513 ὁμοίως
669 2438 709 2518 [i.
733 2461 759 2499 e.
779 2445 836 2501 ἀλλ’
859 2443 932 2520 ὅμως
979 2469 1036 2523 γονε
1052 2447 1094 2506 διδ
1106 2452 1188 2505 ταῦτα
1207 2453 1285 2521 ἡτῆς
1301 2459 1361 2523 μιᾶς
1386 2449 1538 2520 κυκλήσεως
1557 2449 1683 2526 περίοδος·
1706 2451 1763 2525 μεὶς

149 2536 181 2581 ιιι
195 2523 272 2602 apud
301 2525 534 2587 Demosthenem.
553 2525 626 2585 Vide
650 2526 758 2587 Reiskii
781 2528 930 2613 Indicem]
980 2537 1025 2608 δέ,
1047 2536 1153 2594 ἐπειδάν
1169 2536 1266 2610 σελήνη
1287 2537 1329 2596 τδν
1353 2542 1446 2608 ἑαυτῆς
1471 2537 1567 2596 κύκλον
1587 2541 1760 2617 περιελθοῦσα

147 2611 197 2684 τήν
211 2617 360 2672 οὔτινοσοῖν
377 2618 429 2672 τῶν
453 2614 561 2695 μορίοιν·
581 2615 691 2676 ἕκαστον
708 2617 736 2676 δέ
752 2621 804 2677 τῶν
829 2620 930 2701 μορίων
978 2622 1053 2694 ἥλιον
1069 2625 1268 2704 ἐπικαταλάόη,
1286 2627 1399 2693 ἐνιαυτὸς
1415 2626 1459 2700 δι’,
1479 2625 1576 2685 ὑπάταν
1593 2626 1692 2698 θήλιος
1716 2629 1760 2688 τδν

148 2701 236 2782 ἕτερον
248 2709 294 2762 τοῦ
309 2705 433 2782 οὐρανοῦ.
450 2702 566 2780 Ὁμοίοις
581 2707 607 2763 δὲ
624 2707 669 2764 καὶ
683 2706 813 2786 ὀούρανδς
824 2712 875 2768 τῶν
887 2731 933 2787 μο-
978 2715 1071 2771 ἑαυτοῦ
1088 2717 1213 2792 περιέλθῃ
1227 2713 1333 2776 κύκλον.
1351 2718 1413 2776 Τῶν
1424 2716 1451 2773 δὲ
1468 2715 1553 2774 ἄλλων
1568 2713 1614 2781 τδις
1627 2715 1762 2794 περιόδους

148 2791 210 2874 ρέων
230 2791 277 2850 καὶ
289 2795 317 2850 αὶ
333 2791 447 2864 κινήσεις
466 2791 554 2874 έτεραι
569 2800 613 2853 τοῦ
631 2817 661 2854 τε
674 2792 737 2855 δλου
755 2797 863 2856 καὶτῶν
886 2823 933 2877 μο-
979 2804 1027 2862 ούκ
1041 2799 1217 2874 ἒννενοηκότες
1240 2801 1372 2881 ἄνθρωποι
1396 2803 1464 2872 πλὴν
1488 2802 1571 2880 ὀλίγοι
1590 2806 1641 2860 τῶν
1657 2806 1761 2862 πολλῶν

149 2888 211 2967 ρίων
237 2889 359 2950 ἑκάστου.
383 2892 415 2949 El
436 2881 479 2950 οὐν
495 2893 522 2949 αἱ
541 2890 657 2962 κινήσεις
673 2894 776 2970 ἕτεραι,
799 2894 878 2974 φησίν
885 2941 894 2973 ,
918 2902 932 2956 ὁ
978 2892 1037 2952 οὔτε
1061 2892 1248 2969 ὀνομάζουσιν,
1266 2891 1324 2952 οὔτε
1346 2893 1409 2973 πρδς
1430 2893 1534 2964 άλληλοι
1555 2891 1761 2972 ξυμμετροῦνται

149 2975 177 3034 δὲ
193 2977 286 3056 χρόνος
307 2981 358 3058 οὐχ
381 2977 481 3060 ἔτερος,
503 2981 591 3040 άλλ’δ
614 2981 706 3056 αὐτός,
727 2984 773 3041 οὐκ
793 2982 823 3041 ἂν
839 2975 890 3042 εἶεν
904 2991 932 3046 αἱ
978 2987 1135 3047 σκοποῦντες
1154 2983 1289 3058 άριθμοῖς,
1313 2979 1380 3040 ὥστε
1398 2985 1432 3049 ὡς
1453 2980 1514 3048 ἔπος
1528 2985 1610 3038 εἰπεῖν
1623 2983 1671 3040 οὐκ
1688 2981 1762 3041 ἴσοισι

147 3067 262 3139 κινήσεις
285 3066 426 3147 θχρόνος,
449 3066 518 3126 ῶστε
532 3067 591 3128 οὔτε
613 3073 629 3140 ἡ
651 3074 696 3128 τοῦ
717 3069 814 3139 παντδς
831 3071 889 3131 οὔτε
905 3076 932 3132 αἱ
977 3067 1070 3150 χρόνον
1086 3067 1148 3126 ὄντα
1162 3068 1209 3135 τάς
1223 3067 1322 3128 τούτων
1335 3067 1445 3135 πλάνος·
1474 3069 1527 3128 Καὶ
1545 3067 1614 3127 οῧοοο
1626 3068 1672 3145 μὲν
1694 3070 1759 3129 έκοῖ·

147 3159 200 3215 τῶν
218 3155 314 3235 μορίων
330 3155 444 3228 κινήσεις
458 3161 472 3216 ὀ
486 3157 578 3237 χρόνος
592 3157 699 3220 ἐστίν.»
717 3148 784 3218 Εἶτα
799 3161 931 3241 προελθὼν
979 3181 1044 3230 σοηο
1058 3157 1177 3236 πορῖοδοο
1193 3155 1286 3236 χρόνον
1298 3157 1357 3217 τοο
1375 3157 1445 3215 δοκεῖ
1468 3155 1568 3236 λέγω,
1588 3159 1637 3228 οὐν
1659 3157 1687 3216 δὲ
1713 3166 1759 3218 τοῦ

146 3244 193 3304 καὶ
202 3244 285 3305 ταῦτά
300 3269 388 3327 ρησιν·
401 3274 413 3298 ε
428 3247 451 3305 οὶ
467 3247 494 3304 δὲ
508 3245 626 3325 λέγοντες
641 3245 688 3318 τήν
703 3253 749 3306 τοῦ
763 3247 840 3319 ήλίου
856 3250 929 3324 κίνη-
978 3245 1073 3312 παντὸς
1093 3245 1155 3322 μίαν
1170 3244 1213 3302 τδν
1230 3243 1288 3302 δκυν
1303 3243 1407 3326 χρόνον·
1429 3245 1493 3326 φησὶ
1513 3246 1573 3326 γάρ,
1587 3247 1621 3312 ῶς
1636 3249 1651 3303 δ
1664 3247 1762 3312 τέλειος

146 3357 188 3393 σιν
203 3333 247 3392 τόν
260 3333 353 3414 χρόνον
374 3336 430 3398 πῶς
443 3335 530 3414 ἐροῦσι
545 3335 605 3414 περὶ
620 3339 672 3394 τῶν
693 3334 779 3395 άλλων
797 3337 932 3418 ἀστέρων,
979 3335 1086 3416 οἷριθμύι
1108 3332 1202 3414 χρόνου
1226 3334 1270 3392 τὸν
1293 3334 1391 3394 οὲὐοῑοο
1417 3333 1534 3393 έοῑοοῐύο
1563 3339 1661 3414 πληροῖ
1687 3335 1761 3410 τοῖον

147 3423 177 3480 οὐ
202 3421 253 3502 γάρ
274 3401 380 3480 πάντων
400 3427 427 3479 αἱ
448 3423 525 3480 αὐταὶ
546 3423 635 3504 ροραί.
663 3426 697 3484 Et
718 3423 765 3501 μέν
782 3417 827 3486 οὐν
846 3437 930 3488 πᾶσαι
976 3424 1039 3484 ὅταν
1052 3426 1161 3483 ἁπασῶν
1181 3426 1233 3482 τῶν
1246 3421 1372 3502 περιόδων
1395 3422 1427 3482 τδι
1451 3422 1515 3505 πρὸς
1536 3423 1639 3496 ἄλληλα
1654 3447 1759 3502 οομπο·

145 3511 236 3592 χρόνοι
251 3502 443 3589 έτεραιοόσοιι,
461 3511 525 3571 αὐτὸ
540 3518 617 3571 τοῦτο
638 3512 747 3586 άτοπον,
761 3513 807 3574 καὶ
827 3514 931 3577 ἔσονται
979 3513 1103 3593 ραοθὲντο
1137 3513 1208 3591 τάχη
1237 3516 1289 3592 w]
1315 3512 1433 3594 κογοόἦο
1462 3516 1500 3592 τῷ
1523 3517 1570 3570 τοῦ
1593 3513 1689 3573 οοῦοοῧ
1716 3513 1761 3572 χοὶ

146 3601 241 3658 πολλοὶ
266 3599 354 3678 χρόνοι
372 3599 437 3674 άμυ·
463 3602 484 3659 εὶ
500 3599 526 3659 δὲ
544 3599 581 3674 μὴ
605 3599 693 3680 χρόνοι
712 3602 762 3661 εἶσὶ
777 3603 821 3662 καὶ
838 3607 865 3662 αὶ
880 3608 931 3662 τῶν
981 3601 1076 3679 ὁμοίως
1087 3602 1300 3681 ἀναμετρηθέντα
1312 3602 1413 3684 κύκλῳ.
1429 3600 1494 3662 Ὅτι
1510 3599 1537 3659 δὶ
1552 3603 1580 3660 οὐ
1597 3601 1761 3673 τὴνκίνησιν

145 3691 244 3748 λοιπῶν
266 3689 358 3769 ροραί,
379 3688 504 3768 διαρορδιν
526 3691 645 3762 λεκτέον,
666 3689 708 3748 διδι
728 3690 754 3749 τί
776 3697 793 3764 ἡ
814 3691 863 3768 μέν
885 3700 931 3752 τού
977 3697 1028 3751 τῶν
1044 3691 1170 3770 οὐρανίων
1191 3695 1204 3749 δ
1225 3692 1340 3752 Πλάτων
1359 3691 1430 3768 λέγει
1448 3690 1493 3749 τὸν
1512 3689 1626 3770 χρόνον,
1647 3688 1715 3748 άλλθι
1731 3691 1762 3749 τδ

146 3775 222 3848 ἡλίου
237 3775 305 3858 ρορθι
325 3777 429 3857 χρόνος,
445 3781 462 3849 ἡ
477 3776 503 3835 δὲ
518 3782 566 3847 τῆς
586 3777 696 3851 σελήνης
710 3781 739 3838 οὐ
762 3780 853 3861 χρόνος
872 3783 931 3842 οὐδὲ
978 3780 1071 3860 μέτρον
1081 3784 1127 3851 τῆς
1138 3777 1277 3853 κινήσεως,
1293 3779 1372 3860 σαρδς
1388 3779 1448 3856 μέν,
1464 3769 1548 3854 οἶμαι,
1562 3778 1608 3838 καὶ
1623 3779 1652 3835 ἐκ
1662 3778 1761 3837 τούτων

146 3865 179 3937 δή
196 3868 224 3922 αἱ
240 3869 291 3924 τῶν
307 3865 406 3927 ἄλλων.
423 3869 509 3927 Τοῦτο
526 3865 551 3924 δὲ
568 3867 649 3926 ἔοικεν
665 3869 711 3925 οὐκ
732 3870 854 3948 εὐμαρεῖ.
869 3897 882 3922 ν
896 3870 931 3931 Ὁ
978 3873 1028 3927 τῶν
1041 3867 1306 3948 παραγεγραμμένων
1322 3867 1385 3926 ἐστὶ.
1405 3868 1444 3927 Τὸ
1463 3866 1514 3947 γάρ
1538 3867 1582 3923 δεδι
1594 3863 1625 3923 τδ
1647 3867 1684 3942 μή
1703 3869 1761 3943 ὀρι-

147 3955 174 4014 δὲ
187 3953 344 4036 Ἰάμάλιχος
359 3957 386 4013 έν
397 3960 435 4038 τῷ
450 3957 534 4038 ὀγδόῳ
552 3963 604 4016 τῶν
622 3960 656 4024 εἰς
673 3957 789 4035 Τίμαιον
812 3964 932 4038 ὑπομνη-
979 3959 1051 4036 θμοῖς
1067 3963 1272 4037 συμμετρεῖσθαι
1284 3957 1331 4024 τὶς
1342 3953 1486 4037 περιόδους,
1503 3953 1544 4013 διδ
1554 3958 1631 4013 τοῦτο
1646 3953 1683 4030 μὴ
1699 3955 1763 4012 εἰδέ-

147 4045 237 4121 μάτων
256 4045 301 4104 καὶ
311 4050 395 4104 ταῦτα
409 4045 473 4126 πρδς
484 4045 531 4118 τὴν
542 4046 617 4114 δόξαν
630 4045 757 4125 ἐπήγαγε·
770 4058 845 4108 πᾶσα
859 4051 932 4122 κίνη-
978 4071 1020 4105 ναι
1034 4047 1126 4128 χρόνον
1138 4045 1200 4104 ὄντα
1215 4046 1261 4112 τδις
1276 4045 1373 4104 τούτων
1387 4044 1490 4113 πλάνας
1505 4047 1594 4120 σαρῶς
1609 4044 1702 4120 δηλοῖ,
1720 4044 1761 4102 δτι

147 4158 186 4201 σις
201 4137 226 4194 ἐν
241 4132 344 4215 χρόνῳ,
359 4135 471 4206 κινήσεις
486 4135 582 4195 πολλοὶ
595 4139 661 4212 ὁμοῦ
676 4135 839 4212 ἐνίστανται,
854 4139 888 4198 τὶν
904 4140 932 4199 δὲ
978 4141 991 4196 ὀ
1010 4136 1101 4218 χρόνος
1113 4133 1182 4194 κατὰ
1192 4133 1222 4193 τδ
1237 4133 1332 4214 μέτρον
1347 4125 1414 4192 εἶναι
1432 4137 1485 4192 τῶν
1502 4133 1630 4203 κινήσεων
1643 4131 1699 4214 ’ἔχει
1713 4134 1760 4206 τὴν

147 4224 295 4305 τοῦχρόνου
306 4223 462 4304 μόριαόλλα
473 4223 577 4286 άλλοτε.
592 4222 628 4283 Ἡ
638 4225 738 4296 κίνησις
750 4226 844 4305 περίτι
856 4228 931 4302 μένον
977 4225 1078 4286 οὐσίαν.
1095 4221 1160 4284 Ἔτι
1185 4221 1212 4282 δὲ
1235 4221 1417 4305 έναργέστερόν
1448 4225 1503 4282 ἔστι
1528 4227 1641 4300 μαθεῖν,
1665 4225 1707 4282 ότι
1731 4227 1760 4282 οὐ

146 4312 262 4393 φέρεται,
277 4313 365 4394 χρόνῳ
373 4314 400 4372 δὲ
416 4313 488 4372 οὐδέν
503 4313 614 4392 ἠρεμίας
626 4313 673 4372 δεῖ·
685 4314 786 4386 κινήσει
799 4314 900 4390 κίνησις
914 4316 931 4389 ἢ
979 4313 1073 4373 ταύτδν
1086 4311 1133 4385 τήν
1148 4312 1249 4384 κίνησιν
1270 4311 1316 4370 καὶ
1332 4310 1375 4371 τδν
1391 4311 1486 4394 χρόνον
1500 4311 1608 4392 ρησὶνό
1625 4311 1758 4383 Πλάτων,

145 4399 245 4480 ἠρεμία
255 4403 475 4481 ὀιοντιοῶνταιτῇ
495 4401 580 4480 μὶνέν
595 4401 663 4479 γένει
681 4406 737 4474 ἡέν
755 4403 835 4483 γένει,
855 4411 887 4486 τῇ
905 4407 931 4466 δὲ
978 4404 1022 4464 ὀύν
1039 4403 1154 4484 εὔρωμεν
1172 4400 1224 4475 ἤδη
1239 4399 1369 4474 κινηθέντι
1389 4403 1427 4482 τῷ
1440 4401 1521 4460 παντὶ
1539 4398 1664 4460 κατδτδν
1683 4399 1759 4480 λόγον

146 4493 173 4548 ἐν
190 4488 254 4550 εἴδει
268 4495 284 4562 ἡ
301 4493 327 4549 όν
341 4489 418 4564 εὶδει,
431 4490 519 4572 χρόνῳ
532 4490 559 4549 δέ
570 4490 652 4550 οὐδέν.
678 4491 712 4552 Ὁ
728 4489 755 4551 δέ
768 4491 933 4574 Ἀλέξανδρος
978 4493 1021 4554 διδι
1032 4492 1080 4566 τὴν
1091 4497 1137 4565 τῆς
1158 4494 1244 4572 ψυχῆς
1261 4489 1402 4568 μετουσίαν
1415 4489 1473 4550 τότε
1488 4493 1523 4556 (δι
1543 4490 1638 4570 μέτρον
1655 4493 1758 4561 1352*-

147 4580 300 4658 φιλονεικῶν
315 4580 396 4648 δεῖξαι
410 4586 457 4639 τοῦ
475 4579 620 4646 Πλάτωνος
643 4579 719 4649 δόξαν
736 4571 802 4640 εἶναι
823 4582 871 4655 τὴν
885 4583 931 4642 λέ·
978 4584 1076 4656 νήσεως
1090 4581 1257 4658 ἐπαγαγόντα
1273 4577 1318 4637 τδν
1338 4579 1440 4659 χρόνον·
1457 4579 1529 4656 λέγει
1541 4578 1568 4636 δὲ
1583 4577 1664 4644 οὔτως
1679 4577 1706 4635 έν
1718 4579 1760 4664 fh

145 4689 244 4746 γουσαν
253 4667 345 4748 χρόνον
357 4661 424 4729 εἶναι
436 4669 483 4739 τὴν
497 4675 542 4729 τοῦ
551 4671 664 4748 οὐρανοῦ
676 4670 758 4750 φορδιν
771 4678 874 4753 πρῶτον
883 4674 931 4752 μὲν
978 4671 1087 4752 Τιμαίῳ
1101 4668 1169 4746 μετὰ
1191 4667 1239 4740 ο’ὐο
1254 4673 1299 4728 τοῦ
1316 4669 1507 4744 οωμοοοῑῑδοῦο
1520 4665 1639 4747 δούλωσιν
1660 4664 1757 4744 (Tim

146 4757 191 4815 τὸν
204 4755 328 4835 Εὔδημον
340 4758 629 4839 μαρτύρεταιλέγοντα·
647 4759 832 4834 «ἠκολούθησε
845 4763 872 4822 δὲ
886 4765 932 4822 καὶ
978 4783 1007 4840 p.
1021 4763 1067 4832 37.
1076 4759 1121 4819 cf.
1135 4758 1211 4820 Phil.
1225 4758 1278 4815 Gr.
1295 4755 1315 4812 F
1317 4777 1407 4832 ragm.
1421 4755 1482 4815 vol.
1496 4753 1535 4826 ΙΙ,
1548 4775 1578 4833 p.
1597 4753 1651 4811 165
1663 4751 1672 4832 )
1685 4753 1719 4818 ὡς
1731 4751 1759 4857 δὲ

148 4843 309 4926 Πλάτωντῇ
329 4846 389 4928 δόξῃ
409 4847 493 4928 ταύτῃ
516 4849 561 4907 καὶ
576 4847 650 4925 μάλα
671 4851 784 4918 ἀτόπως·
803 4850 864 4931 πρὶν
880 4851 931 4931 γάρ
978 4847 1079 4920 κινηθὲν
1091 4846 1154 4906 αὐτὸ
1163 4849 1208 4906 καὶ
1221 4849 1270 4916 ζῶν
1281 4843 1401 4916 ἐνενόησε
1412 4847 1464 4903 τῶν
1476 4842 1567 4902 όϊδίων
1576 4845 1640 4900 θεῶν
1653 4862 1758 4944 γεγονρς

146 4935 257 5014 οὐραιδν
284 4935 419 5014 γενέσθαι,
442 4937 506 5018 ρησὶ
532 4937 634 5008 κίνησιν
654 4929 721 4998 εἶναι
741 4938 864 4999 ἄτακτον.
890 4943 931 5002 Οὐ
978 4936 1113 5018 άγαλμαδ
1130 4935 1251 5011 ἐγέννησε
1262 4933 1370 5013 πατήρ,
1389 4932 1490 5011 ήγάσθη
1505 4955 1533 4990 τε
1547 4929 1592 4990 καὶ
1607 4930 1759 5038 ιύρρανθεις

146 5021 217 5081 λίνον
231 5022 263 5094 δὴ
277 5024 343 5083 λίνω
363 5024 504 5099 συνάπτει,
525 5023 600 5104 εἴπερ
615 5034 689 5084 πᾶσα
708 5027 811 5098 κίνησις
825 5030 851 5085 ἐν
866 5027 931 5108 χρό-
977 5025 1065 5104 ὀμοιον
1079 5024 1142 5107 πρδς
1156 5023 1185 5084 τδ
1200 5021 1371 5104 παράδειγμα
1389 5020 1529 5092 ἐπενόησεν
1541 5022 1756 5098 ἀπεργάσασθαι.

147 5136 195 5191 νῳ.
208 5083 346 5174 »Ἔπιιόα
360 5117 407 5174 οὐκ
417 5115 577 5194 δποδόχεται
588 5116 640 5172 τῶν
656 5115 799 5195 λεγόντων,
812 5116 851 5176 δτι
863 5116 932 5177 καὶὸ
978 5114 1106 5194 Καθάπερ
1117 5103 1160 5172 οὐν
1175 5112 1238 5171 αὐτὸ
1252 5109 1374 5188 τυγχάνει
1399 5111 1465 5189 ζῷον
1481 5107 1562 5166 άΐδιον
1576 5105 1622 5178 ὀν,
1636 5103 1682 5164 καὶ
1697 5104 1757 5164 τόδε

148 5199 265 5262 Πλάτων
283 5202 428 5284 συμφώνως
448 5208 487 5284 τῷ
502 5202 672 5284 Ἀριστοτέλει
694 5203 737 5263 τδν
757 5204 850 5283 χρόνον
876 5205 930 5283 άρι·
977 5203 1006 5261 εδ
1018 5211 1070 5262 πᾶν
1085 5201 1165 5268 οὔτως
1179 5202 1214 5264 εὶς
1233 5197 1345 5274 δύναμιν
1362 5197 1516 5279 ἐπεχείρησε
1535 5200 1651 5256 τοιοῦτον
1663 5198 1758 5254 ἀποτε·

149 5287 216 5367 θμδν
230 5289 301 5372 λέγει
312 5291 454 5369 κινήσεως,
469 5290 550 5353 εὶπύιν
564 5289 622 5352 κατ’
636 5291 745 5373 ὐριθμδν
760 5294 849 5354 ἰοῦσαν
864 5293 930 5352 αἰώ-
977 5293 1043 5354 λεῖν.
1058 5289 1094 5351 ‘H
1110 5289 1158 5368 μὲν
1170 5278 1214 5348 οὐν
1228 5292 1275 5347 τοῦ
1289 5287 1356 5368 ζῴου
1367 5288 1443 5369 ρύσις
1455 5284 1595 5368 ἐτύγχανεν
1609 5275 1674 5346 οὐσα
1690 5281 1756 5341 αὶώ·
