3958 5942
309 423 371 482 202
402 473 406 480 .
805 415 934 478 arilei
955 414 1158 477 Platonici
1181 413 1412 475 PillLOSOPHl

308 554 362 617 οἵας
377 549 490 612 Πλάτων
506 549 590 628 ἔγνω,
604 548 697 627 λήρους
720 572 748 608 τε
768 547 813 608 καλ
826 548 1021 628 τερετίσμιιταθ
1037 548 1082 608 καλ
1130 546 1164 608 ἐδ
1184 548 1251 606 αὖτδ
1270 549 1316 608 καί
1335 547 1460 612 ὡσαύτως
1481 547 1575 625 ἔχοντα
1588 545 1643 616 dal,
1658 544 1700 604 καί
1719 545 1815 621 μάλιστα
1827 549 1861 622 μίν

307 641 433 719 φλυαρίας
456 640 598 714 ἐτόλμησεν
622 639 702 696 εἰπεῖν
721 637 755 695 τδ
778 640 829 695 τῶν
851 636 932 696 όντων
949 637 1080 698 οἰνιίετατα.
1130 635 1184 696 π’
1229 637 1321 704 ςαύτδ
1337 636 1398 696 ὄντα
1406 682 1414 709 ,
1435 635 1561 715 παραίτια
1581 631 1609 692 δὲ
1623 633 1666 692 καλ
1686 642 1736 701 τοῖς
1748 634 1862 702 άλλοιςτσδ

308 731 347 788 'fl
361 727 408 804 μὲν
423 718 467 787 ούν
481 727 559 804 ἄκρον
570 749 599 784 τε
611 725 656 785 καλ
667 726 779 806 ἔσχατον
794 728 845 784 τῶν
861 727 999 794 Πλάτωνος
1013 729 1084 807 φιλο·
1130 660 1419 784 εΠάίῒιιιαῦιαδκαστα
1430 715 1473 782 aii
1489 725 1538 802 πέρ
1547 725 1612 796 ἐστι,
1623 722 1739 794 κατδιτὴν
1749 723 1801 803 πρδς
1814 726 1861 782 ciri

308 815 465 896 σοφημοίτων
479 813 554 892 ίστί,
573 813 602 872 τό
618 813 677 893 περί
690 813 737 886 τὴν
752 812 847 886 νοητὴν
862 813 960 886 ταύτην
977 814 1022 873 καλ
1038 812 1082 872 ‹lt-
1129 811 1286 892 ὁμοιότητα,
1301 811 1440 872 audiebat
1462 811 1577 872 Πλάτων
1593 809 1654 870 ὄντα
1676 813 1703 869 ού
1717 813 1862 892 §bernicii-

307 901 361 964 διον
379 905 469 964 οὐσίαν
489 901 536 975 τὴν
555 907 606 962 τῶν
622 905 707 963 ἰδεῶν.
733 897 816 962 Ἔνθα
840 903 871 974 δὴ
899 903 974 970 πόνος
992 926 1019 962 τε
1039 902 1084 960 καλ
1129 923 1189 975 ναι,
1206 903 1236 960 οὔ
1261 902 1313 978 μὴν
1328 901 1385 960 οὐδὲ
1400 899 1470 981 λόγῳ
1484 904 1573 978 σαφῶς
1596 901 1737 970 δηλωθῆναι
1756 901 1861 976 δυνάμενα·

308 992 379 1070 ἀγὼν
400 993 554 1072 {opereat-fi
576 995 641 1072 Ινυχῇ
658 991 802 1073 πρόκειται.
827 992 859 1050 Ὀ
875 991 921 1069 μίν
937 989 987 1074 γδρ
1002 1015 1082 1070 μετα·
1131 989 1204 1058 atri<
1218 993 1252 1056 ὡς
1266 979 1318 1049 οἶόν
1333 1012 1362 1049 τε
1375 980 1408 1064 ἦν
1419 989 1483 1070 ὑπὲρ
1493 990 1578 1046 αὐτῶν
1595 987 1745 1060 ελπεῑν,,καλ
1757 993 1862 1068 φρονῆσαι,

309 1083 380 1160 σχὼν
401 1081 446 1140 καλ
461 1083 611 1162 ἐφικόμενος
627 1082 721 1153 αὐτῆς,
738 1080 843 1148 πάντως
865 1080 1005 1155 εὐδαίμων·
1023 1084 1037 1138 θ
1057 1079 1084 1139 δδ
1130 1076 1176 1137 καί
1196 1077 1398 1158 παρασκευάσαι
1420 1075 1479 1143 τοὺς
1505 1075 1647 1154 μέλλοντος
1672 1075 1863 1148 ἐπακολουθήσει,

308 1167 470 1248 ἀπολειφθείς
486 1169 530 1228 καὶ
546 1170 707 1239 σἰδυνατνίσας
721 1168 814 1246 θεωρδς
828 1166 961 1244 γενέσθαι,
977 1168 1082 1234 πάντως
1130 1166 1399 1248 πραγματευσάμενος
1413 1169 1513 1240 ταῦτα,
1526 1163 1571 1223 καλ
1589 1162 1637 1236 τὴν
1658 1163 1788 1242 σύμπασαν
1806 1167 1864 1222 abaci

308 1255 415 1336 άμοιρος
424 1257 588 1333 εὐδαιμονίας
600 1255 798 1315 καταλείπεται.
814 1258 867 1316 Καὶ
876 1255 999 1315 διδιτοῧτο
1009 1257 1083 1316 Πλά-
1130 1255 1283 1337 φιλοσοφίαν
1298 1257 1332 1322 ιλς
1346 1261 1423 1314 τοῦτο
1444 1253 1648 1332 συνταξάμενος,
1663 1255 1719 1336 περλ
1740 1252 1809 1312 ταῦτα’
1820 1275 1863 1330 φησι

310 1367 362 1403 των
374 1368 403 1404 τε
416 1349 539 1424 πανταχῆ
554 1343 746 1422 διαγωνίζεται,
762 1343 863 1412 δεικνύς
877 1343 924 1418 τλν
940 1344 1014 1424 ἰσχύν
1024 1345 1083 1404 τού·
1130 1343 1174 1402 καλ
1188 1343 1236 1417 τὴν
1251 1343 1348 1402 τούτων
1362 1342 1450 1416 νόησιν
1464 1343 1511 1414 τὴν
1525 1343 1618 1424 σοφίαν
1640 1335 1703 1402 ιλναι
1716 1341 1757 1402 αειλ
1773 1341 1810 1412 arla
1824 1343 1863 1398 ίτι-

308 1455 359 1490 των
383 1435 436 1491 τῶν
451 1431 563 1512 φύσεων.
589 1428 660 1494 Ὀὔτε
681 1431 731 1512 γδρ
746 1433 832 1490 αἰτίαν
846 1433 1003 1492 ὡντινωνοῦν
1019 1435 1083 1492 ἀπο-
1130 1434 1234 1510 οτήμην
1243 1479 1251 1508 ,
1261 1431 1295 1491 δι’
1309 1423 1341 1504 ἧς
1355 1432 1385 1490 τδ
1399 1433 1561 1512 ἀνθρώπινον
1581 1431 1652 1500 τίλος
1665 1432 1708 1491 καὶ
1721 1437 1736 1506 ἡ
1748 1427 1862 1510 μακαριοιύ

307 1519 397 1580 δοῦναί
410 1543 488 1600 φησιν
511 1513 564 1579 οἷόν
587 1543 616 1578 τε
637 1509 703 1579 εἶναι
717 1521 817 1592 καλῶς,
837 1523 869 1578 ἂν
882 1521 920 1598 μὴ
934 1545 966 1600 τη
986 1521 1084 1580 τούτων
1131 1521 1205 1600 βιοτὴ
1219 1519 1402 1600 παραγίνεται.
1418 1523 1543 1580 Τοσαῦτα
1559 1519 1704 1588 δ’λττικός.

308 1606 406 1683 μεθέξει
414 1605 438 1680 ⁸,
448 1606 506 1666 οὔτε
513 1606 607 1686 γνῶσίν
617 1629 683 1672 τινος
691 1606 850 1680 άληθοῦς,θν
862 1607 898 1684 μὴ
907 1613 940 1687 τῇ
949 1608 1013 1688 πρὸς
1020 1610 1084 1669 τού·
1171 1608 1333 1687 (Eusebius
1349 1609 1478 1687 Praepar.
1494 1611 1605 1687 Evang.
1619 1608 1668 1668 lib.
1688 1608 1744 1682 llll,
1757 1604 1863 1686 capilli

308 1719 354 1763 τοις
369 1697 494 1776 ἀναφορᾷ·
513 1695 571 1754 ἀλλ’
586 1695 643 1754 cett
657 1695 734 1772 λόγου
751 1695 905 1771 μετίσεσθαί
917 1719 996 1771 τισιν,
1011 1699 1034 1756 εἶ
1046 1699 1083 1770 μδ,
1130 1696 1194 1774 πρὸς
1212 1696 1256 1756 τδν
1270 1695 1349 1755 αύτδν
1366 1695 1540 1765 διαπαίξαντα
1559 1697 1605 1756 καλ
1620 1695 1667 1764 τδς
1680 1693 1746 1777 πορθ
1764 1698 1795 1772 τῷ
1810 1693 1863 1751 llll-

307 1782 355 1854 τὴν
369 1783 466 1842 τούτων
475 1783 564 1842 οὐσίαν
575 1781 776 1860 ὁμολογήσειαν.
789 1781 825 1842 Oi
833 1785 857 1842 τ’
869 1773 903 1841 αθ
915 1783 947 1842 τδι
954 1789 1000 1842 τοῦ
1011 1785 1084 1844 Πλά-
1130 1807 1192 1843 τωνι
1212 1783 1297 1858 ίδίας,
1312 1782 1342 1854 δς
1356 1785 1404 1844 οθκ
1415 1787 1515 1862 άγνοεῑν
1529 1785 1575 1844 κοιλ
1589 1788 1612 1845 ol
1627 1783 1753 1863 Ἓόραίων
1765 1781 1807 1853 ἤδη
1820 1777 1865 1857 τρί-

308 1893 386 1938 τωνος
405 1870 556 1930 συνιστάναι
572 1869 719 1948 δγνωκότες,
739 1871 783 1929 τδν
797 1871 916 1930 πλεῖστον
933 1874 1021 1948 ἀγῶνα
1033 1874 1084 1930 τῶν
1129 1897 1203 1954 τερον
1225 1873 1417 1944 συνεστήσαντο
1437 1875 1518 1952 λόγοι·
1546 1863 1599 1933 άπδ
1621 1877 1666 1932 τοῦ
1688 1873 1768 1930 abrai.
1789 1868 1865 1926 illatis

307 1958 391 2036 λόγων
407 1959 432 2016 ἐν
447 1956 531 2037 τούτῳ
546 1957 667 2016 τίθενται·
681 1957 750 2016 πάνυ
766 1959 924 2036 ἀναγκαίοις.
938 1959 1021 2019 Οὐδὲν
1034 1961 1084 2042 γδιρ
1131 1961 1220 2021 Attici
1234 1960 1334 2020 verbis
1351 1962 1411 2020 haec
1428 1961 1580 2040 subjungit
1598 1959 1733 2022 Eusebius
1748 1981 1754 2016 :
1768 1959 1834 2036 παρῆν
1846 1953 1865 2011 δὲ

308 2044 390 2104 ἔτιτὸ
407 2045 576 2104 Πλατωνικὸν
594 2047 784 2124 ἀπολείπεται,
809 2049 831 2105 εί
855 2045 892 2124 μὴ
913 2045 958 2113 τδς
981 2047 1084 2126 πρώτας
1132 2049 1177 2108 καί
1194 2049 1291 2109 τούτων
1306 2047 1346 2108 ίτι
1366 2049 1449 2108 πλείω
1467 2052 1497 2109 ier
1508 2054 1558 2122 τῆς
1573 2049 1726 2124 δηλωθείσης
1740 2043 1866 2124 adpellata

307 2133 351 2192 καλ
385 2134 566 2214 ἀρχικωτάτας
588 2131 676 2215 φύσεις
698 2133 795 2201 ταύτας
820 2133 1020 2214 συγχωρήσεταί
1045 2159 1084 2204 τις
1131 2143 1176 2197 τοῦ
1193 2137 1284 2217 δνδρδς
1299 2141 1412 2217 γραφῆς.
1437 2136 1513 2209 Πλὴν
1529 2137 1600 2196 dili
1623 2141 1675 2204 τοῖς
1698 2139 1816 2197 ἐκτεθεῖσιν
1832 2133 1866 2208 lp-

308 2223 393 2288 αὐτοῖς
404 2221 467 2300 ὑπὲρ
484 2222 636 2289 Πλάτωνος.
649 2225 742 2282 Ταῦτα
753 2221 803 2301 γάρ
815 2224 901 2296 ἔστιν,
916 2213 953 2290 οἷς
969 2223 1084 2302 μάλιστα
1130 2225 1278 2295 κεοθίντες,
1294 2224 1505 2303 μεταόησιίιμεθα
1525 2225 1574 2284 κοιλ
1589 2225 1631 2286 ἐπὶ
1649 2223 1693 2296 τλν
1710 2227 1753 2282 τῶν
1771 2220 1866 2282 Στωϊκῶν

307 2313 358 2368 τῶν
370 2310 456 2370 ἄλλοιν
470 2311 601 2391 ὓπερίχει.
619 2313 724 2382 Nealce<
738 2309 789 2390 γδιρ
805 2311 862 2369 θεὸν
879 2311 972 2384 αὐτός,
985 2315 1020 2380 aba
1032 2317 1084 2372 τῶν
1130 2310 1238 2395 αἵρεσιν.
1264 2311 1421 2392 Σωκράτους
1444 2314 1529 2372 τοίνυν
1551 2312 1679 2384 ἄκουσι-λς
1698 2310 1785 2388 iatam
1801 2306 1863 2367 ’λνει-

218 2421 255 2432 “·
276 2419 282 2422 ’
307 2397 431 2458 ἁπάντων
445 2397 547 2478 πατίρα
566 2399 610 2458 καὶ
622 2395 795 2481 δημιουργόν,
810 2397 854 2456 καὶ
871 2397 1020 2471 δεσπότην,
1036 2397 1082 2457 καλ
1131 2401 1235 2474 σθίνης,
1250 2399 1460 2481 ἹΙρακλιωτικός
1475 2423 1513 2468 τις
1531 2400 1600 2481 ἀνὴρ
1618 2400 1648 2460 τδ
1667 2397 1788 2479 φρόνημα,
1800 2390 1864 2469 ltili

307 2484 447 2560 κηδεμόνα·
462 2486 506 2545 καλ
527 2485 657 2566 γνωρίζων
676 2487 706 2543 ἐκ
724 2489 776 2543 τῶν
795 2483 876 2564 ἔργων
888 2533 895 2557 ,
907 2484 949 2544 τδν
962 2485 1084 2566 τεχνίτην
1129 2497 1174 2550 τοῦ
1187 2491 1296 2563 ἥδεσθαι
1310 2489 1340 2550 τὸ
1352 2493 1490 2567 μαίνεσθαι
1504 2492 1623 2571 κρεῖττον
1638 2481 1711 2549 εἶναι.
1730 2483 1866 2548 aalide·

307 2573 430 2652 πρότερον
453 2577 545 2644 νοῆσαι
562 2580 637 2633 τοῦτο
651 2571 665 2632 δ
687 2573 776 2648 μίλλει
800 2574 1015 2654 δημιουργήσειν,
1036 2565 1084 2634 εἷθ’
1132 2577 1203 2658 ρῇνει
1217 2583 1269 2644 τοῖς
1283 2579 1442 2658 γνωρίμοις,
1456 2579 1591 2656 μηδέποτε
1609 2578 1687 2662 χάριν
1699 2577 1783 2648 ἡδονῆς
1795 2571 1866 2630 δίκτυ-

307 2659 375 2720 οθτω
388 2665 426 2740 τῷ
440 2661 554 2734 νοηθέντι
568 2661 693 2734 κατόπιν,
704 2661 748 2720 ἐπὶ
764 2665 815 2722 τῶν
825 2661 988 2742 πραγμάτων
1002 2686 1084 2744 προσ·
1131 2667 1175 2726 λον
1188 2665 1319 2728 ἐκτείνειν.
1336 2667 1438 2728 Τούτου
1456 2665 1484 2724 δὲ
1498 2669 1630 2739 ἀκουστὴς
1643 2665 1727 2744 γίγονε
1747 2661 1864 2738 demirari

308 2749 379 2825 άγειν
399 2746 445 2819 τὴν
469 2749 620 2825 ὁμοιότητα·
641 2747 735 2807 ταύτδν
756 2749 788 2822 δὴ
810 2749 853 2808 τδν
869 2751 964 2830 τρόπον
989 2751 1023 2811 τδι
1037 2758 1084 2812 τοῦ
1131 2753 1225 2830 Κόων,
1246 2754 1273 2823 δς
1292 2753 1337 2814 καλ
1363 2757 1438 2823 αθτδς
1461 2756 1659 2836 θηριωδέστατα
1683 2761 1774 2836 φρονεῖν
1796 2749 1863 2816 Mitti

307 2839 366 2895 θεοῦ
381 2833 501 2910 νοήματα
515 2832 525 2870 ¹
540 2835 703 2916 πρεσόύτερα
723 2839 777 2895 τῶν
792 2838 969 2918 πραγμάτων,
983 2839 1016 2899 τδι
1031 2845 1083 2900 τῶν
1128 2841 1238 2909 πολλοὺς
1262 2841 1418 2922 ίπηγάγετο.
1435 2844 1535 2903 Τοῦτον
1553 2844 1661 2922 Κράτης
1679 2840 1802 2908 titillare
1813 2835 1865 2913 lipi-

306 2919 450 2998 γενομίνων
463 2921 679 3002 παραδείγματα,
696 2923 825 3002 ἀσώματα
840 2927 885 2986 κοιλ
899 2927 998 3002 νοητά,
1014 2929 1082 2988 κατὰ
1129 2953 1205 3002 τητος
1227 2930 1253 2990 δὲ
1269 2932 1369 3009 ἐγίνετο
1383 2931 1488 3009 Ζήνων,
1504 2936 1518 2991 δ
1532 2931 1671 3005 Κιττιεύς,
1689 2934 1756 3000 δτῆς
1769 2927 1864 2988 Στωϊκόν

314 3051 405 3063 —-
415 3049 584 3068 «Νι-*-

306 3121 401 3172 cetaria
413 3123 575 3185 antecellunt,
591 3124 665 3175 simili
677 3126 757 3189 aliqua
771 3127 886 3178 facultate
897 3129 929 3179 ad
948 3132 988 3181 aui
1000 3131 1082 3194 cogol-
1127 3131 1192 3181 sario
1208 3131 1308 3182 faciamt.
1341 3133 1425 3196 Neque
1445 3133 1511 3182 mim
1529 3133 1685 3184 Platonicum
1703 3131 1795 3195 amplias
1812 3125 1862 3190 uuil-

306 3209 397 3260 tionem
410 3222 481 3274 egere
496 3224 502 3254 ε
517 3210 610 3261 minuta
622 3213 729 3275 quadam
747 3227 792 3264 sua
808 3215 832 3264 at
843 3213 930 3266 bumlll
949 3217 1082 3268 subtilitate
1126 3231 1201 3283 quam
1221 3219 1381 3284 relinquatur,
1394 3220 1441 3270 nisi
1455 3220 1511 3284 quis
1525 3221 1655 3285 primarias
1671 3221 1722 3272 illas
1733 3217 1864 3284 principem

305 3295 427 3358 condam,
441 3301 506 3360 (quaa
521 3301 550 3348 ut
567 3301 720 3351 terrestrium
735 3301 761 3350 in
776 3315 859 3352 rerum
872 3304 985 3354 naturam
1006 3318 1081 3368 pene-
1127 3309 1227 3358 naturas
1248 3308 1356 3359 Platonis
1368 3307 1393 3358 in
1413 3308 1516 3370 gratiam
1534 3307 1566 3360 iis
1580 3307 1731 3361 concesserit.
1760 3308 1809 3356 itae
1819 3301 1864 3353 εσίυ

306 3385 371 3435 trun
383 3387 465 3449 posset
477 3398 610 3449 earumque
622 3388 750 3440 raritatem
762 3389 913 3454 perspicere,
925 3389 1081 3456 purissimam
1125 3398 1167 3450 llla
1191 3382 1266 3461 aunt,
1292 3399 1382 3462 quihus
1404 3398 1500 3450 acatal-m
1520 3401 1638 3453 omnibu,
1662 3404 1762 3452 maxima
1781 3393 1863 3461 praelat.

305 3469 387 3539 ιιοέιειιιι
404 3472 471 3523 illam
491 3475 595 3538 propriae
614 3476 724 3527 raritatis
739 3477 819 3530 lucem
843 3479 933 3530 intueri
953 3493 1001 3532 non
1015 3485 1082 3546 pate·
1126 3487 1430 3551 Quumenlmlpsedeum
1437 3500 1518 3538 τειοιει
1536 3491 1662 3553 pmantem
1675 3487 1863 3544 fabricatoremllb

304 3559 373 3624 rat,)
382 3560 486 3624 ideoque
503 3575 530 3612 se
543 3563 596 3627 ipso
609 3563 715 3626 quadam
728 3566 798 3628 quasi
812 3580 893 3618 rerum
903 3569 1009 3632 illarum,
1025 3584 1081 3634 quaa
1126 3575 1229 3638 ideoque
1240 3573 1366 3624 deminum
1381 3577 1407 3624 et
1418 3577 1557 3626 arumtorem
1569 3579 1710 3640 agnosceret
1723 3596 1730 3626 ι
1744 3586 1808 3638 quum
1820 3570 1864 3619 ilar

304 3663 378 3715 supra
390 3651 465 3715 ipsius
474 3655 572 3718 captum
584 3657 674 3716 ament,
688 3669 779 3707 οεοοιιε
791 3657 931 3722 arbitroque
948 3674 1021 3724 usus,
1036 3675 1081 3726 pe-
1125 3675 1154 3712 ετ
1165 3662 1255 3712 ποείτίε
1275 3662 1391 3726 operibus
1404 3663 1565 3729 intelligeret,
1586 3665 1704 3717 artificem
1722 3663 1746 3715 ld
1761 3665 1808 3712 ante
1817 3655 1863 3721 ‘lli'l

304 3739 407 3791 culiaraa
420 3739 482 3802 illas,
490 3741 575 3804 quales
586 3742 656 3792 Plato
665 3747 796 3808 agnoverat
807 3747 916 3810 naturas,
927 3747 1018 3811 rejecit,
1028 3748 1079 3799 illa·
1125 3753 1261 3802 allecturus
1277 3750 1310 3801 sil
1323 3751 1405 3802 anbnc
1418 3752 1624 3816 comprehensum
1640 3756 1734 3814 tenera,
1747 3764 1772 3801 ae
1781 3753 1823 3798 tum
1834 3745 1864 3792 da·

305 3828 474 3892 enceniatum
491 3829 625 3893 altissime,
640 3844 726 3895 nugas,
744 3833 1042 3898 insutusquacarrtilcnas
1056 3841 1081 3887 at
1125 3853 1194 3890 mum
1214 3853 1294 3904 quarn·
1309 3839 1376 3891 illius
1405 3841 1510 3906 speciem
1528 3841 1659 3906 eogrltandc
1684 3837 1810 3899 infantarii,
1827 3847 1865 3884 anu

304 3917 398 3968 fabulas
412 3918 519 3980 pucriles
532 3919 655 3983 appellem
666 3934 742 3972 ausus
763 3925 809 3973 est.
842 3923 938 3989 Quippe
956 3939 1080 3975 summum
1125 3928 1184 3992 ipsis
1204 3927 1315 3979 inrebna
1328 3927 1487 3980 similitudine
1502 3929 1612 3993 quadam
1628 3920 1865 3995 axpdmarazeimilltr

308 4001 369 4052 illud
382 4008 457 4066 atqua
471 4003 585 4054 ultimum
597 4007 636 4055 aet
651 4006 832 4059 Platonicorum
847 4009 1001 4074 dogmatum,
1015 4012 1080 4074 qnod
1124 4017 1221 4070 divinae
1232 4017 1358 4080 lindonae,
1374 4031 1430 4083 quaa
1443 4019 1518 4070 τείνει
1537 4020 1690 4086 antiquiores
1703 4023 1727 4072 at
1745 4029 1815 4069 ωτυεο
1826 4023 1865 4076 νῦν

303 4087 329 4136 la
343 4087 487 4150 intelligibili
508 4089 555 4140 bac
577 4095 603 4142 ct
617 4096 709 4144 aetenta
729 4096 840 4148 ideamm
857 4101 943 4148 natura
959 4101 1078 4150 versatur.
1125 4105 1188 4157 dunt
1200 4105 1312 4170 erenrpla
1322 4105 1387 4170 aiut,
1404 4107 1545 4171 eaedemque
1558 4108 1705 4175 incorporem
1717 4121 1744 4158 aa
1754 4105 1821 4156 menta
1829 4098 1864 4149 sle

303 4172 351 4222 Ubi
362 4187 490 4236 supremus
502 4177 584 4228 animo
595 4179 664 4230 labor
677 4195 705 4232 ac
723 4185 848 4234 certamen
866 4185 1018 4249 propositum
1031 4189 1079 4236 ast.
1125 4196 1244 4257 perceptae
1254 4230 1260 4254 ,
1272 4192 1414 4256 similesque
1427 4194 1465 4244 sui
1479 4207 1579 4260 semper
1591 4199 1619 4248 et
1630 4197 1715 4249 eodem
1727 4197 1863 4246 clairman-

304 4261 416 4324 namqui
431 4261 463 4312 ad
476 4263 543 4314 iilam
555 4265 663 4328 aspirare
675 4269 808 4331 eaquofrui
822 4271 944 4335 potuerit,
958 4272 981 4324 is
991 4272 1079 4325 boatus
1125 4282 1178 4340 tea,
1191 4279 1332 4343 deniqueet
1351 4281 1472 4346 precipue
1487 4282 1595 4348 primum
1616 4286 1750 4342 astantes,
1762 4272 1864 4330 electerii
1926 4307 1927 4312 κ

303 4347 401 4399 omnino
411 4369 418 4411 ς
430 4350 470 4401 cul
483 4364 538 4401 earn
549 4351 639 4404 intueri
653 4357 679 4405 ct
695 4357 791 4418 penitus
802 4357 929 4421 pervidere
940 4373 989 4410 nan
1004 4361 1078 4412 licus·
1124 4365 1212 4418 deinde
1224 4379 1305 4418 musea
1316 4380 1361 4418 cur
1371 4367 1429 4420 talia
1443 4369 1491 4420 sint
1503 4369 1613 4436 singula,
1627 4371 1776 4438 qualiacunt,
1789 4377 1824 4430 pm
1834 4369 1864 4410 νδ

303 4436 353 4498 rit,
367 4437 389 4488 is
405 4438 473 4488 omni
486 4438 604 4490 felicitate
615 4441 893 4508 privatuarelinquitur.
928 4449 1014 4512 ltaque
1032 4449 1080 4500 bac
1124 4453 1243 4518 culosque
1253 4468 1311 4506 cum
1324 4456 1477 4523 principibus
1493 4457 1541 4509 illis
1564 4460 1724 4512 similitudine
1743 4479 1749 4507 ι
1769 4454 1862 4505 aalma,

303 4525 394 4590 ubique
404 4527 473 4577 Plato
485 4530 511 4578 at
522 4529 704 4591 quoquomodo
716 4533 854 4596 contendit,
869 4535 898 4585 ut
906 4534 995 4586 barum
1006 4540 1076 4589 natu·
1125 4547 1239 4609 inquam,
1260 4545 1315 4596 illas
1335 4559 1380 4598 nec
1396 4547 1467 4598 faclle
1479 4547 1574 4614 videi,
1596 4563 1642 4602 nac
1660 4549 1763 4601 oratione
1778 4532 1864 4606 tillimi

302 4627 385 4665 aarum
398 4614 447 4664 vim
459 4617 655 4680 potestatemque
673 4617 832 4670 demonstrat.
864 4621 941 4684 flami
956 4621 1020 4673 anim
1037 4628 1080 4676 ant
1123 4633 1230 4686 dilucide
1242 4647 1314 4699 90⁵OE
1334 4647 1411 4699 quum
1429 4636 1637 4690 animadverteret
1659 4658 1666 4690 2
1686 4638 1706 4689 a,
1721 4635 1822 4701 quntum
1838 4622 1864 4673 ul

302 4702 376 4754 ullius
388 4701 486 4753 omnino
497 4703 532 4754 rai
544 4716 643 4756 σευεεω
652 4707 777 4758 commode
786 4707 856 4758 reddi
870 4711 1011 4774 pascemini
1024 4726 1080 4776 qne
1124 4721 1270 4772 dicendane
1287 4721 1369 4773 liaral
1384 4723 1593 4789 cogitandamena
1615 4727 1720 4777 bumana
1733 4716 1864 4782 tanaquil
1925 4743 1926 4754 ι

302 4789 390 4842 hanam
406 4791 577 4843 communione
593 4793 696 4856 ututur,
712 4796 756 4844 aut
770 4795 822 4846 reri
832 4794 906 4848 ullius
916 4796 1001 4852 haberi
1012 4802 1079 4852 noti·
1126 4809 1222 4862 casteria
1236 4809 1279 4873 qul
1290 4810 1320 4862 ad
1331 4824 1386 4862 earo
1398 4813 1559 4878 cognitionem
1571 4817 1655 4881 pastea
1669 4809 1789 4879 aspiraturl
1798 4801 1863 4860 εοεευλ

301 4879 569 4944 famulaturam
590 4893 632 4934 aaa
646 4884 775 4934 referatur.
807 4887 861 4936 lma
878 4885 991 4941 homiues
1004 4891 1079 4942 ctiam
1124 4899 1315 4950 commonstrare
1338 4899 1404 4950 vlam
1427 4903 1538 4966 poterat,
1561 4903 1585 4954 in
1607 4903 1715 4968 ipsarum
1729 4895 1864 4952 bactatbwl

302 4968 455 5033 nescioquas
474 4968 578 5022 rationis
598 4974 710 5035 expertes
722 4986 777 5024 assa
788 4973 912 5036 defendit,
928 4977 975 5028 nisi
993 4991 1077 5029 aarum
1124 4985 1278 5049 incumbam,
1295 4989 1321 5038 at
1330 4990 1432 5040 cuncus
1443 4989 1606 5056 philosophiae
1626 5005 1678 5043 suar
1694 4987 1790 5040 rationes
1803 4994 1827 5033 ου
1836 4989 1863 5026 lt·

301 5055 463 5108 mbatanttam
485 5059 618 5110 fateantur.
654 5061 730 5111 Porro
753 5061 796 5126 qui
818 5063 966 5116 Platonicam
986 5066 1078 5118 doctri·
1124 5085 1227 5136 racane,
1241 5074 1266 5125 ln
1284 5074 1313 5124 ite
1329 5074 1428 5128 demum
1448 5091 1582 5144 earumque
1601 5079 1687 5132 notitia
1709 5071 1865 5142 „plenumst

302 5155 359 5192 nam
373 5145 514 5198 confirmare
532 5149 683 5213 argumentis
697 5151 848 5216 statuerunt,
862 5152 909 5204 bac
927 5153 1079 5220 potissimum
1124 5161 1250 5214 scientiam
1263 5163 1354 5228 parcitas
1368 5165 1566 5232 asseuerante,
1587 5153 1865 5232 qualnfiniahummlat
1924 5215 1925 5224 γ

304 5227 328 5280 ln
345 5227 510 5306 disputatione
521 5235 591 5292 multi
600 5249 654 5288 asae
665 5237 744 5288 solent
785 5241 857 5306 Quod
872 5242 971 5312 quidam
993 5257 1078 5300 necas·
1124 5247 1203 5302 beatae
1215 5250 1272 5302 rita
1286 5253 1463 5320 passessionem
1477 5256 1612 5308 veniamus·
1627 5259 1746 5307 mm,
1757 5249 1841 5302 ςςηνω.
