4020 5950
667 486 671 490 -
707 453 757 514 un
780 453 855 516 nus
878 453 927 514 nr
948 450 1086 514 nunno
1108 430 1231 514 niune.
1737 455 1776 515 ιο

487 585 620 668 ,Κιφ..κ’.
868 635 871 640 .
950 619 952 624 ·
994 587 1067 647 Vide
1084 587 1276 646 lamblichum
1293 586 1330 644 de
1344 586 1465 665 Mysten.
1479 604 1566 661 segm.
1582 586 1726 667 lllcap.1
1749 601 1779 648 et

995 697 1060 755 quae
1071 676 1132 735 dixi
1140 679 1176 735 de
1188 677 1361 755 Empedocle
1371 677 1402 735 in
1414 675 1491 736 Phil.
1503 675 1556 738 Gr.
1569 675 1684 754 λίτομαι.
1695 677 1756 736 τοί.
1769 675 1782 735 l

995 786 1022 844 p.
1038 764 1090 825 xx
1102 785 1184 845 seqq.
1195 799 1234 812 -
1244 764 1258 800 ‘¹
1268 768 1296 825 οὐ
1307 765 1357 847 γάρ
1372 765 1403 824 ἀν
1416 788 1479 825 ποτε
1489 765 1617 845 ]εσιίρσῖ
1627 788 1636 839 3
1647 765 1736 826 codd.
1749 766 1779 824 οθ

458 907 462 914 ,
994 851 1045 933 γὰρ
1061 853 1180 930 μήποτε,
1195 854 1274 931 quod
1292 874 1351 912 non
1366 854 1533 913 defenditur
1545 856 1611 914 loco
1630 856 1780 916 Parmeni-

127 939 134 951 '
204 941 239 998 dl
249 938 278 998 δί
293 939 528 1021 μετεμψυχύσεις,
545 943 569 1000 εἰ
593 939 641 1017 μίν
655 943 690 1008 εἰς
706 939 800 1020 λογικά
815 939 946 1022 γένοιντο,
994 941 1049 1001 deo
1063 943 1094 1000 in
1112 941 1191 1002 Phil.
1208 942 1261 1002 Gr.
1274 941 1390 1019 Fragm.
1402 943 1466 1004 vol.
1480 943 1550 1004 lvs.
1569 943 1606 1002 52
1621 945 1650 1002 οὐ
1660 943 1714 1022 ’γάρ
1724 944 1778 1021 μή·

163 743 221 807 Περί
242 743 496 808 estrumentum
516 745 566 865 καὶθ
574 749 625 801 πῶς
640 747 671 802 εἰς
691 745 767 809 ἀλογα
787 746 893 808 λέγονται
907 747 948 812 φί-

511 831 553 879 ρεσ
567 833 602 866 αι.

165 1026 230 1086 αάτδ
245 1031 339 1102 τοῦτο,
352 1028 436 1112 ψυχαί
449 1027 565 1108 γίνονται
579 1031 633 1088 τῶν
651 1029 783 1108 σωμάτων
794 1029 822 1070 t.
834 1033 857 1090 εἰ
873 1030 900 1090 δέ
913 1034 949 1099 εἷς
993 1051 1057 1090 ποτε
1071 1037 1147 1092 τοῦτο
1173 1033 1239 1112 δαῇς
1260 1022 1328 1091 εἰναι
1343 1031 1381 1110 μή
1403 1032 1489 1094 ἰόντα.
1507 1032 1601 1110 Hujus
1620 1035 1699 1093 enirn
1720 1035 1779 1092 loci

164 1113 267 1190 ἄλογα,
284 1115 376 1183 ἔξωθεν
389 1114 515 1190 ίπονται,
534 1115 626 1200 ὥσπερ
636 1115 683 1176 καί
697 1121 761 1195 ἡμῖν
774 1120 797 1177 οἰ
813 1117 947 1199 εἰληχότες
993 1117 1052 1176 alla
1066 1121 1142 1178 ratio
1159 1133 1214 1180 est.
1224 1152 1265 1166 —
1281 1119 1350 1190 Ετήν
1369 1119 1396 1178 δὲ
1417 1120 1623 1200 μετεμψύχωσιν
1640 1125 1670 1180 ἐκ
1684 1125 1735 1180 τῶν
1750 1125 1780 1180 ἐκ

161 1209 236 1280 ήμάς
258 1203 379 1280 δαίμονες
395 1213 417 1264 ⁰.
432 1205 473 1265 oi
495 1204 546 1285 γάρ
564 1205 595 1266 ἀν
621 1229 685 1267 ποτε
707 1203 831 1286 ίλογική
854 1207 949 1288 ἀλόγου
993 1211 1100 1283 γενετῆς
1120 1213 1210 1269 παθῶν
1232 1207 1302 1268 ἔστιν
1318 1209 1401 1288 ἰδεῖν]
1425 1209 1562 1268 Plotinus
1580 1209 1710 1270 Ennead.
1733 1208 1779 1267 lll

161 1292 236 1374 ἰυχθ
249 1292 360 1371 lilim·
372 1291 429 1365 Τθί
450 1293 478 1353 δὲ
493 1295 700 1377 μετεμψύχωσιν
715 1299 810 1356 ἐκτῶν
829 1297 860 1356 έκ
876 1321 948 1376 γενε-
993 1292 1046 1354 lib.
1059 1294 1088 1354 ll
1109 1312 1174 1376 cap.
1189 1297 1224 1354 13
1239 1316 1267 1374 p.
1279 1298 1336 1365 264
1353 1295 1410 1354 ἐπεὶ
1422 1296 1476 1354 οὐδ’
1489 1298 1586 1355 ἐκεῖνον
1599 1295 1779 1356 ἀπούλεπτέσν

159 1384 209 1454 τῆς
222 1384 317 1441 παθῶν
332 1381 404 1442 ἔστιν
416 1382 481 1442 ἰδεῖν
493 1389 514 1438 ⁰·
530 1383 582 1444 Διά
594 1383 624 1442 τί.
634 1381 685 1464 γάρ
697 1383 721 1444 ol
736 1381 784 1460 uli
798 1383 906 1464 τυφλοί,
924 1386 948 1444 οἰ
992 1380 1036 1441 τὸν
1048 1381 1143 1460 λόγον,
1154 1380 1221 1450 8ςού
1233 1383 1296 1463 πρὸς
1307 1382 1338 1442 τὸ
1350 1382 1433 1462 παρὸν
1448 1382 1576 1442 ἑκάστοτέ
1579 1406 1650 1496 φησι
1662 1381 1779 1460 βλέπειν,

160 1467 190 1528 δί
213 1469 384 1550 παρειμένοι,
409 1471 479 1532 αἰδὲ
502 1471 549 1532 καί
572 1474 653 1544 αὐτήν
676 1470 725 1544 τήν
750 1471 838 1556 ψυχήν
860 1477 948 1542 κακῶς
995 1467 1063 1528 ἀλλά
1078 1469 1141 1551 πρὸς
1156 1469 1203 1538 τὰς
1218 1471 1331 1554 πρόσθεν
1345 1470 1481 1551 περιόδους
1497 1470 1543 1530 καί
1561 1494 1594 1529 αυ
1616 1470 1647 1530 τό
1663 1470 1777 1547 μέλλον·

161 1559 265 1642 ἔχοντες
278 1560 430 1632 τίκτονται;
447 1558 492 1620 καί
505 1563 535 1620 ἰκ
553 1565 600 1633 τῆς
615 1560 716 1643 φύσεως
732 1559 845 1640 ἐχούσας
856 1563 882 1620 ἰν
895 1561 948 1620 oad-
993 1557 1061 1618 ὥστε
1076 1563 1174 1620 ἐκεῖθεν
1198 1561 1302 1620 τάττειν
1317 1559 1365 1632 τήν
1390 1559 1483 1634 ἀξίαν,
1497 1560 1543 1620 καί
1564 1559 1733 1638 μετατιθέναι
1748 1559 1779 1616 ἰκ

163 1673 232 1726 ματι
247 1648 430 1710 πολιτεύεσθαι
443 1649 490 1717 τάς
505 1648 608 1732 ψυχάς,
629 1649 666 1728 μή
683 1651 723 1710 δεῖ
742 1649 813 1720 ἅπαξ
836 1650 948 1720 ἐξελθού-
993 1647 1126 1708 δεσποτῶν
1143 1652 1193 1708 τῶν
1207 1649 1319 1727 πρόσθεν
1337 1648 1443 1715 δούλους
1460 1653 1602 1721 ποιοῦντα,
1622 1650 1645 1707 εἰ
1661 1647 1778 1725 ίγίνοντο

164 1760 214 1805 σας
228 1736 293 1796 ίτδν
313 1737 416 1798 ἀπαντα
429 1739 512 1803 αἰῶνα
529 1739 616 1816 μάντιν
631 1741 658 1799 ἔν
674 1739 782 1822 ἀργείογς
794 1742 828 1801 Εἰ
842 1740 893 1820 γδρ
909 1743 946 1820 μή
993 1736 1070 1796 κακοὶ
1086 1737 1227 1798 δεσπόται·
1242 1735 1287 1797 καί
1303 1735 1342 1796 ότι
1353 1737 1487 1818 σύμφορον
1503 1738 1591 1803 αὐτοῖς
1601 1735 1685 1796 ούτω·
1697 1735 1743 1794 καί
1755 1736 1778 1793 εἰ

163 1827 246 1887 πάλιν
261 1828 289 1885 αἰ
306 1826 389 1910 ψυχαὶ
403 1831 439 1894 εἰς
456 1825 569 1904 σώματα
590 1827 728 1908 φίροιντο,
744 1828 847 1905 ἀνάγκη
864 1829 948 1889 ἀπεί-
993 1829 1082 1896 κακῶς
1097 1825 1245 1910 ἀχρήσαντο
1257 1824 1379 1906 πλούτῳ,
1401 1824 1533 1898 πένητας,
1549 1824 1595 1883 καλ
1611 1827 1716 1903 ἀγαθοῖς
1730 1823 1779 1881 οὐκ

164 1937 223 1994 ρους
240 1904 325 1988 εἰναι,
345 1915 362 1986 ἢ
383 1913 427 1974 τὸν
445 1915 502 1976 θεὸν
523 1915 564 1974 del
585 1918 676 1996 ἑτέρας
689 1925 786 1977 ποιεῖν.
802 1915 871 1976 Ἀλλ’
887 1919 946 1977 otei
993 1914 1145 1998 ἀσύμφορον
1171 1913 1286 1987 πένητας
1307 1901 1390 1987 εἰναι,
1404 1912 1451 1974 καὶ
1472 1911 1648 1991 φονεύσαντας
1669 1910 1777 1989 ἀδίκως,

161 2001 268 2084 ἀπειρόν
282 2026 308 2062 τι
322 2005 349 2063 ἀν
359 2006 399 2084 τῷ
409 2009 518 2082 κόσμῳ·
532 2006 559 2062 έν
570 2004 622 2084 γάρ
633 2003 825 2086 πεπερασμένῳ
839 2003 946 2086 ἀπειρόν
994 2007 1149 2082 φονευθῆναι
1157 2048 1166 2076 ,
1192 2002 1289 2068 ἀδίκως
1309 1997 1356 2080 μὲν
1371 2004 1410 2081 τῷ
1424 1999 1582 2076 ποιήσαντι,
1604 2000 1678 2079 αὐτῷ
1698 1997 1725 2058 δί
1741 2000 1779 2057 δι·

161 2115 187 2150 τι
202 2092 249 2150 οὐκ
261 2090 293 2150 ἃν
305 2092 418 2170 γένοιτο.
436 2092 507 2153 Οὐδὲ
520 2090 603 2160 ἄλλος
616 2093 732 2172 γίνεσθαι
753 2093 877 2154 δυνατόν·
894 2104 947 2154 πᾶν
993 2090 1075 2160 καίτοι
1091 2094 1129 2174 τῷ
1141 2091 1252 2152 παθόντι
1263 2115 1269 2128 ·
1282 2090 1327 2149 καὶ
1342 2088 1386 2148 τόν
1400 2087 1555 2166 πεισόμενον
1572 2095 1728 2168 συναγαγεῖν
1744 2088 1779 2154 εἰς

161 2181 226 2262 γάρ,
241 2182 269 2240 ἐν
281 2173 304 2262 ᾧ
318 2203 344 2240 τι
358 2181 458 2257 γίνεται
470 2181 560 2244 >tutudi
572 2226 581 2260 ,
596 2183 642 2242 καί
656 2182 744 2248 ἀτελὲς
756 2173 822 2242 εἰναι
835 2183 946 2260 ἀνάγκη.
993 2184 1023 2242 τθ
1037 2181 1102 2240 αύτδ
1118 2186 1155 2263 τῷ
1170 2181 1310 2261 ἐπιτηδείῳ
1325 2179 1445 2250 ποιήσειν
1467 2178 1484 2238 ἀ
1507 2185 1600 2238 παθεῖν
1616 2181 1696 2258 ἐχρῆν
1712 2179 1779 2236 ἐκεῖ·

162 2268 218 2328 Τὸν
244 2270 272 2329 δὲ
295 2271 395 2348 κόσμον
419 2270 449 2330 lx
467 2269 566 2332 τελείου
590 2270 728 2349 γενόμενον
755 2270 854 2331 τέλειον
881 2261 948 2331 εἰναι
993 2294 1046 2336 νον,
1064 2270 1112 2346 Μή
1128 2268 1222 2350 γάρδή
1236 2271 1306 2330 κατδι
1319 2268 1460 2348 συντυχίαν
1477 2268 1582 2338 δοῦλον,
1599 2264 1665 2346 μηδὲ
1681 2265 1781 2346 αἰχμά-

160 2357 299 2436 προσήκει.
993 2360 1075 2418 λωτον
1095 2361 1130 2425 ὡς
1153 2357 1262 2436 ἔτυχεν,
1279 2356 1348 2432 μηδὲ
1366 2355 1522 2436 θόρισθῆναι
1545 2357 1581 2422 εἰς
1598 2357 1677 2431 σῶμα
1705 2355 1779 2425 εἰκῆ·

202 2453 213 2482 ·
229 2447 296 2527 Περὶ
316 2445 564 2530 μετεμψοχώσεως]
585 2447 658 2508 Vide
682 2449 821 2508 Proclurn
843 2449 876 2509 in
895 2449 948 2508 Ti·
994 2448 1052 2508 ἀλλ’
1068 2437 1100 2518 ήν
1117 2468 1181 2506 ποτε
1196 2448 1280 2501 ταῦτα
1296 2443 1422 2516 ποιήσας,
1435 2441 1452 2500 ἀ
1467 2447 1512 2502 νῦν
1523 2441 1712 2520 ἰστιπόσχων.
1726 2441 1780 2500 Καὶ

163 2556 268 2600 ruaeutn
286 2535 338 2596 lib.
349 2535 374 2594 V
384 2557 451 2616 pag.
467 2541 542 2613 3²93
554 2537 704 2598 Plotinum
716 2537 788 2596 Enn.
800 2537 844 2596 lll
854 2536 906 2598 lib.
920 2537 947 2598 ll
995 2533 1099 2618 μητέρα
1119 2555 1159 2599 τις
1175 2530 1275 2592 ἀνελὼν
1295 2530 1347 2590 tei
1367 2528 1460 2597 παιδός
1475 2527 1693 2608 ἀναιρεθήσεται,
1707 2527 1781 2604 γενό-

162 2645 227 2706 cap.
243 2625 277 2686 13
290 2638 319 2684 et
332 2625 408 2685 Eun.
427 2625 465 2684 lv
481 2626 534 2685 tib.
554 2625 596 2686 lll
613 2645 675 2704 cap.
691 2625 948 2698 16;lamblichum
995 2648 1070 2702 μενος
1085 2621 1229 2704 γονή,κοί
1245 2620 1406 2700 βιασάμενος
1419 2621 1549 2697 γυναῖκα,
1566 2616 1642 2678 ίσται
1659 2615 1703 2677 ίνοι
1720 2620 1780 2698 βια-

163 2713 200 2772 ιΙιι
213 2714 345 2791 theolog.
365 2715 480 2794 AEgypt.
501 2715 540 2774 lV
556 2735 618 2794 cap.
636 2723 671 2786 ἀς
689 2715 833 2774 Hieroclis
852 2715 948 2775 locum
994 2717 1055 2792 σθῇ.
1072 2710 1155 2773 Ὅθεν
1170 2710 1216 2772 καί
1239 2709 1295 2769 θεία
1319 2708 1411 2792 φήμη,
1424 2705 1591 2790 Ἀδράστεια.
1611 2705 1684 2778 Αύτη
1698 2705 1780 2786 γάρή

162 2804 200 2861 de
215 2803 401 2880 providentia
417 2803 495 2884 apud
507 2803 644 2863 Photiunt
661 2803 733 2863 Cnd.
752 2805 947 2878 2513P1a10-
995 2799 1110 2870 διάταξις
1131 2797 1287 2880 Ἀδράστεια
1302 2797 1383 2864 ὅντως
1402 2798 1447 2856 καί
1461 2797 1541 2865 ὄντας
1557 2795 1625 2869 Δίκη
1641 2796 1686 2856 καί
1702 2795 1781 2878 σοφία

163 2911 231 2950 nem
241 2892 338 2954 Phaed.
350 2913 415 2972 cap.
431 2897 466 2953 31
480 2895 612 2954 ίνδοῖνται
624 2893 650 2952 δί
663 2895 672 2971 (
683 2895 710 2952 αἰ
725 2892 812 2978 ψυχαὶ
823 2897 875 2954 τῶν
885 2894 950 2976 φαύ·
995 2887 1145 2968 θαυμαστή.
1163 2885 1312 2948 Hierocles
1322 2889 1353 2946 in
1365 2887 1528 2964 fragmento
1543 2885 1578 2945 de
1594 2885 1782 2966 providentia

162 2979 253 3060 λων),
267 2977 357 3060 ὥσπερ
380 2979 466 3060 εἰκός,
482 2983 519 3048 εἰς
532 2980 565 3039 τό
578 2986 689 3040 τοιαῦτα
704 2980 774 3056 ήθη,
791 2983 869 3041 θποῖα
889 2981 947 3042 ἅττ’
994 2981 1071 3058 apud
1090 2979 1228 3040 Photium
1248 2978 1280 3036 in
1298 2975 1376 3037 Bibl.
1403 2975 1467 3034 cod.
1491 2971 1577 3034 CCLl
1600 2996 1608 3033 ι
1632 2974 1708 3048 ἡμεῖς
1732 2968 1780 3050 μὲν

164 3067 196 3126 ἀν
214 3069 422 3146 μεμελετηκυῖαι
436 3069 553 3150 τύχωσιν
570 3069 653 3150 ἀν’τῷ
676 3069 739 3150 βίῳ·
753 3060 806 3130 οἷον
824 3067 884 3138 τοῖς
899 3070 947 3148 μίν
993 3067 1044 3148 γάρ
1057 3072 1092 3148 τῇ
1106 3065 1192 3146 κρίσει
1204 3067 1335 3125 δικαστῶν
1350 3062 1484 3140 δαιμόνων
1506 3059 1570 3142 πρὸς
1584 3059 1631 3133 τήν
1646 3063 1699 3120 τῶν
1715 3079 1780 3139 προ·

163 3157 375 3238 γαστριμαργίας
386 3179 415 3216 τε
429 3156 474 3217 καί
490 3156 590 3239 ύὸρεως
605 3157 650 3216 καί
665 3157 821 3238 φιλοτησίας
833 3161 949 3236 μεμελη·
995 3154 1164 3233 όεόιωμένων
1187 3153 1261 3223 ἀξίαν
1283 3150 1454 3232 λαγχάνομεν
1475 3150 1586 3216 ἕκαστος
1616 3148 1688 3232 βίον·
1712 3151 1738 3207 ἐν
1759 3137 1781 3230 ᾧ

164 3244 260 3324 κύιας,
272 3246 318 3306 καί
333 3245 371 3324 μή
388 3245 635 3322 διευλαύουμίνους,
649 3248 684 3314 εἰς
695 3245 729 3306 τδι
743 3251 795 3306 τῶν
807 3245 873 3306 όνων
886 3245 948 3326 γένη
995 3245 1081 3305 πάντα
1094 3242 1284 3316 συνείληπται,
1300 3239 1374 3314 ίθος,
1391 3239 1482 3314 πόλις,
1499 3236 1598 3316 πατήρ,
1612 3235 1711 3317 μήτηρ,
1723 3259 1783 3294 και·

163 3334 274 3395 καὶτῶν
291 3335 417 3395 τοιούτων
431 3335 529 3416 θηρίων
543 3334 612 3402 εἰκδς
628 3334 779 3396 ἐνδύεσθαι·
791 3333 851 3402 τοὺς
871 3333 899 3394 δέ
919 3359 949 3414 γε
996 3334 1038 3415 ρδς
1053 3330 1240 3405 ἀποκυήσεως,
1251 3333 1330 3407 σῶμα
1344 3328 1459 3403 τοιόνδε,
1473 3325 1632 3408 ἀνατροφαί,
1645 3325 1690 3386 καί
1701 3325 1782 3408 τύχαι

164 3423 268 3493 ἀδικίας
290 3424 337 3484 καῖ
354 3423 508 3505 τυραννίδας
523 3425 569 3484 καί
587 3423 710 3505 ἀρπαγδς
723 3424 949 3504 προτετιμηκότας
995 3427 1120 3480 παντοῖαι
1134 3421 1172 3500 τῷ
1189 3418 1239 3500 βίῳ
1254 3417 1455 3500 προσήκουσαι,
1468 3417 1564 3498 τρόπος
1577 3417 1716 3490 τελευτῆς,
1730 3416 1776 3475 καί

163 3514 199 3580 εἰς
213 3511 248 3572 τδι
266 3516 319 3573 τῶν
337 3511 424 3578 λύκων
439 3536 469 3574 τε
489 3514 536 3574 καί
552 3513 666 3593 ἱεράκων
687 3512 733 3571 καί
752 3512 855 3572 ἰκτίνων
881 3511 949 3590 γίνη
995 3507 1085 3590 καιρδς
1113 3506 1341 3587 ἀποτεταγμένος·
1363 3507 1410 3568 καί
1432 3505 1531 3566 τούτων
1555 3503 1679 3564 ἀπάντων
1697 3503 1783 3582 φύλαξ
1829 3548 1831 3552 .

161 3603 222 3666 κτλ.
235 3601 318 3662 Αόόσ
328 3601 465 3662 Ovidium
477 3604 546 3662 Μαι.
559 3601 623 3675 llll,
642 3601 697 3660 158
711 3621 793 3681 aeqq.
809 3615 837 3662 et
848 3622 901 3662 nos
914 3602 951 3662 de
984 3597 1040 3658 ’καί
1055 3594 1249 3675 ἀποπληρωτλς
1264 3597 1277 3653 ό
1291 3593 1405 3675 εἰληχὼς
1417 3594 1530 3674 Δαίρων
1541 3592 1663 3666 ἔστηκεν.
1676 3591 1782 3652 Existi-

162 3691 341 3771 Empedoole
356 3691 389 3752 in
400 3691 479 3754 Phil.
493 3691 546 3754 Gr.
567 3692 684 3770 Fragm.
699 3690 787 3752 roll
806 3713 837 3771 p.
853 3691 948 3751 xvltt
996 3699 1055 3746 mat
1073 3685 1166 3762 igitur
1185 3683 1342 3744 Sallustius
1366 3684 1419 3762 qui
1442 3684 1475 3744 iu
1500 3685 1601 3761 priore
1623 3681 1687 3741 vita
1707 3681 1782 3740 alios

161 3799 225 3858 aeq.
239 3813 281 3826 -
300 3778 313 3818 θ
334 3781 358 3840 εἰ
381 3778 429 3858 μὲν
452 3783 488 3847 εἰς
511 3779 606 3858 λογικδι
624 3779 756 3857 γένοιντο,
771 3781 835 3840 αὐτὸ
856 3785 948 3854 τοῦτο,
996 3775 1090 3834 oculis
1104 3771 1289 3851 privaverint
1308 3790 1358 3830 eoa
1377 3771 1484 3830 iterum
1500 3769 1533 3827 in
1546 3767 1621 3826 hano
1634 3767 1724 3825 vitain
1741 3767 1783 3826 ita

161 3867 248 3948 ψυχαὶ
260 3868 377 3947 γίνονται
386 3873 439 3929 τῶν
450 3868 594 3950 σωμάτων]
607 3868 757 3929 Similiter.
763 3868 951 3948 Thucydides
996 3861 1142 3941 proficisci
1155 3904 1163 3934 ,
1177 3873 1209 3920 ut
1228 3860 1297 3918 caeci
1318 3871 1493 3929 nascantur3
1506 3854 1678 3932 similesque
1696 3873 1783 3914 rena-

164 3955 207 4032 ll‚
227 3957 266 4034 39
281 3958 305 4016 εἰ
321 3957 436 4037 ῥᾳθυμία
452 3957 553 4034 μᾶλλον
577 3955 695 4028 ήπόνων
719 3954 891 4035 μελέτη,ααί
911 3954 950 4032 μή
996 3949 1146 4012 scentiltua
1163 3961 1295 4006 veterum
1320 3947 1493 4005 delictorum
1523 3962 1625 4023 poenas
1643 3943 1780 4019 irrogari.
1868 3989 1869 3992 ι

165 4043 235 4120 μετά
255 4042 343 4122 νόμων
359 4041 390 4102 τδ
405 4045 495 4104 πλεῖον
516 4041 533 4115 ή
554 4043 657 4124 τρόπων
676 4043 797 4123 ἀνδρείας
818 4042 950 4120 ἐθέλοιμεν
995 4072 1035 4087 -
1047 4037 1100 4116 Ιμή
1115 4039 1154 4096 δεῖ
1169 4035 1239 4103 ἅπαξ
1254 4034 1404 4102 ἐξελθούσας
1415 4031 1459 4094 τδν
1474 4031 1579 4092 ἅπαντα
1595 4033 1677 4091 αἰῶνα
1694 4031 1781 4110 μένειν

164 4128 341 4208 κινδυνεύειν,
353 4131 534 4213 περιγίγνεται
549 4132 614 4210 ἡμῖν
631 4133 684 4200 τοῖς
705 4129 845 4211 μέλλουσιν
862 4132 950 4208 ἀλγει-
996 4133 1023 4189 ἐν
1038 4125 1168 4208 ἀργείφις]
1184 4125 1309 4203 ευνὶρεὶς
1328 4123 1415 4183 codd.
1435 4121 1474 4199 μή
1495 4125 1548 4182 δεῖν
1571 4120 1643 4191 άπαξ
1657 4120 1782 4190 ἐλθούσας

162 4227 215 4288 νοῖς
228 4219 266 4298 μή
279 4221 454 4302 προκάμνειν.
467 4232 531 4269 ..a
546 4222 570 4282 οἰ
582 4219 718 4301 εἰληχότες
733 4224 803 4297 ἡμᾶς
819 4218 951 4298 δαίμονες]
997 4217 1040 4276 τόν
1067 4215 1172 4274 ἅπαντα
1191 4218 1274 4273 αἰῶνα
1297 4211 1383 4291 μένειν
1405 4215 1431 4272 ἐν
1448 4210 1552 4292 ἀργείρ.
1570 4210 1617 4272 Cf.
1639 4210 1722 4270 Plato
1745 4210 1782 4270 de

491 4432 551 4496 cap,
573 4433 623 4482 xx,
849 4415 852 4420 ’
995 4431 1069 4490 pore,
1090 4417 1130 4466 alii
1150 4415 1225 4468 etiarn
1245 4415 1342 4479 abipso
1356 4413 1438 4464 animo
1454 4413 1518 4478 egri.
1529 4417 1680 4465 munior?
1699 4417 1782 4473 Quum

995 4509 1080 4557 autem
1091 4508 1180 4556 natura
1190 4503 1240 4555 hoe
1249 4503 1285 4554 ita
1298 4503 1468 4566 dampnatum
1482 4502 1531 4565 eit,
1543 4504 1573 4552 ut
1587 4501 1676 4553 καίοιτο
1686 4500 1713 4552 in
1725 4515 1780 4552 oor-

994 4607 1054 4660 pore
1064 4597 1202 4658 versentur,
1211 4606 1271 4645 num
1279 4591 1356 4644 semel
1365 4591 1509 4657 eorponnus
1516 4589 1783 4656 elapsasperomnium

996 4683 1146 4736 seculorum
1165 4682 1312 4734 memoriam
1328 4681 1408 4732 otiose
1426 4679 1510 4731 vivere
1526 4681 1643 4744 oportet?
1659 4681 1720 4729 Nem
1735 4677 1784 4728 nisi

196 4777 427 4828 Mimnumautem
436 4777 601 4842 migrationes,
612 4775 781 4828 eiinuaturae
790 4774 952 4838 intelligentes
995 4785 1082 4824 trusus
1098 4771 1188 4822 eritne
1206 4771 1232 4820 in
1246 4783 1350 4836 eorpora
1362 4772 1503 4828 transeunt,
1518 4768 1658 4819 innumeras
1673 4778 1727 4816 esse
1737 4777 1782 4815 ue·

169 4863 245 4927 liunt,
257 4865 283 4917 id
293 4866 390 4931 ipsum,
404 4879 536 4931 eorporum
553 4866 642 4916 anime
658 4864 768 4918 evadunt
790 4883 796 4914 ι
815 4863 909 4914 sivero
927 4862 952 4912 in
996 4872 1065 4910 cesse
1076 4853 1186 4921 eruant
1200 4857 1273 4908 deum
1288 4870 1385 4922 temper
1402 4855 1462 4906 alias
1482 4854 1588 4919 gignere.
1620 4853 1669 4902 sod
1680 4867 1710 4902 nu
1722 4851 1781 4901 inti·

170 4953 245 5003 lnuta
257 4954 383 5018 animalia,
398 4957 469 5006 extra
482 4968 572 5020 corpus
587 4955 733 5019 sequuntur,
744 4951 953 5018 quomadmodum
974 4985 979 5036 ρ
995 4949 1075 4998 nilum
1096 4945 1196 5010 quidem
1217 4945 1355 5011 quidquam
1368 4947 1407 4996 est
1427 4944 1452 4994 iu
1465 4942 1571 5002 mundo;
1591 4953 1648 4992 nam
1664 4941 1691 4990 in
1713 4941 1782 4992 finito

169 5043 197 5092 et
209 5041 274 5104 genii
285 5043 329 5107 qui
339 5055 385 5093 noe
398 5043 464 5095 nacti
477 5047 535 5096 suut
546 5044 649 5096 eomitee
664 5056 692 5095 ee
706 5042 778 5093 uobis
795 5041 865 5092 dant.
902 5043 951 5091 Ne·
974 5045 978 5070 ¹
996 5037 1056 5089 nihil
1071 5036 1138 5101 quod
1151 5035 1274 5086 inlinitum
1288 5035 1321 5087 eit
1331 5034 1462 5087 exorietur.
1498 5035 1583 5095 Neque
1598 5043 1657 5081 vero
1677 5029 1731 5082 lieri
1740 5043 1783 5094 po-

167 5142 218 5193 que
237 5129 302 5181 euim
319 5143 426 5193 unquam
445 5132 540 5184 ratione
567 5131 671 5197 predita
689 5130 776 5183 butio
797 5129 879 5180 urima
899 5127 951 5180 ssat.
997 5128 1061 5186 test,
1078 5130 1107 5177 ut
1126 5125 1182 5176 alie
1204 5127 1352 5185 ουσοοοίυες
1375 5136 1448 5174 omne
1469 5121 1550 5182 enim,
1570 5120 1597 5170 iu
1617 5133 1668 5185 quo
1689 5119 1782 5184 aliquid

166 5217 294 5270 courum
317 5219 453 5272 animorum
474 5219 635 5286 migrationes
656 5233 688 5272 ex
709 5219 800 5272 imaus
822 5217 953 5270 aflectibus
997 5230 1088 5268 norum
1100 5215 1142 5279 ut,
1155 5215 1230 5266 eunul
1241 5213 1415 5278 imperfectum
1429 5211 1463 5263 sit
1471 5223 1572 5262 neeesse
1581 5213 1629 5263 eti.
1659 5209 1780 5264 Mundum

165 5303 271 5373 uuuigi
289 5307 356 5363 lieet.
391 5311 441 5361 cur
460 5309 580 5365 euimalii
601 5309 673 5374 cnei,
700 5309 742 5362 ulti
766 5307 876 5360 marcido
896 5319 951 5357 cor·
998 5305 1206 5369 reroaperteoto
1221 5304 1379 5366 procreatum
1393 5299 1530 5365 perlectum
1543 5300 1686 5354 estedeoet.

262 5407 329 5448 εειε.
345 5409 425 5450 uano.
444 5411 479 5450 ur.
1282 5409 1285 5415 ·
1679 5401 1693 5447 ς

165 4557 196 4599 [te
212 4553 342 4600 αιιῖιιεσευιιι
361 4552 511 4608 mundone,
536 4555 560 4598 et
580 4550 740 4608 quomodote
764 4549 833 4596 bruta
846 4549 951 4596 animuin

445 4630 668 4680 tramiredtoantur.
