3958 5942
262 423 321 484 tta
724 419 772 478 DE
795 417 962 490 SEVERO',
984 415 1121 478 At'rtcu
1143 417 1194 478 ΠΤ
1215 415 1401 478 ΝΠΜΠΝΙΟ.

261 557 334 613 inter
354 553 564 632 Pythagoreos,
582 553 630 610 aiu
650 553 756 610 rectius
780 551 854 610 inter
869 549 1037 610 Platonicos
1057 574 1063 688 ρ
1084 549 1200 622 bemus,
1216 549 1293 608 hunc
1306 551 1402 628 ipsum
1414 548 1542 608 secundo
1552 562 1617 628 post
1627 549 1693 611 cnr.
1704 571 1730 612 n.
1743 553 1828 612 seculo

261 643 450 723 philosophos
461 653 631 712 numerant,
643 660 701 718 qua
713 653 796 699 aetate
810 640 931 713 vixerit,
946 640 1038 698 incer·
1059 693 1063 760 1
1085 639 1217 698 floruisse
1234 637 1413 716 conjicimus.
1429 639 1535 709 Quanti
1554 652 1645 698 autem
1667 639 1772 700 iecerint
1784 641 1829 700 ίίιι·

261 745 323 790 tuin
336 744 386 790 est.
400 731 456 790 Sed
468 751 558 808 quum
575 730 701 810 primum
715 749 731 788 a
747 729 894 788 Clemente
914 729 1038 787 Alexan·
1060 761 1063 804 t
1085 728 1172 788 menii
1197 728 1307 807 scripta
1331 727 1465 787 homines
1493 727 1706 788 Platonicorum
1726 730 1830 811 ἀίευὶρίί·

261 821 345 880 ἀιίιιο
360 820 535 895 nominetur,
557 839 706 898 quumque
720 818 843 878 Procius
860 816 919 894 (ui
942 819 970 876 in
989 817 1039 876 Ti·
1060 805 1064 850 ¹
1086 837 1152 876 nam
1166 817 1310 890 colentes,
1331 815 1400 874 hinc
1419 816 1578 876 existimari
1594 816 1676 890 licet,
1693 819 1764 896 quod
1778 821 1832 880 Por·

261 929 364 969 maeum
374 931 404 988 p.
414 910 464 986 93.
477 909 511 966 B.
528 908 768 986 Harpocrationi,
782 907 866 965 Attici
876 906 1038 986 discipulo,
1086 906 1207 984 phytiae
1223 905 1254 964 in
1277 906 1337 964 vita
1367 904 1474 964 Plotini
1501 907 1560 984 (ιο)
1579 925 1653 985 saepe
1672 907 1831 970 honorificam

260 997 429 1058 sententiam
446 997 482 1055 de
506 996 615 1075 tripiici
640 996 696 1054 deo
720 995 845 1068 tribuat,
867 1015 955 1074 quam
976 1007 1040 1053 ante
1086 995 1122 1052 de
1136 1014 1170 1053 eo
1193 995 1368 1054 mentionem
1392 993 1469 1056 iaoit.
1485 993 1638 1054 Volumina
1650 995 1712 1074 ejus
1729 995 1848 1081 [cneban-¹

261 1106 359 1146 eume
382 1085 521 1144 Numenio
539 1084 686 1143 defensam
705 1103 768 1143 ease
786 1084 970 1162 exploratum
989 1083 1039 1140 ha·
1087 1095 1135 1142 tur
1146 1081 1231 1161 ἔποψ,
1251 1081 1312 1163 πιρλ
1330 1084 1460 1163 ἀριθμῶν,
1471 1083 1532 1164 περί
1548 1082 1644 1156 τόπου,
1660 1083 1718 1164 περλ
1734 1089 1773 1144 τοῦ
1787 1087 1834 1161 ἀγι-

261 1255 402 1316 μετινέγκας
414 1256 446 1310 είς
459 1253 502 1310 τήν
520 1255 609 1302 ἑαυτοῦ
627 1251 821 1314 διγματοποιίαν.
840 1251 972 1314 Νουμήνιος
989 1252 1014 1300 δὲ
1027 1251 1041 1300 ό
1087 1251 1164 1313 μένῳ,
1177 1251 1235 1315 ὅπερ
1246 1268 1286 1314 μοι
1302 1253 1341 1300 καὶ
1354 1253 1368 1301 ό
1380 1253 1433 1316 περὶ
1446 1251 1510 1316 (leg.
1525 1269 1565 1301 κα.
1578 1253 1668 1315 πάλαι)
1680 1254 1693 1301 ό
1703 1254 1771 1316 πατήρ
1778 1253 1835 1314 όνομι

261 1327 417 1390 Πυθαγόρειος
430 1325 557 1390 φιλόσοφος
568 1324 678 1387 ἀντικρυς
689 1323 786 1388 γροίφιι·
802 1323 831 1373 Τί
844 1322 888 1388 γάρ
906 1323 957 1372 δστι
973 1321 1040 1373 Πλά-
1085 1321 1201 1383 κέκλητο,
1224 1327 1266 1372 τοῦ
1290 1323 1391 1386 Μάλχου
1407 1322 1535 1387 ίρμηνείαν
1555 1323 1650 1394 έχοντος
1663 1322 1801 1388 βασιλείς,εί
1810 1339 1835 1376 τις

259 1416 318 1462 των,
334 1401 348 1458 ή
366 1400 458 1457 Μωσῆς
473 1396 612 1458 ἀττινίζωνς
631 1395 669 1445 Gi.
685 1395 806 1444 Eusebius
826 1397 933 1460 Ρτιεροτ.
947 1397 1039 1457 Evang.
1086 1393 1118 1450 είς
1133 1393 1349 1445 intentionum
1363 1395 1516 1456 μιταόόλλειν
1535 1395 1620 1444 ίθέλοι.
1633 1394 1702 1444 Ὅθεν
1716 1395 1729 1442 δ
1745 1397 1835 1456 Λογγῖνος

258 1469 300 1520 lib.
319 1471 376 1518 vm
388 1482 442 1532 cap.
458 1475 482 1530 θ,
496 1480 522 1531 p.
538 1471 584 1517 110
600 1479 652 1529 seq.
671 1465 748 1516 ο1111ι.
764 1469 821 1516 ΧΠΙ
834 1479 888 1530 ευρ.
906 1471 943 1524 12,
958 1479 982 1528 p.
996 1467 1042 1514 663
1086 1467 1129 1529 μίν
1146 1469 1293 1531 προσφωνῶν
1310 1466 1340 1516 τὰ
1358 1467 1412 1530 περί
1431 1468 1505 1530 ὁρμῆς
1524 1465 1655 1529 Πλιοδάμφ
1670 1481 1695 1515 τε
1707 1465 1772 1526 κάμοί
1787 1467 1835 1527 Πορ·

259 1553 327 1602 eaqq.
337 1540 426 1589 suidas
440 1551 464 1587 v.
479 1539 612 1599 Νουμήνιος
627 1536 679 1586 sie:
694 1539 829 1600 Νουμήνιος
843 1535 976 1598 Ἀπαμεύς,
995 1535 1043 1584 ἀπό
1085 1535 1173 1600 φυρίιρ,
1192 1537 1313 1599 Πλεόδαμέ
1323 1536 1357 1599 Ιτι
1370 1537 1412 1586 καί
1427 1537 1528 1600 Μάλχι,
1539 1537 1697 1600 προύγραψεν.
1715 1536 1742 1585 '0
1755 1533 1772 1580 δ’
1784 1532 1835 1595 'iub

260 1612 341 1676 Συρίας
350 1649 358 1672 ,
368 1609 493 1674 φιλόσοφος
506 1608 675 1672 Πυθαγόρειος.
686 1608 761 1664 οὐτός
771 1611 835 1658 έστιν
845 1610 858 1658 ό
870 1609 913 1667 τὴν
924 1612 967 1657 τοῦ
981 1606 1043 1657 Πλά·
1085 1609 1135 1666 λιος
1151 1607 1295 1670 ίρμηνιύσας
1308 1608 1427 1670 τοῦνομα,
1440 1611 1497 1665 ὡςό
1511 1609 1642 1672 Νουμήνιος
1656 1609 1696 1657 τὸν
1711 1606 1803 1668 Μάξιμον
1812 1605 1836 1658 tit

259 1700 332 1738 τωνος
342 1683 456 1743 θξιλέγξιις
471 1679 588 1738 διάνοιαν,
599 1681 630 1734 ὡς
641 1679 668 1728 ίκ
678 1684 725 1728 τῶν
738 1678 912 1728 Μωσαῖκιῦντά
924 1678 976 1742 περί
987 1679 1041 1728 θεοῦ
1086 1679 1128 1728 τόν
1148 1678 1271 1741 Μιγάλον,
1294 1681 1369 1736 οὕτως
1385 1680 1425 1730 τόν
1447 1681 1548 1742 Μάλχον
1566 1678 1634 1734 οῦτος
1649 1681 1681 1738 είς
1695 1679 1732 1729 τόν
1754 1675 1836 1726 Βασιλέα

260 1759 299 1805 καὶ
310 1753 404 1815 κόσμου
414 1753 672 1810 ἀποσυλήσασαν,καὶ
680 1750 796 1800 διὰτοῦτό
810 1763 880 1812 φησι·
896 1749 920 1800 τί
936 1749 982 1814 γάρ
992 1749 1041 1798 ίστι
1086 1749 1183 1812 γράφει·
1196 1747 1298 1811 ’λμίλιος
1318 1751 1416 1800 Πααιλεῖ
1428 1749 1578 1814 εὖπράττειν
1604 1749 1836 1812 Δύτῶνμάνίνειατθν

260 1825 368 1884 Πλάτων,
380 1825 395 1882 ἡ
406 1827 508 1881 Μωῡσῆς
519 1821 656 1881 ἀττικίζωνς
667 1849 697 1857 -
709 1822 759 1886 (11)
775 1821 875 1870 Procius
888 1820 912 1870 in
922 1820 1042 1870 Timaeum
1086 1820 1244 1884 novennium
1259 1821 1363 1886 ἀνδρῶν,
1377 1822 1418 1880 οὓς
1431 1823 1652 1886 διατεθρυλληκέναι
1668 1822 1691 1879 ίς
1705 1822 1779 1872 ίαντθν
1790 1819 1835 1880 φής,

259 1908 284 1960 ρ.
297 1899 337 1944 θθ.
351 1897 378 1942 Α.
393 1894 420 1942 b·
436 1893 569 1955 Νουμήνιος
580 1891 622 1953 μὲν
633 1891 679 1954 γὰρ
693 1894 755 1953 τρεῖς
767 1889 904 1951 ἀναμνήσας
917 1889 980 1946 θεοὺς
994 1907 1040 1939 πα·
1088 1893 1117 1942 τὰ
1129 1897 1171 1942 τοῦ
1188 1892 1281 1956 εταίρου
1299 1895 1369 1954 ημῶν
1382 1893 1490 1956 δόγματα
1501 1895 1534 1950 τις
1549 1894 1591 1944 τον
1608 1891 1713 1954 ’μετρία
1729 1890 1836 1953 Νουμήνιον

259 1967 316 2029 τέρα
337 1964 378 2026 μέν
402 1965 470 2012 καλεῖ
490 1963 530 2011 τόν
552 1965 660 2026 πρῶτον,
685 1961 785 2019 ποιητήν
808 1961 833 2011 δέ
856 1961 896 2010 τδν
920 1961 1041 2024 δεύτερον,
1085 1964 1274 2022 ἀναγόντωνούκ
1288 1964 1317 2012 ἀν
1327 1965 1470 2028 προηκάμην
1487 1964 1567 2026 φωνήν
1579 1969 1659 2023 σαφῶς
1674 1961 1786 2014 διίστατο.
1801 1963 1837 2018 Δῆ-

260 2037 352 2098 ποίημα
365 2035 390 2084 δὲ
407 2035 447 2084 τόν
467 2033 556 2096 τρίτον·
576 2034 589 2082 ό
609 2033 654 2096 γὰρ
669 2030 758 2094 κόσμος
771 2029 823 2080 κατ’
842 2031 915 2080 αὐτόν
935 2033 949 2080 θ
964 2031 1041 2094 τρίτος
1086 2036 1125 2084 λον
1139 2035 1185 2098 γὰρ
1199 2034 1235 2084 ότι
1249 2036 1374 2085 καὶτοῦτο
1388 2036 1465 2094 ἀκτῆς
1474 2035 1531 2100 παρ’
1540 2033 1623 2092 αὐτοῖς
1633 2035 1778 2097 ἀγολλομένης
1787 2047 1837 2094 τρα·

260 2109 309 2158 ίστί
322 2106 388 2160 θεός·
404 2107 466 2155 ὥστε
479 2102 554 2152 δκατ·
566 2103 637 2152 αὐτόν
652 2104 793 2165 δημιουργὸς
805 2101 896 2164 διττός,
908 2103 922 2151 ό
936 2119 961 2152 τε
972 2107 1040 2168 πρῶ·
1086 2107 1183 2166 λῆλυθεν
1198 2104 1326 2168 εὐστομίας
1337 2123 1363 2156 τε
1375 2108 1417 2156 καὶ
1437 2107 1599 2168 εὐγλωττίας,
1616 2111 1657 2156 νῦν
1672 2107 1710 2170 μθν
1725 2106 1756 2154 ότι
1769 2101 1836 2158 „tots

259 2197 298 2237 τος
316 2177 368 2234 itit
381 2177 422 2228 καὶ
441 2177 455 2224 ό
468 2175 591 2238 δεύτεροι,
602 2175 628 2224 ti
652 2174 677 2222 δὲ
696 2174 912 2238 δημιουργούμενον
929 2172 1039 2236 ὁτρίτοτ.
1088 2179 1218 2242 φλήναφος,
1228 2177 1293 2234 αὐθις
1307 2178 1345 2240 δι’,
1364 2179 1402 2228 ότι
1412 2179 1597 2242 ῦποόολιμεῖος,
1609 2179 1637 2230 ἐκ
1646 2177 1757 2244 τρίτωνδί
1768 2176 1797 2225 δτι
1805 2175 1835 2222 ιιί

260 2251 369 2312 Ἄμεινον
389 2249 434 2311 γάρ
448 2251 517 2296 τοῦτο
537 2246 627 2309 λέγειν,
643 2248 658 2305 ῆ
674 2247 706 2302 ὡς
726 2245 815 2300 inivit
828 2261 884 2306 μηοῖ
897 2246 1041 2310 τραγῳδῶν,
1085 2249 1115 2299 τὰ
1137 2248 1274 2311 φαυλότατα
1286 2254 1334 2300 τῶν
1357 2249 1431 2300 όντων
1444 2250 1636 2313 ῦποόοιλλόμενος
1653 2255 1686 2314 τῷ
1701 2245 1836 2299 διασιλλαίνειν

260 2319 371 2384 πάππον,
382 2320 493 2381 θγγονον,
508 2316 632 2378 ἀπόγονον.
644 2316 672 2366 '0
684 2317 710 2365 δὲ
724 2321 799 2365 ταῦτα
809 2316 885 2376 λέγων
895 2321 989 2379 πρῶτον
1000 2317 1042 2379 μέν
1087 2321 1158 2372 αὐτόν
1172 2321 1261 2380 δηλαδή
1279 2320 1334 2370 κατ’
1354 2321 1427 2370 αὐτοῦ
1444 2320 1572 2384 λεγόντων.
1593 2324 1639 2372 Σοῦ
1658 2321 1682 2371 δί
1702 2325 1728 2384 τῆ
1745 2316 1837 2382 προφάσει

260 2395 304 2443 οὐκ
318 2393 391 2456 δρθιῦς
402 2391 503 2452 τάγαθόν
522 2390 660 2452 συναριθμεῖ
670 2389 752 2438 τοῖσδε
770 2391 819 2443 τοῖς
837 2387 929 2444 uitiato
948 2389 984 2438 Οὐ
996 2391 1042 2454 titt
1086 2393 1161 2458 ταύτη
1175 2393 1287 2456 οἰομένου
1299 2394 1346 2442 δεῖν
1363 2393 1516 2456 ἀποχρῆσθαι
1526 2393 1587 2457 πρός
1598 2393 1625 2442 τό
1642 2395 1682 2442 καὶ
1694 2392 1722 2442 τό
1736 2395 1787 2452 ῆρῖν
1797 2387 1837 2448 ἀμ’·

260 2465 359 2526 πέφυκεν
374 2464 449 2512 έκεῖνο
468 2459 606 2522 ζεῦγνυσθοιί
624 2475 686 2509 τισιν
699 2459 752 2508 οὐδέ
765 2459 875 2523 δευτέραν
888 2459 952 2524 ίχειν
970 2461 1042 2510 ἀλλον
1086 2481 1178 2517 σνοντα
1191 2464 1254 2528 ἔχειν
1268 2464 1438 2528 προχειρότερα
1455 2464 1487 2520 τίς
1500 2463 1650 2528 ἀνάμνησιν,
1668 2465 1707 2512 καὶ
1717 2463 1741 2512 τό
1756 2455 1837 2510 ἀπ’θνό·

260 2537 335 2594 τάξιν·
350 2535 401 2585 όδέ
414 2535 492 2594 πατήρ
507 2531 572 2596 παρὰ
585 2535 620 2593 τῷ
632 2531 743 2582 Πλάτωνι
753 2530 859 2593 δεύτερος
875 2531 986 2580 τέτακται
999 2538 1042 2582 τοῦ
1087 2555 1144 2600 ματν
1158 2535 1252 2598 ίταίρου
1264 2533 1361 2598 ἀνδρός,
1378 2535 1418 2583 οία
1433 2538 1474 2586 τοῦ
1487 2535 1631 2594 Πλωτίνου,
1649 2532 1761 2598 μεγάλου,
1776 2531 1793 2580 εί
1808 2527 1838 2576 κοί

260 2610 366 2665 ποιητοῦ.
382 2605 436 2654 1Πτι
452 2604 477 2652 δέ
494 2603 520 2652 τό
542 2603 620 2660 πάσης
635 2602 775 2665 ίίῃρημίνον
790 2601 897 2665 σχέσεως
918 2603 1041 2654 συντέττει
1088 2609 1162 2658 πάλαι
1191 2606 1378 2668 διαόεόοημένα,
1402 2607 1602 2671 ὁλοσχερέστεροι
1627 2611 1726 2670 γνῶναι,
1739 2601 1839 2660 ῦπήκουοι

260 2683 309 2734 τοῖς
325 2675 435 2726 ῦπάὐτδ
448 2675 489 2722 καί
504 2674 555 2736 μετΙ
569 2673 641 2722 αὐτό·
663 2674 697 2722 δεῖ
710 2673 734 2722 δέ
749 2677 823 2722 ταῦτα
842 2675 884 2734 μίν
897 2673 1042 2737 ἀναπέμπειν
1085 2681 1128 2730 καί
1149 2675 1190 2727 οὐν
1207 2680 1260 2736 ῆκω
1288 2677 1415 2734 ἀποδιδούς
1434 2694 1474 2727 σοι
1491 2679 1521 2728 τὰ
1545 2677 1720 2740 ἀπηγγελμένα,
1739 2675 1761 2724 έν
1781 2669 1838 2738 τριοίμ

261 2751 299 2800 ἐπὶ
313 2751 340 2800 τό
353 2754 461 2814 πρῶτον,
476 2746 566 2796 ἐκείνου
582 2746 607 2794 δὲ
620 2750 700 2794 πᾶσαν
714 2745 820 2808 ἀφαιρεῖν
834 2746 927 2808 σχέσιν.
939 2748 1000 2797 Οὐδὲ
1015 2749 1042 2800 τό
1085 2751 1196 2814 ῆμέραις,
1209 2751 1241 2806 όις
1253 2750 1294 2798 καὶ
1311 2749 1381 2806 αὐτδς
1394 2749 1466 2799 οἶσθα
1479 2752 1640 2814 πεπονημένα.
1654 2746 1735 2812 Χριλδδ
1745 2743 1839 2801 «iniit

261 2822 375 2884 πατρικὸν
388 2819 434 2882 ἀρα
450 2823 491 2866 τοῦ
503 2817 589 2874 wit
602 2815 730 2880 ίθομίίόΰῑῑ
745 2820 780 2878 ῖῷ
791 2818 887 2880 πμὼτμ.
901 2819 983 2868 Ταῦτα
997 2819 1042 2882 γάρ
1086 2823 1114 2872 ἀν
1130 2821 1162 2884 μή
1178 2821 1206 2870 ta
1221 2825 1262 2877 τῆς
1272 2825 1320 2869 τῶν
1330 2821 1504 2882 συνταγμάτων
1516 2821 1615 2872 ἐκείνων
1628 2819 1785 2884 παραθέσεως,
1799 2811 1837 2863 οὗτι

261 2896 284 2942 έν
297 2897 347 2949 ταῖς
364 2891 412 2954 μετ’
427 2891 485 2939 αὐτό
498 2888 594 2946 τάξεσιν
608 2887 711 2951 ἀνεφάνη
723 2893 771 2936 τῶν
789 2889 951 2951 θεῶν.“Τρίτον
964 2890 989 2939 δέ
1004 2891 1041 2940 ίπὶ
1087 2891 1129 2944 οῦν
1139 2891 1330 2956 συντεταγμένα,
1342 2891 1392 2942 οὔτ’
1404 2892 1568 2957 ίῑειλεγμόνα,
1584 2890 1634 2942 ἀλλ’
1648 2891 1694 2941 ἀπδ
1707 2894 1744 2949 τῆς
1758 2887 1838 2938 uetuit

260 2965 351 3020 τούτοις
368 2963 396 3012 τὸ
409 2963 504 3024 διαιρεῖν
517 2962 557 3010 τόν
576 2960 669 3024 πατέρα
681 2961 722 3009 καί
744 2961 845 3020 ποιητήν
856 2965 899 3010 τοῦ
917 2962 1042 3020 Πλάτωνος
1086 2965 1210 3022 δντεόίεως
1226 2963 1442 3024 ἀναπεπολημένα,
1456 2964 1498 3013 καί
1520 2967 1554 3021 ως
1574 2967 1657 3029 πρῶτα
1669 2961 1786 3027 προύπιοτν
1797 2957 1839 3007 Ικι·

262 3035 302 3084 ίνα
311 3035 352 3083 καὶ
364 3035 404 3084 τὸν
417 3033 488 3080 αὐτὸν
499 3032 638 3096 ἀμφοτέροις
647 3037 698 3088 τοῖς
709 3031 825 3096 ὀνόμασιν
836 3034 985 3096 θμνήσαντος
997 3037 1042 3086 οὐκ
1085 3052 1144 3098 στα,
1159 3035 1223 3085 οῦτω
1237 3035 1352 3099 ταχθέντα
1362 3035 1462 3084 ἀνταῦθα
1472 3073 1479 3096 ,
1489 3037 1532 3083 νῦν
1545 3033 1692 3097 συγγνώμης
1703 3029 1785 3100 δικαίας
1796 3025 1842 3090 μοί

262 3105 336 3168 δρθύν.
357 3104 408 3154 Μία
421 3105 492 3166 γάρῆ
510 3104 561 3152 θεία
574 3103 716 3169 δημιουργία
737 3105 777 3152 καί
795 3105 828 3160 είς
848 3107 861 3154 ό
882 3110 982 3165 ποιητὴς
999 3111 1041 3158 καί
1085 3112 1130 3158 σοῦ
1153 3111 1248 3170 τυχεῖν,
1275 3107 1352 3164 άλλως
1370 3107 1450 3156 τεκαί
1471 3111 1515 3156 τοῦ
1534 3106 1685 3170 βουλήματος
1705 3110 1743 3154 τοῦ
1760 3101 1798 3152 ant
1811 3117 1842 3156 ομ

262 3177 338 3238 πατὴρ
352 3179 475 3237 πανταχοῦ
487 3175 523 3238 τῷ
535 3174 645 3224 Πλάτωνι
658 3173 831 3238 παραδέδοται,
847 3176 888 3224 καί
897 3176 1041 3228 τδδιασποῖν
1085 3179 1141 3243 πρὸς
1155 3181 1218 3242 ἡμᾶς
1229 3177 1356 3240 όμολογίαν
1366 3176 1518 3240 ὐπαγομένου
1528 3178 1589 3240 πρός
1597 3194 1667 3228 τινων
1677 3175 1751 3240 ἀνδρός
1761 3172 1785 3224 οὐ
1795 3170 1842 3234 affl

261 3249 302 3308 τήν
315 3247 369 3316 μίαν
386 3247 462 3296 αἰτίαν
475 3245 653 3307 τοῖςθνόμασιν
667 3245 811 3309 ἐφεπόμενον
829 3247 911 3308 ὅμοιον
926 3249 1006 3314 ὥσπερ
1020 3252 1041 3300 τί
1085 3247 1209 3313 προχείρου
1223 3248 1456 3314 ίλεῖν’ῦιτάρχοντος,
1467 3248 1507 3299 διὰ
1518 3249 1566 3308 τήν
1579 3248 1662 3300 ἀλλοτε
1673 3247 1744 3304 ἄλλως
1753 3245 1797 3308 περί
1807 3247 1841 3292 τόν

263 3335 296 3375 τις
310 3323 352 3368 τοῦ
369 3316 495 3373 Πλάτωνος
508 3317 535 3367 τδ
547 3320 593 3364 πᾶν
607 3317 704 3380 οὐρανὸν
719 3319 759 3366 καὶ
773 3317 864 3378 κόσμον
881 3319 1038 3379 έπονομάζον·
1086 3323 1162 3370 αὐτῶν
1173 3323 1204 3377 ως
1219 3321 1247 3369 ἀν
1262 3321 1333 3377 δόξειε
1350 3321 1431 3384 φοράν.
1453 3321 1509 3371 Ὀτι
1523 3321 1548 3371 δδ
1565 3323 1586 3371 εί
1607 3339 1630 3370 τι
1648 3325 1694 3369 τῶν
1710 3319 1755 3368 ἀπό
1770 3322 1804 3376 τῆς
1815 3316 1841 3364 oi·

264 3407 301 3446 τοι
314 3391 356 3440 δύο
372 3391 403 3438 τὰ
415 3389 611 3452 δημιουργήματα
626 3390 702 3448 ἔδοτε,
713 3390 752 3438 τὸν
771 3391 813 3452 μὲν
826 3388 941 3452 οὐρανόν,
957 3391 997 3440 τόν
1013 3393 1038 3444 δέ
1085 3392 1151 3448 κείιις
1166 3392 1245 3448 ἑστίας
1258 3393 1485 3457 παραχαράττοιτο,
1503 3393 1625 3458 διορθόιση
1639 3393 1750 3454 εὐμενῶς,
1764 3387 1840 3439 εὐοίδι.

259 3460 365 3523 κόσμον,
374 3459 479 3522 καθάπερ
492 3461 592 3508 ἐνταῦθα
602 3459 691 3516 διττόν,
702 3459 759 3520 φησί
769 3497 775 3518 ,
785 3461 812 3509 τό
823 3460 1003 3524 δημιουργικόν,
1015 3464 1042 3514 τό
1085 3462 1253 3528 Ἡνέγκασμαι
1268 3465 1291 3513 δ’
1310 3466 1342 3521 ὡς
1356 3463 1446 3526 ἀοικιν,
1466 3464 1500 3520 ὥς
1515 3464 1564 3514 τιού
1579 3481 1648 3528 φησιν
1661 3465 1676 3522 ῆ
1691 3459 1808 3526 τραγῳδία,
1818 3457 1841 3503 in

261 3534 303 3597 μέν
312 3533 398 3594 πατήρ,
410 3529 438 3582 τό
449 3532 474 3581 δέ
485 3531 592 3590 ποιητής.
604 3531 828 3595 Ἁρποκρατίωναδὲ
840 3533 986 3595 θαυμάσαιμ’
998 3534 1041 3596 ἀν,
1085 3534 1265 3598 φιλοπράγμων,
1280 3541 1309 3598 τῆ
1329 3533 1377 3584 ἀπό
1393 3538 1439 3583 τῶν
1456 3538 1498 3584 τοῦ
1517 3535 1682 3598 καθηγεμόνος
1696 3535 1758 3596 ἡμῶν
1770 3526 1840 3590 δογμό·

261 3605 282 3654 τί
295 3605 335 3652 καὶ
345 3604 416 3659 αὐτὸς
430 3603 507 3666 ίαντῷ
519 3619 546 3664 γε
555 3603 651 3668 ἀρέσκοι
662 3607 759 3652 τοιαῦτα
769 3606 822 3665 περὶ
832 3609 874 3654 τοῦ
897 3605 1041 3669 δημιουργοῦ
1085 3621 1133 3654 των
1145 3605 1285 3664 διαστάσει,
1297 3603 1400 3654 εὐθύνειν
1411 3621 1437 3654 τε
1450 3607 1491 3654 καὶ
1506 3605 1687 3656 ἀποποιεῖσθαι.
1700 3601 1799 3653 Τοιοῦτον
1809 3598 1842 3659 ἀμ

261 3673 551 3738 διαταττόμενος.Ἔπεται
561 3673 605 3736 γάρ
615 3674 717 3736 τῷδετῖρ
728 3672 793 3736 ἀνδρί
800 3674 862 3722 κατὰ
868 3675 910 3732 τήν
920 3679 1041 3739 τιῦντριιῖιν
1084 3675 1114 3736 ῆν
1129 3677 1157 3726 τό
1174 3677 1213 3726 σοί
1236 3675 1410 3739 χαρίζεσθαιιέξ
1424 3676 1529 3733 ἀπαντος
1549 3677 1685 3740 βούλεσθαι.
1702 3675 1805 3741 Ἓῤῥυοο·
1821 3693 1842 3706 ··

261 3747 318 3796 θεῶν
325 3745 459 3811 παράδοσιν
474 3747 514 3794 καὶ
535 3744 637 3794 καθόσον
650 3746 726 3794 διττόν
746 3750 812 3795 ποιεῖ
829 3746 871 3796 τόν
883 3746 1039 3812 δημιουργόν,
1085 3745 1153 3796 Ιόειιι
1165 3746 1181 3796 1.
1198 3759 1220 3798 e.
1236 3759 1289 3810 cap.
1311 3752 1352 3797 2⁰.
1364 3747 1418 3796 Ἔτι
1430 3747 1456 3796 δέ
1479 3751 1524 3796 τοῦ
1536 3748 1674 3811 Δογγίνου,
1689 3748 1784 3806 euzo
1797 3755 1841 3800 οὐ·

261 3819 375 3868 ἀποκαλεῖ
385 3817 410 3867 et
417 3818 457 3866 τόν
463 3821 556 3880 πρῶτον
566 3817 617 3866 θεὸν
630 3817 735 3880 Οὐρανόν
745 3818 785 3866 καί
797 3818 894 3881 Κρόνον,
910 3819 982 3869 τονδὶ
991 3821 1042 3870 δεύ-
1084 3819 1206 3882 γράμματι
1221 3819 1322 3883 γέγραφε
1333 3821 1384 3883 περί
1407 3819 1532 3870 Πλωτίνου
1550 3837 1579 3872 τε
1597 3822 1637 3870 παὶ
1649 3819 1748 3884 Ἆμιλίον
1758 3815 1791 3866 καί
1806 3817 1841 3862 τόν

259 3907 325 3952 τερον
331 3889 375 3938 Δία
387 3891 427 3939 καὶ
439 3893 512 3952 Ζῆνα,
522 3889 562 3938 τὸν
573 3889 598 3939 δὲ
608 3887 686 3952 τρίτον
696 3890 794 3954 οὐρανόν
805 3889 845 3938 καί
856 3889 956 3951 κόσμον.
966 3891 1041 3942 Πάλιν
1084 3890 1137 3940 καθ’
1149 3891 1233 3940 ἑαυτόν
1244 3891 1376 3952 γεγονότων
1397 3889 1545 3954 φιλοσόφων,
1568 3893 1698 3954 ἀναγκαῖον
1713 3889 1839 3953 amitino

260 3961 284 4010 δὲ
296 3959 326 4010 αὐ
340 3962 477 4020 μεταόαλὼν
489 3962 528 4011 τδν
538 3965 632 4024 πρῶτον
645 3961 690 4010 Δία
704 3961 874 4026 προσαγορεύει
883 3963 923 4012 καί
940 3964 1040 4024 βασιλέα
1083 3963 1123 4012 ίνα
1134 3963 1174 4010 καί
1189 3962 1276 4023 πλήρης
1293 3962 1389 4023 γένηται
1403 3965 1418 4022 ῆ
1430 3963 1482 4026 περί
1491 3963 1571 4013 αὐτῶν
1583 3965 1658 4027 κρίσις
1670 4001 1678 4026 ,
1688 3963 1726 4014 οία
1736 3962 1803 4023 titt*
1810 3961 1841 4006 ῖοῦ

259 4035 301 4079 τοῦ
315 4035 416 4090 νοητοῦ,
429 4033 468 4080 τόν
489 4032 514 4081 δέ
534 4032 642 4096 δεύτερον
657 4033 777 4096 ἄρχοντα,
791 4036 831 4084 καί
854 4037 867 4084 ό
887 4033 958 4091 αὐτὸς
972 4036 1038 4098 αὐτῷ
1083 4033 1273 4096 ίλλογιμωτάτου
1287 4033 1368 4097 ἀνδρὸς
1383 4037 1423 4085 καί
1437 4037 1653 4096 ίλεγκτικωτάτου.
1668 4031 1840 4100 'ammonii

260 4099 362 4158 γίγνεται
372 4101 441 4160 Ζεύς,
457 4101 557 4164 Κρόνος,
571 4103 684 4166 Οὐρανός.
695 4105 783 4154 ’Πάντα
792 4109 850 4166 γοῦν
861 4105 938 4154 ταῦτά
949 4105 998 4154 ίατι
1013 4107 1040 4155 τό
1083 4105 1110 4154 τό
1124 4105 1214 4168 βιόλίον
1228 4105 1347 4167 Λογγίνου
1362 4107 1419 4168 πρός
1432 4109 1556 4158 Πλωτῖνον
1576 4111 1618 4158 καὶ
1637 4107 1772 4160 Γεντιλιανόν
1787 4103 1838 4166 'Aui-

260 4173 364 4228 πριῦτον,
386 4169 414 4218 οῦ
430 4171 507 4220 πάντα
526 4174 540 4220 θ
561 4173 707 4236 Παρμενίδης
730 4175 824 4238 ἀφεῖλε,
844 4179 891 4224 πᾶν
910 4176 986 4238 ὄνομα
999 4179 1039 4226 καὶ
1083 4177 1133 4224 λιον
1145 4177 1197 4240 περὶ
1212 4177 1301 4233 τέλους,
1314 4173 1382 4240 Ἔχει
1402 4176 1427 4226 δέ
1447 4176 1540 4228 τοιόνδε
1551 4179 1685 4243 προοίμιον.
1702 4175 1789 4228 Πολλῶν
1801 4168 1840 4220 καθ’

258 4241 335 4288 πάντα
347 4239 466 4300 λόγονκαὶ
483 4247 562 4290 πᾶσαν
578 4245 671 4304 σχέσιν.
685 4247 731 4294 Καί
748 4250 814 4306 ἡμεῖς
824 4246 866 4307 μέν
886 4246 939 4296 οὐδὲ
951 4247 1040 4310 πατέρα
1084 4249 1163 4308 ἡμᾶς,
1178 4247 1198 4296 δν
1213 4247 1348 4310 Μάρκελλε,
1368 4249 1530 4310 γεγενημένων
1550 4249 1700 4314 φιλοσόφων,
1720 4247 1761 4310 οὐχ
1772 4247 1841 4304 ium

259 4315 300 4362 τόν
315 4316 410 4372 πρῶτον
424 4312 573 4374 ἠνεσχόμεθα
592 4315 687 4376 καλεῖν,
703 4316 754 4364 att
767 4317 795 4366 τδ
815 4316 873 4364 αὐτὸ
890 4318 932 4366 καί
950 4321 1040 4382 πατέρα
1082 4318 1146 4380 παρὰ
1160 4317 1216 4376 τούς
1229 4319 1338 4381 πρώτους
1358 4323 1400 4376 τῆς
1412 4319 1505 4378 ἡλικίας
1517 4321 1587 4382 ήμῶν
1606 4321 1704 4386 χρόνους
1716 4320 1744 4382 (ό
1760 4317 1795 4380 μίν
1807 4315 1840 4374 tit

262 4381 301 4428 καί
315 4381 411 4444 ίγγονον
425 4384 464 4430 καί
484 4383 601 4444 ἀπόγονον
618 4383 743 4448 ἀπέφηνεν.
756 4387 857 4442 Ἆττικδς
868 4388 933 4448 δι’,ό
954 4389 1039 4438 τούτου
1081 4391 1122 4437 νῦν
1134 4389 1213 4452 καιρός
1223 4388 1272 4438 οὐδ’
1285 4391 1358 4440 είπεῖν
1379 4389 1458 4452 ίστιν,
1470 4390 1530 4449 δσην
1542 4392 1629 4442 σπάνιν
1642 4393 1728 4456 ίσχηαε
1738 4395 1775 4440 τοῦ
1781 4384 1840 4446 nuit·
1919 4405 1920 4438 ι

258 4453 413 4514 διδάσκαλος,
427 4453 525 4503 αὐτόθεν
537 4455 575 4503 τόν
588 4455 730 4518 δημιουργόν
742 4457 775 4512 είς
785 4457 871 4507 ταύτόν
880 4459 932 4520 ἀγει
942 4459 1039 4524 τάγαθῷ
1082 4459 1172 4523 ματος)
1187 4459 1221 4509 ίτι
1242 4460 1267 4510 δέ
1287 4461 1414 4522 μειρακίων
1428 4461 1503 4510 όντων
1517 4465 1603 4526 ῆμιῦν,
1621 4463 1665 4514 οὐκ
1683 4463 1752 4525 θλίγοι
1771 4453 1840 4508 τῦνίῖ

257 4526 308 4574 κτλ.
322 4549 354 4561 -
368 4525 417 4587 (ta)
435 4523 586 4588 Porphyrius
598 4525 623 4575 iu
637 4525 689 4575 viia
702 4525 792 4575 Plotini
804 4539 858 4590 ουρ.
873 4531 899 4578 14
915 4529 939 4578 έν
951 4531 976 4589 δὲ
989 4537 1039 4588 ταῖς
1081 4531 1207 4598 φιλοσοφίᾳ
1230 4533 1306 4593 λόγων
1326 4533 1491 4597 προέστησαν,
1514 4533 1556 4591 οῦς
1577 4533 1683 4591 ἅπαντας
1705 4535 1743 4598 μίν
1761 4529 1839 4592 initio

258 4595 394 4653 συνουσίαις
413 4597 585 4659 ἀνεγινώσκετο
605 4597 647 4658 μέν
666 4596 733 4659 αὐτῷ
754 4596 785 4646 τὰ
802 4599 975 4660 ὑπομνήματα,
993 4601 1039 4652 εἶτε
1082 4603 1137 4652 ίδεῑν
1150 4606 1206 4666 ῆμῖν
1220 4603 1261 4653 διὰ
1272 4603 1315 4663 τήν
1329 4605 1356 4654 έκ
1369 4604 1460 4655 παίδων
1475 4606 1514 4656 ίπί
1528 4606 1632 4664 πολλοὺς
1648 4607 1733 4662 τόπους
1749 4603 1840 4665 ἀμυτιῑτ

257 4671 362 4734 Σεόήρου
374 4668 425 4728 είη,
441 4667 490 4716 είτε
509 4667 620 4731 Κρονίου,
634 4671 648 4728 ῆ
664 4667 799 4730 Πουμηνίου
809 4705 815 4730 ,
827 4670 843 4728 ῆ
856 4669 944 4733 Γαίου,
956 4674 971 4732 ῆ
987 4677 1038 4722 ’Δτ-
1081 4677 1189 4735 γονεῦσιν
1204 4673 1345 4736 ίπιθημίαν,
1359 4676 1512 4738 συγγενέσθαι
1528 4675 1553 4726 n
1567 4677 1649 4726 αὐτῶν
1664 4680 1711 4732 τοῖς
1721 4673 1839 4724 tunam
1918 4675 1919 4702 ί

255 4745 338 4792 τικοῦ·
353 4739 397 4790 κάν
417 4743 464 4796 τοῖς
480 4741 675 4802 Περιπατητικοῖς
688 4739 719 4790 τά
732 4755 757 4788 τι
769 4739 898 4790 Ἆσπααίου
917 4742 956 4791 ναί
973 4741 1037 4792 ’Λλε-
1082 4744 1144 4794 κατὰ
1159 4744 1231 4794 ταύτὸ
1244 4749 1341 4810 συχνοῖς
1354 4745 1429 4796 δθνεσι
1442 4747 1482 4796 καὶ
1494 4746 1593 4797 πόλισιν
1604 4747 1758 4810 ἀπιμίίαντας,
1773 4743 1798 4791 01
1809 4736 1839 4802 uit

255 4813 366 4876 ξάνδρου,
377 4811 505 4875 Ἀδράστου
516 4827 542 4860 τι
556 4811 597 4859 καί
609 4816 657 4860 τῶν
674 4811 838 4874 ἐμπεσόντων.
853 4839 885 4849 -
902 4813 970 4863 idem
983 4813 1000 4864 1.
1014 4827 1035 4865 ο.
1081 4817 1121 4864 καί
1136 4815 1175 4864 διὰ
1196 4822 1283 4879 γραφῆς
1306 4817 1461 4882 ἐπεχείρησαν
1482 4817 1514 4867 τέι
1532 4820 1651 4868 δοκοῦντά
1665 4834 1729 4882 σφισι
1748 4825 1838 4876 W·

255 4896 309 4949 cap.
322 4889 349 4936 17
361 4883 444 4934 τῶνδέ
455 4883 553 4942 ἀπδτῆς
564 4883 675 4940 Ἑλλάδος
686 4885 715 4934 τὰ
731 4884 868 4948 Πουμηνίρυ
887 4885 1036 4936 αὐτόνομα·
1069 4887 1188 4936 ’τιύεσθαι
1198 4926 1203 4950 ,
1215 4887 1385 4944 καταλιπόντες
1398 4893 1447 4944 τοῖς
1460 4887 1648 4952 ίπιγιγνομένοις
1661 4894 1701 4946 τῆς
1716 4885 1766 4949 παρ’
1776 4881 1839 4932 οδῖῧῖ

257 4955 384 5004 θάλλεσθαι
398 4954 531 5014 λεγόντων,
546 4955 586 5001 καὶ
604 4958 675 5002 τοῦτο
687 4955 745 5015 πρὸς
766 4952 872 5013 Ἁμέλιον
886 4955 1037 5017 ἀγγέλλοντας
1080 4957 1191 5020 ὠφελείας
1211 4962 1355 5022 μετασχεῖν’
1372 4960 1395 5007 οί
1409 4957 1431 5008 δ’
1444 4959 1551 5024 ἀποχρῆν
1565 4977 1649 5024 σφισιν
1661 4959 1788 5022 ῆγήοαντο,
1797 4951 1837 5004 τούς
1917 4967 1918 5018 j

258 5027 384 5090 Τρύφωνος
403 5031 444 5074 τοῦ
469 5029 575 5075 Στωϊκοῦ
599 5042 624 5074 τε
647 5026 687 5074 καί
705 5026 872 5084 Πλατωνικοῦ,
892 5027 1036 5089 γίγραρενθ
1079 5028 1192 5083 συνόντας
1204 5027 1352 5090 προδιθάζειν
1361 5030 1393 5085 είς
1405 5029 1448 5088 τήν
1460 5035 1508 5078 τῶν
1522 5030 1673 5095 ἀρεσκόντων
1687 5031 1773 5082 ίαυτοῖς
1782 5019 1838 5073 κοτέ·

257 5096 360 5156 Ἀμόλιος
371 5095 499 5157 βιόλίον,θ
514 5095 680 5160 ἐπεγράψαμεν
693 5097 745 5157 περὶ
759 5100 801 5153 τῆς
810 5095 872 5144 κατὰ
886 5095 916 5144 τὰ
928 5096 1036 5158 δόγματα
1079 5100 1156 5162 ληψιν.
1175 5097 1221 5148 Ὧν
1233 5105 1277 5150 τοῦ
1292 5101 1334 5163 μέν
1347 5102 1462 5166 προτέρου
1479 5102 1590 5166 γεγόνασι
1607 5103 1696 5168 τρόπου
1709 5094 1835 5152 Πλατωνιιοί

258 5170 301 5214 τοῦ
313 5165 436 5215 Πλωτίνου
447 5167 503 5230 πρὸς
519 5169 559 5216 τόν
573 5167 705 5229 Νουμήνιον
724 5167 844 5232 διαφοραῖς.
861 5168 1035 5232 Προοιφιίινησε
1079 5171 1121 5232 μέν
1136 5171 1261 5229 Εὐκλείδης
1276 5173 1316 5221 καί
1336 5171 1483 5237 Δημόκριτος
1503 5176 1542 5224 καί
1563 5173 1732 5236 Προκλῖνος,ό
1748 5168 1793 5232 περὶ
1805 5167 1837 5222 ti*
1891 5183 1895 5196 ·
1916 5199 1917 5202 ¹

255 5235 280 5284 tt
294 5234 352 5284 αὐτὸ
366 5235 459 5296 βασιλεῖ
477 5238 545 5299 έμοί·
559 5239 671 5302 βασιλεὺς
689 5239 715 5288 δὲ
732 5239 838 5304 τοῦνομα
851 5241 886 5304 τῷ
908 5241 1034 5306 Πορφυρίιρ
1077 5241 1177 5305 Τρωάδα
1190 5241 1363 5307 διατρίψας,ο1
1374 5259 1400 5292 τε
1411 5245 1478 5308 μέχρι
1491 5249 1531 5295 νῦν
1543 5246 1603 5307 ἀντῆ
1616 5243 1697 5308 Ῥώμη
1706 5236 1835 5303 δημοοῑῖίοο·
1916 5253 1917 5290 ί

256 5306 309 5370 ίμο1
330 5311 434 5371 προσῆν,
452 5310 514 5358 κατὰ
532 5312 575 5372 μέν
587 5311 684 5375 πάτριον
700 5312 821 5363 διάλεκτον
838 5313 931 5376 Μάλχῳ
945 5313 1032 5372 κεκλη.
1077 5329 1115 5369 τες
1136 5315 1258 5371 Πλωτῖνος
1281 5315 1323 5364 καί
1340 5317 1486 5374 Γιντιλιανὸς
1500 5317 1619 5382 ’λμίλιος,
1639 5318 1653 5366 ό
1670 5316 1753 5367 τοῦτον
1766 5307 1834 5373 went·

1904 5729 1915 5892 ι
