3958 5942
825 431 1075 493 FRAGMENTA.
1694 441 1750 502 tot

158 565 259 623 εὐθεῖαν
275 561 396 640 κίνησιν,
411 561 491 642 πυρδς
515 561 562 640 μίν
578 563 620 621 tet
635 563 664 623 τό
681 563 768 642 ἐκτός,
783 568 830 641 γῆς
846 565 868 623 δ’
889 565 934 623 int
981 588 1052 642 γοιτο
1075 565 1194 632 έκείστοις
1215 565 1282 640 ἐφ’ὃ
1302 564 1433 647 φέροιντο·
1459 567 1513 626 ἄνω
1535 570 1561 627 δὲ
1591 571 1709 641 έκοίστοις
1726 574 1755 632 τὸ

157 651 188 709 τὸ
204 649 302 727 μέσον,
317 653 368 708 τῶν
380 648 408 707 δὲ
421 648 508 709 όλλων
519 649 562 709 ἐπὶ
577 649 609 707 τὰ
625 649 736 728 μεταξύ,
749 649 798 721 niv
810 652 836 710 έν
847 651 935 728 κόκλῳ
982 653 1132 733 ἀλλότριον,
1152 655 1196 732 ἀφ’
1216 645 1245 713 oi
1262 657 1437 735 ἅναχωροῖιν,
1452 654 1497 714 καί
1520 659 1589 716 κατὰ
1610 657 1657 728 την
1676 660 1756 732 αὐτὴν

158 737 260 810 κίνησιν
276 736 395 796 ἀπέδωκε
414 761 447 818 τη
461 741 552 818 ψυχῆ·
568 738 627 811 ὁδ’,
642 730 710 816 ’ᾗπερ
725 737 797 818 ἄλλῳ
809 737 818 775 ¹
832 739 936 816 σώματι
981 741 1070 820 σχέσιν
1085 741 1130 800 καί
1144 741 1174 801 τδ
1191 743 1256 819 βαρὺ
1271 742 1316 800 καλ
1337 741 1367 800 τὸ
1392 747 1486 824 κοῦφον
1502 743 1694 822 διανείμαντας·
1711 745 1757 806 καί

160 826 258 898 ἄλλην,
275 822 343 883 οὕτω
358 824 385 882 δέ
399 824 444 883 καί
459 825 505 895 τὴν
521 829 546 884 ἐν
561 825 666 904 κύκλῳ,
680 827 798 906 καθάπερ
814 849 936 902 σωματι«
980 831 1043 911 πρὸς
1056 831 1140 910 τούτῳ
1155 828 1354 904 ἀποδείξαντος,
1369 828 1409 888 ότι
1428 829 1494 905 μήτε
1519 832 1549 890 τὸ
1564 831 1642 906 μέσον
1659 841 1670 868 ¹
1690 833 1757 908 μήτε

159 913 207 984 κήν
218 937 293 984 τινα,
308 917 346 994 τῷ
363 911 477 995 πέμπτῳ
491 912 645 992 προσένειμε
664 911 783 989 σώματι,
798 914 875 973 πέντ’
891 919 935 974 εὖ·
980 920 1010 978 τὸ
1024 917 1097 998 πέριξ
1112 921 1197 976 αὐτῶν
1212 917 1317 995 εὔλογον
1333 915 1388 974 όνω
1405 916 1423 988 ἢ
1444 917 1516 976 καίτοι
1530 917 1661 996 λέγεσθαι.
1675 917 1711 980 ‘0
1730 919 1757 978 δὲ

160 999 242 1068 κόλως
265 999 343 1060 αὑτὸν
365 999 539 1070 ἐξαπατήσας.
555 1001 615 1066 Τοῖς
636 999 683 1078 μέν
705 998 756 1079 γὰρ
779 1003 820 1060 ἐπ’
839 1003 937 1070 εὐθείας
981 1007 1125 1078 οίντιτίθησι
1138 1011 1165 1082 ⁸,
1179 1005 1343 1084 πανταχόθεν
1357 1003 1535 1064 κοταόόλλειν
1549 1007 1600 1063 δεῖν
1615 1004 1758 1085 ἡγούμενος

161 1088 319 1166 κινουμένοις
344 1093 371 1148 αἱ
396 1087 540 1167 βαρύτητες
555 1087 600 1148 καί
617 1087 773 1168 κουφότητες
789 1090 837 1162 τὴν
852 1092 936 1171 ἀρχὴν
980 1093 1014 1154 τδι
1029 1095 1139 1154 ἐκείνου·
1155 1093 1243 1152 καὶτὸ
1261 1094 1308 1171 μὲν
1324 1093 1366 1154 ἐπὶ
1383 1091 1413 1151 τδ
1431 1091 1510 1170 μέσον
1528 1094 1669 1174 φερόμενον
1691 1094 1757 1174 βαρὺ

160 1183 209 1250 τῆς
227 1177 353 1250 κινήσεως
369 1175 527 1258 παρείχοντο
546 1174 572 1213 ¹¹·
596 1175 626 1234 τδ
647 1175 674 1235 δέ
697 1175 817 1253 πέμπτον
842 1183 935 1255 σῶμα,
981 1181 1066 1260 λέγειν
1085 1181 1219 1260 βιοίζεται,
1234 1179 1265 1239 τθ
1282 1178 1308 1238 δὲ
1324 1181 1366 1239 ἔπλ
1382 1180 1411 1239 τὸ
1422 1179 1513 1258 πέριξ,
1526 1188 1636 1264 κοῦρον·
1654 1185 1757 1246 καὶτὸν

162 1264 228 1340 μήτε
249 1263 344 1343 βάρους
368 1263 493 1342 μετέχον,
514 1263 580 1340 μήτε
606 1262 777 1342 κουφότητος,
802 1267 942 1339 ἀκινησίας
982 1271 1027 1346 μὲν
1040 1269 1117 1330 τόπον
1132 1269 1175 1330 τδν
1188 1271 1214 1328 έν
1228 1268 1300 1349 μέσῳ
1321 1268 1394 1328 κιίτω
1405 1269 1484 1346 φησί,
1497 1269 1541 1328 τὸν
1559 1269 1586 1330 δὲ
1605 1271 1678 1350 πέριξ
1694 1273 1757 1333 ἄνω.

162 1355 278 1432 μᾶλλον,
293 1351 350 1412 ἀλλ’
364 1351 411 1411 οιί1
427 1357 473 1423 τῆς
487 1355 512 1412 ἐν
528 1353 616 1432 κύκλῳ
631 1351 756 1424 κινήσεως
770 1353 855 1412 αἰτίαν
870 1355 935 1434 ἔχει.
982 1351 1059 1416 ’liii
1072 1357 1131 1436 περί
1143 1357 1190 1434 μὲν
1205 1356 1318 1432 κόσμου,
1331 1355 1375 1415 καλ
1392 1355 1417 1424 έξ
1428 1349 1463 1416 ὧν
1475 1348 1548 1424 οὗτος
1558 1401 1566 1430 ,
1578 1358 1622 1418 καί
1636 1363 1688 1418 τῶν
1699 1367 1758 1418 κατ’

164 1443 198 1501 Et
211 1440 261 1520 γδιρ
279 1447 331 1506 τοῖς
347 1442 388 1499 ἐπ’
403 1438 502 1506 εὗθείας
518 1439 676 1514 κινουμένοις
690 1441 719 1498 οὐ
732 1439 764 1499 τό
781 1445 875 1521 σχῆμα
889 1442 936 1513 τὴν
981 1443 1107 1525 οὐρανόν,
1121 1447 1243 1503 τοσοῦτον
1259 1442 1380 1516 ἀλλήλων
1394 1443 1585 1524 ἀφεστήκεσαν.
1600 1448 1693 1506 Ταῦτα
1710 1446 1757 1524 μέν

164 1528 249 1589 αίτίαν
270 1527 325 1606 ἔχει
340 1531 384 1597 τῆς
399 1525 537 1599 κινήσεως,
554 1527 641 1597 ἀλλ’ἢ
661 1527 742 1607 ῥοπή·
759 1532 836 1604 σῶμα
850 1527 936 1605 όμοιυν
982 1525 1026 1591 οὖν
1048 1530 1112 1594 οίδε.
1129 1535 1232 1603 Μωσῆς
1252 1529 1279 1590 δέ
1299 1533 1345 1591 καί
1365 1531 1398 1590 τὰ
1413 1531 1544 1613 Ἑόραίων
1568 1534 1644 1612 λόγια
1660 1534 1757 1594 τούτοιν

162 1617 189 1674 ἐν
202 1613 273 1694 μέσῳ
283 1613 353 1672 τεθὲν
364 1612 452 1687 ὁμοίου
466 1613 585 1685 itidem,
600 1615 649 1693 οὐχ
660 1613 712 1682 ἵξδῑ
725 1619 772 1685 τῆς
784 1614 828 1674 έπί
841 1639 866 1674 τι
881 1616 945 1676 κλίι
981 1621 1053 1681 οὐδὲν
1079 1620 1305 1700 πολυπραγμονεῖ·
1329 1619 1375 1679 καί
1402 1619 1522 1689 εἰκότως·
1542 1619 1580 1680 ότι
1605 1622 1672 1698 μηδὲ
1693 1623 1758 1702 πρὸς

162 1726 227 1768 σεως
248 1701 346 1776 αἰτίαν,
364 1701 411 1760 εἴτ’
435 1701 479 1761 ἐπὶ
495 1701 555 1769 δεξί’
571 1699 630 1759 ἴωσι
645 1708 658 1736 ¹¹
673 1701 737 1776 πρδς
751 1706 790 1774 ἠῶ
809 1707 832 1761 τ’
849 1705 936 1775 ἠέλιόν
983 1709 1040 1788 βίου
1059 1708 1219 1786 κατόρθωσιν
1233 1708 1286 1774 τοῖς
1300 1707 1361 1786 περὶ
1373 1713 1456 1766 ταῦτα
1471 1709 1671 1788 ἀσχολουμένοις
1685 1713 1757 1770 λυσι-

160 1815 204 1868 τε,
219 1790 267 1850 εἴτ’
282 1790 323 1848 ἐπ’
339 1790 478 1870 ἀριστερά,
497 1791 549 1850 είτε
566 1790 673 1872 πρόσω,
690 1791 737 1850 εἴτ’
761 1792 857 1854 ὀπίσω.
874 1789 936 1853 Ἔτι
981 1799 1063 1856 τελεῖν
1078 1796 1209 1873 ἐνομίσθη.

160 1888 212 1946 τοῖς
230 1879 277 1956 μὲν
293 1877 381 1944 ἄλλοις
394 1878 513 1954 σώμασιν
527 1877 657 1946 ἐξωσθεῐσι
671 1882 722 1936 τῶν
737 1879 837 1938 οἰκείων
851 1880 936 1940 τόπων
1023 1884 1182 1964 (Eusebius
1196 1885 1324 1963 Pompam
1341 1885 1453 1961 Evang.
1471 1885 1525 1944 lib.
1542 1885 1589 1942 liv
1611 1907 1675 1964 cap.
1691 1886 1758 1945 Vlll

162 1965 274 2048 παρέχει
288 1965 318 2026 τὸ
332 1971 458 2026 κινεῖσθαι
473 1969 552 2025 πάλιν
567 1965 613 2045 ἀφ’
626 1970 710 2024 αὐτῶν
725 1971 742 2040 ἡ
755 1968 818 2048 πρὸς
833 1967 937 2036 τούτους
981 1979 1026 2034 τοῦ
1043 1975 1121 2032 αὐτοῦ
1142 1974 1209 2049 πρὸς
1219 1972 1263 2031 τδν
1278 1971 1370 2047 αὐτόν,
1391 1973 1436 2031 καί
1459 1977 1485 2032 ἐν
1502 1973 1555 2040 τοῖς
1578 1973 1637 2034 κατ’
1651 1975 1758 2050 οὐρανὸν

161 2055 292 2136 οἱναφορεί·
305 2059 342 2136 τῷ
356 2055 472 2136 πέμπτῳ
486 2055 513 2112 δὲ
528 2053 632 2134 ἐκείνῳ,
648 2054 779 2127 μηδέποτε
792 2055 937 2116 totototo
981 2063 1131 2143 θεωρήμασι
1143 2057 1304 2140 διενεχθέντα
1316 2065 1354 2142 τῷ
1369 2063 1510 2135 Πλάτωνι,
1525 2061 1602 2120 ότινα
1616 2065 1718 2133 Μωσῆς
1730 2065 1759 2122 οὐ

161 2147 212 2202 τῶν
230 2147 308 2204 αὐτοῦ
324 2143 428 2219 τόπων,
444 2140 530 2221 μένειν
545 2141 576 2199 ἂν
588 2142 726 2222 προσήκοι.
746 2144 799 2202 Καὶ
813 2145 873 2226 περί
885 2151 936 2204 τῶν
982 2143 1203 2228 πολυπραγμονεῖ.
1228 2148 1284 2206 Serl
1308 2149 1463 2227 pauculus
1483 2151 1679 2228 explicanda:
1701 2157 1713 2186 ⁸
1730 2153 1760 2210 έκ

162 2230 247 2288 τίλλων
273 2230 300 2288 δὲ
322 2229 468 2304 cuprinos,
492 2228 710 2308 ὑπεξαιρουμένου
733 2235 778 2288 τοῦ
801 2233 936 2310 πέμπτου,
982 2239 1060 2316 πυρδς
1074 2235 1161 2315 ἔχειν]
1174 2235 1257 2293 Plato
1270 2235 1348 2296 Tim.
1368 2257 1397 2314 p.
1412 2245 1460 2304 lo.
1480 2257 1505 2294 a.
1523 2237 1573 2294 ciel
1589 2236 1614 2294 δέ
1627 2238 1758 2318 τέτταρες,

162 2317 281 2400 φαίνεται
298 2321 447 2399 φιλονεικῶν
460 2317 655 2398 Ἀριστοτέλης,
671 2320 708 2394 μὴ
723 2319 755 2377 τδι
770 2320 836 2378 αὐτὰ
853 2320 937 2400 λέγειν
983 2324 1030 2404 μία
1041 2323 1088 2402 μὲν
1097 2324 1214 2401 οὐράνιον
1226 2325 1290 2380 θεῶν
1303 2322 1385 2400 γένος,
1398 2321 1464 2395 είλλη
1477 2321 1504 2382 δί
1516 2323 1613 2396 πτηνὸν
1625 2325 1670 2382 καί
1680 2327 1757 2403 depo·

163 2406 294 2466 Πλοίτωνι.
310 2407 479 2478 Ζητήσαντος
493 2411 506 2440 ⁰
518 2405 568 2486 γθιρ
584 2407 740 2484 Πλάτωνος,
757 2413 779 2468 εἰ
794 2407 847 2468 ἔστι
862 2410 937 2491 φύσει
982 2409 1079 2489 πόρον,
1096 2409 1172 2487 τρίτη
1189 2406 1215 2466 δέ
1228 2407 1331 2488 ἔνυδρον
1347 2398 1428 2484 εἶδος,
1441 2409 1517 2477 πεζὸν
1534 2409 1619 2469 δὲκαὶ
1636 2417 1759 2490 χερσαῖον

163 2495 229 2576 βαρὺ
244 2499 338 2572 σῶμα,
364 2493 504 2576 ἢκοῦφον·
525 2495 570 2553 καί
591 2493 681 2566 ἐπειδὴ
702 2503 783 2555 ταῦτα
802 2497 870 2556 κατδι
889 2499 936 2570 τὴν
981 2497 1118 2575 τέταρτον.
1133 2499 1188 2556 Τοῦ
1209 2494 1257 2574 μίν
1280 2487 1323 2553 οὖν
1343 2495 1412 2554 θείου
1435 2497 1483 2570 τὴν
1499 2496 1624 2570 πλείστην
1639 2499 1709 2557 ίδέαν
1730 2499 1759 2560 ἐκ

160 2583 223 2664 πρδς
237 2583 266 2642 τὸ
282 2583 336 2643 ἄνω
351 2584 394 2642 καὶ
408 2583 481 2642 κότον
494 2581 583 2662 σχέσιν
599 2583 719 2662 ἐφαίνετο
732 2585 868 2663 λέγεσθαι,
880 2609 938 2646 σκε·
982 2585 1061 2665 πυρὸς
1075 2583 1208 2662 ἀπήρξατο
1219 2583 1334 2666 (steph.
1347 2584 1546 2665 ἀπειργάζετο),
1561 2584 1629 2653 ὅπως
1641 2585 1760 2664 δτιλαμ-

161 2671 278 2746 φαμένου
299 2668 351 2728 είτε
366 2668 421 2728 ἐστί
441 2692 467 2728 τι
488 2669 562 2728 κότον
578 2668 652 2746 φύσει
672 2671 716 2731 καί
733 2673 803 2745 οίνεο,
818 2672 869 2732 εἴτε
885 2673 936 2750 μή·
981 2671 1110 2750 πρότατον
1126 2671 1188 2730 ἰδεῖν
1204 2695 1232 2730 τε
1247 2671 1387 2730 κάλλιστον
1402 2671 1442 2744 εἴη
1457 2695 1483 2730 κ.
1501 2696 1525 2730 τ.
1535 2673 1560 2732 λ.
1579 2673 1663 2734 Conf.
1679 2663 1757 2737 Plri't.

161 2759 206 2818 καί
220 2757 401 2826 ἀποδείξαντος
416 2757 546 2837 οίκριόῶς,
561 2757 600 2816 ότι
613 2757 682 2817 κατδι
698 2759 744 2836 μέν
760 2758 806 2828 τδς
822 2765 873 2822 τῶν
886 2785 937 2820 σω·
983 2759 1035 2818 Gr.
1047 2761 1107 2819 vol.
1123 2759 1151 2816 11
1166 2779 1231 2838 pag.
1250 2760 1315 2819 168.
1330 2757 1394 2806 „t
1408 2759 1538 2838 μηδαμῆ]
1553 2760 1618 2821 vid.
1638 2764 1756 2826 Aristnt.

161 2845 250 2921 μάτων
265 2845 328 2923 πρὸς
348 2843 406 2912 τοὺς
422 2845 516 2911 τόπους
532 2843 692 2916 οἰκειότητας
706 2855 718 2892 ¹¹
731 2844 762 2906 τὸ
777 2846 873 2904 κοίταν
891 2845 934 2904 λε’-
982 2847 1018 2905 όε
1030 2845 1112 2904 Coelo
1125 2847 1177 2905 lib.
1194 2846 1207 2904 l
1223 2867 1285 2925 cap.
1304 2859 1360 2905 set
1373 2847 1426 2906 tib.
1444 2848 1473 2906 ll
1487 2868 1550 2927 cap.
1565 2869 1600 2921 7;
1617 2849 1683 2908 item
1699 2849 1758 2908 Me·

161 3076 247 3114 vorsus
258 3067 398 3126 Platonem,
411 3063 435 3114 in
445 3065 530 3114 orbem
545 3079 602 3114 eum
617 3064 676 3115 iorni
687 3075 776 3128 nogero
785 3077 833 3113 non
845 3067 937 3127 posset.
983 3065 1129 3115 contendere
1140 3067 1166 3114 ot
1176 3065 1300 3129 laborare,
1309 3079 1340 3116 no
1352 3067 1437 3117 esdem
1447 3082 1502 3131 quae
1512 3069 1583 3119 Plato
1592 3070 1665 3120 dicat.
1677 3074 1760 3128 Quum

161 3165 191 3202 rx
202 3153 321 3215 praeclaro
334 3156 415 3202 tomen
436 3152 494 3202 novi
513 3153 621 3217 corporis
640 3152 741 3202 invento
752 3151 848 3202 dissidii
865 3166 938 3201 occa-
983 3153 1047 3204 enim
1064 3153 1135 3204 Plato
1148 3154 1315 3218 quesivissot,
1330 3169 1388 3204 num
1402 3159 1488 3220 suopte
1509 3161 1598 3207 notura
1618 3160 1663 3208 sut
1684 3173 1759 3222 grove

161 3239 253 3291 sionem
271 3241 382 3304 arripuit.
405 3241 475 3291 Pisto
499 3241 563 3291 enim
576 3241 619 3304 qui
636 3243 742 3304 quotuor
762 3242 857 3290 tantum
883 3254 937 3290 cor·
982 3255 1072 3306 corpus
1093 3243 1159 3292 osset
1170 3243 1213 3291 eut
1232 3241 1300 3302 love,
1316 3246 1370 3292 turn
1391 3244 1458 3307 quod
1476 3246 1607 3308 utrumqne
1623 3258 1711 3294 nomon
1728 3259 1759 3294 ox

160 3341 220 3390 poro
235 3330 392 3390 agnosceret,
411 3341 469 3392 ηοω
483 3331 570 3392 suapte
593 3331 682 3378 naturs
703 3327 808 3392 simplici
823 3330 939 3392 rectoque
982 3328 1088 3392 quadum
1102 3329 1134 3378 sd
1155 3329 1270 3393 superins
1286 3333 1311 3380 ot
1328 3331 1428 3381 interius
1443 3332 1562 3382 relatione
1575 3332 1677 3383 ducttun
1691 3333 1759 3384 rido-

159 3416 229 3466 motu
242 3415 373 3477 cierentur,
385 3416 419 3466 its
431 3419 457 3466 ut
470 3416 533 3480 ignis
546 3416 626 3478 toras,
638 3417 662 3466 in
681 3415 788 3466 medium
804 3419 869 3466 torre
888 3417 934 3466 ior·
982 3419 1060 3478 retur,
1086 3430 1170 3468 secum
1193 3421 1345 3482 reputasset,
1370 3423 1468 3470 essatno
1488 3420 1581 3486 aliquid
1604 3424 1693 3474 nstnrs
1715 3435 1760 3472 sus

161 3504 237 3560 rotur.
256 3505 345 3552 coetero
364 3502 429 3553 inter
442 3505 575 3566 utrumque
594 3505 677 3554 molus
694 3517 752 3553 suos
769 3503 937 3564 continerent,
982 3504 1097 3554 deorsum
1111 3517 1141 3554 ac
1155 3519 1269 3566 sursum,
1281 3520 1326 3558 nec
1341 3520 1386 3568 ne,
1398 3507 1510 3572 sdooqua
1529 3512 1645 3560 accurate
1657 3511 1760 3559 demon-

161 3591 241 3642 animo
254 3591 559 3644 volubilitatemtribucrot
572 3611 578 3642 ε
593 3593 734 3644 Aristoteles
747 3607 821 3657 nero,
835 3594 871 3644 uti
884 3607 938 3643 mo·
982 3594 1099 3656 strasset,
1119 3607 1164 3656 pro
1188 3607 1319 3658 corporum
1336 3595 1446 3659 ipsorum
1467 3610 1523 3646 cum
1547 3595 1600 3647 suis
1622 3596 1762 3661 quibusque

161 3685 215 3730 tum
234 3680 288 3732 aliis
308 3682 451 3744 corporibus
467 3682 555 3742 olium,
574 3682 609 3732 its
624 3681 710 3746 quinto
728 3682 823 3746 corpori
841 3681 936 3733 volnbi-
982 3679 1041 3730 locis
1062 3679 1247 3743 conjunctione,
1267 3682 1382 3733 deomum
1399 3683 1424 3732 id
1440 3683 1465 3732 in
1487 3683 1589 3745 singulis
1609 3683 1707 3744 vocari,
1730 3684 1761 3734 ud

161 3769 224 3826 lem.
239 3757 310 3832 qussi
325 3783 470 3834 corporeum
483 3769 591 3834 aliquem
602 3770 744 3834 assignarit.
758 3772 787 3820 ln
798 3784 847 3834 qno
860 3770 937 3820 rche-
982 3767 1048 3830 quod
1062 3767 1115 3832 ipsa
1128 3768 1243 3831 tendant3
1260 3783 1358 3820 sursum
1375 3769 1461 3822 contro
1482 3769 1591 3819 alienum
1609 3769 1683 3830 illud,
1695 3770 1761 3820 undo

160 3859 255 3908 montor
276 3871 332 3908 eum
351 3871 447 3908 orrssss
470 3859 626 3922 perspicuum
645 3861 692 3910 ost.
713 3860 775 3908 ltsm
796 3871 851 3921 quse
871 3860 938 3908 recto
983 3857 1145 3916 revertantur,
1158 3855 1262 3919 ideoque
1276 3869 1307 3907 ex
1326 3856 1411 3906 cadom
1425 3855 1545 3907 relatione
1560 3869 1633 3920 grove
1646 3856 1718 3906 simul
1733 3871 1762 3907 sc

161 3945 257 3995 cientur
268 3947 352 4006 motu,
371 3958 400 3996 εει
414 3945 529 3996 motionis
542 3945 690 4011 principium
707 3947 852 4010 gravitatem
868 3959 938 3996 suarn
982 3943 1037 3993 levo
1050 3943 1219 3994 distribuisset
1237 3962 1243 3992 ι
1259 3957 1385 4006 quemquo
1399 3942 1549 3992 ostendisset
1569 3943 1701 4006 proteron,
1717 3955 1762 3992 nco

161 4037 205 4082 snt
216 4033 344 4084 toritatem
357 4033 463 4084 aiiornnt
477 4053 483 4084 r
496 4037 522 4085 st
540 4034 655 4100 quintum
667 4035 728 4085 illud
744 4048 847 4098 corpus,
862 4049 939 4099 quum
982 4029 1107 4093 medium,
1124 4045 1168 4080 nee
1181 4031 1366 4094 circumjectum
1381 4028 1488 4094 spatium
1503 4031 1546 4080 sut
1558 4043 1656 4080 sursum
1667 4028 1693 4078 in
1713 4029 1762 4079 illis

161 4120 323 4184 etgravitatis
336 4121 369 4172 sit
383 4125 408 4173 ot
421 4122 530 4173 lenitatis
544 4137 647 4188 expers,
665 4123 754 4188 quietis
764 4123 790 4172 iu
805 4137 832 4173 so
848 4123 938 4186 potins,
982 4120 1027 4170 sut
1041 4118 1156 4168 deorsum
1173 4121 1240 4169 recte
1253 4118 1338 4168 vocari
1356 4131 1429 4182 posse
1446 4133 1452 4167 :
1469 4117 1614 4169 Aristotcles
1626 4118 1761 4168 sententias

162 4219 238 4269 quom
254 4210 339 4257 motus
351 4207 377 4258 in
393 4209 477 4258 orbern
491 4208 589 4260 incitati
605 4209 756 4272 principium
776 4209 894 4260 continet.
914 4209 939 4260 si
983 4205 1091 4256 Platonis
1104 4219 1189 4256 omnes
1202 4206 1385 4269 quoquomodo
1397 4205 1444 4256 sihi
1455 4205 1606 4270 abjiciendas
1617 4219 1672 4257 osse
1681 4209 1761 4268 retus,

161 4293 225 4343 onim
244 4308 301 4357 qum
317 4297 385 4346 recto
403 4297 516 4348 seruntur
527 4299 613 4359 motu,
628 4297 654 4347 in
674 4297 705 4347 iis
723 4311 772 4347 non
785 4299 836 4361 jsm
849 4299 938 4362 ligura,
983 4294 1023 4344 hio
1032 4308 1131 4358 quoquc
1142 4294 1234 4359 aliquid
1245 4294 1343 4359 opponit
1357 4312 1364 4344 ε
1377 4293 1494 4360 quodque
1503 4295 1535 4346 sd
1547 4294 1656 4346 modium
1667 4295 1761 4358 tendat,

161 4381 205 4432 sod
225 4384 354 4446 proprium
369 4385 491 4448 cujusque
511 4389 663 4436 momentum
686 4399 764 4450 genus
780 4385 842 4436 illud
863 4387 940 4438 eiticit
982 4396 1069 4447 gnaro,
1085 4384 1111 4434 et
1123 4383 1191 4448 quod
1207 4384 1237 4433 ad
1252 4383 1437 4448 circumjootum
1454 4383 1563 4448 spatium
1588 4384 1690 4443 feretur,
1707 4383 1763 4434 lero

161 4465 277 4516 motionis
291 4486 298 4516 ι
313 4469 424 4532 prolecto
435 4469 676 4534 corpussulsimlle,
693 4469 780 4521 similis
794 4471 895 4521 alterius
914 4473 938 4522 in
982 4472 1103 4536 appellare
1127 4473 1237 4538 cogitem
1252 4472 1365 4536 adeoque
1389 4473 1471 4524 looum
1493 4473 1563 4524 illurn
1582 4473 1624 4538 qui
1641 4474 1665 4523 in
1681 4473 1763 4524 medio

162 4551 244 4602 medio
263 4555 424 4618 collocatum,
441 4557 532 4607 nullam
546 4557 571 4607 in
587 4562 683 4622 purtem
704 4557 866 4609 inclinationis
880 4574 939 4610 osu-
981 4564 1036 4620 est,
1048 4560 1178 4622 deorsum,
1191 4560 1234 4624 qui
1246 4575 1306 4612 vero
1324 4561 1404 4623 circs,
1419 4575 1518 4612 sursum
1529 4575 1585 4612 osso
1599 4561 1684 4612 docet.
1700 4563 1762 4612 noc

160 4653 213 4689 sam
233 4641 347 4702 habebit,
368 4659 417 4710 qua
434 4645 473 4695 rel
489 4645 514 4695 in
527 4646 653 4708 dextram,
666 4647 698 4696 ad
717 4659 830 4697 surorsrn
849 4649 937 4698 solem·
982 4647 1087 4700 Atticos.
1098 4647 1148 4700 Sed
1160 4647 1191 4700 do
1204 4649 1298 4700 mundo
1308 4650 1445 4714 mundique
1455 4649 1565 4713 pertibus
1577 4652 1604 4701 et
1614 4661 1697 4700 rerum
1710 4661 1761 4700 οω-

161 4741 210 4789 quo
228 4742 328 4789 vorsus.
346 4731 385 4781 rel
401 4731 427 4780 in
443 4731 587 4796 sinistram,
604 4731 645 4784 νεΙ
664 4745 766 4798 prorsus
782 4733 885 4796 oodsnt,
899 4737 938 4786 vol
982 4735 1080 4788 lostium
1101 4737 1203 4797 ustura,
1230 4741 1351 4800 quantum
1371 4737 1445 4787 srobo
1474 4737 1540 4788 lnior
1556 4749 1583 4788 so
1604 4735 1761 4799 discordent,

162 4820 297 4868 retrorsum
310 4818 420 4868 rodosnt.
435 4822 555 4871 Praeterea
568 4821 664 4872 catoris
680 4821 781 4888 quidem
795 4824 939 4888 corporibus
982 4825 1095 4878 diximus.
1110 4829 1141 4876 ut
1153 4826 1250 4878 illorum
1262 4827 1362 4890 quidom
1373 4827 1488 4878 totslme
1500 4826 1635 4890 disputatio
1643 4827 1688 4876 est.
1699 4827 1761 4876 Nam

88 4939 90 4942 -
161 4917 217 4968 quae
229 4906 281 4956 suis
293 4906 396 4957 sedibus
408 4909 509 4972 expulso
520 4909 689 4970 sint,redltus
700 4911 725 4961 in
741 4924 783 4962 ess
795 4912 887 4976 justam
901 4914 935 4964 sl·
981 4919 1062 4968 Moses
1077 4917 1271 4973 etliobrseorum
1285 4918 1483 4969 orsculshorum
1494 4917 1557 4969 nihil
1570 4917 1762 4984 diligenterera-

160 4993 236 5045 terius
249 5007 293 5058 per
307 5007 335 5044 se
345 4997 428 5046 motus
440 4997 594 5048 occasionem
612 4997 721 5061 probeat
740 5019 746 5048 r
761 5001 877 5066 quintum
893 5015 937 5052 au·
982 5006 1089 5067 minont3
1101 5007 1292 5068 necimmerito,
1307 5021 1384 5070 quum
1396 5007 1481 5058 tatium
1493 5019 1578 5058 rerum
1590 5006 1700 5058 studium
1714 5007 1761 5057 lno-

160 5081 740 5150 tomillud‚quodesuisragionibusnunqusm
754 5091 839 5151 oxori,
853 5088 937 5139 immo
982 5093 1090 5145 minibus
1114 5095 1173 5146 uitrit
1199 5096 1230 5146 sd
1249 5095 1309 5146 vitu
1334 5095 1531 5146 emendationem
1553 5095 1673 5160 prodesse
1698 5095 1761 5158 iudi·

160 5173 213 5220 turo
238 5183 337 5222 munero
360 5173 505 5224 conveniens
530 5174 571 5224 sit.
592 5179 668 5226 Porro
687 5175 719 5228 do
740 5178 838 5229 esteris
863 5178 937 5227 otiam
983 5181 1072 5232 corint.

159 5257 306 5321 corporibus
337 5260 422 5324 quinto
436 5260 477 5310 illo
491 5266 594 5325 excepto
623 5267 724 5328 sppsret
740 5264 896 5315 Aristotelem
914 5265 938 5314 id
