4020 5950
207 425 246 483 {0
806 416 955 477 EUSldllli
978 413 1227 476 FRAGMENTA.

208 553 275 628 nial5
287 554 374 615 codd.
385 553 436 618 ἀεὶ.
451 558 512 597 -0
526 557 570 610 τοῦ
581 554 705 624 πλεῦνος;
715 549 800 610 codd.
812 551 836 616 ἐς
847 553 893 606 τοῦ
905 549 987 606 πλεῦ-
1075 544 1226 622 (Stobaeua
1241 543 1317 604 Flor.
1329 540 1366 612 Χ,
1378 541 1414 598 36
1427 536 1565 600 Εὐσεόίου.
1578 537 1689 614 Scripsi
1702 557 1709 592 t
1722 541 1734 568 ¹
1747 535 1798 593 αίεί
1806 557 1815 610 ;

207 666 258 709 νος.
274 643 335 690 -‘
350 641 505 720 ἐπιθυμίην;
523 641 596 700 libri
612 637 765 716 ἐπιθυμίαν.
782 670 822 684 -
833 637 987 716 Ιίμιζόνωςς
1037 634 1122 696 codd.
1140 633 1190 692 ἀεί.
1205 667 1244 678 --
1255 629 1268 666 ¹³
1280 631 1424 708 μηδέκοιε;
1437 627 1522 687 codd.
1538 625 1679 703 μηδέποτε.
1696 657 1734 672 -
1748 630 1818 702 “cod

208 732 293 790 codd.
308 723 440 806 μειζόνως.
457 763 494 777 ·-·
507 732 522 769 l
535 719 605 802 σ’ίδες
617 720 703 788 codd.
718 719 798 791 olim.
812 761 852 772 -
1038 720 1150 781 πλούτου
1164 740 1231 780 cum
1252 717 1406 789 Jacobsi03
1429 716 1519 792 vulgo
1538 719 1583 772 τοῦ
1604 711 1730 772 τοιούτου.
1751 709 1817 760 -0

249 839 286 880 ιο.
310 817 535 898 Φιλοχρηματίην
548 817 642 896 όλογον
654 815 688 875 τά
703 815 827 892 κτώμενα
839 811 989 874 ἀποόαλλό·
1036 811 1144 884 Μίδειη
1160 809 1231 870 libri
1246 809 1340 872 Midou.
1354 840 1393 852 -
1407 805 1493 879 οτιλν;
1509 803 1593 864 codd.
1604 802 1646 876 ἢν.
1659 835 1699 848 -
1712 799 1722 837 ¹
1735 799 1818 880 τύχην

209 929 275 984 μενα
292 911 392 986 μᾶλλον
417 907 448 966 ἀν
468 906 570 967 ἀνύσειε
588 913 600 940 ¹
618 905 636 978 ἢ
658 910 672 966 ό
692 907 735 964 ἐπ’
759 904 857 984 indeq
873 901 887 940 ἀ
901 901 988 982 ἡμέρη
1037 922 1102 964 cum
1114 899 1321 970 Valckenari03
1339 895 1410 954 libri
1427 893 1526 973 ψυχὴν.
1551 898 1613 938 -t
1636 891 1705 970 λέγω
1720 889 1819 949 addidi

210 998 320 1064 πλοῦτος
333 997 443 1062 ἄπλετος
459 995 637 1074 ἐπιγινόμενος
648 1003 669 1055 ⁰.
1036 989 1203 1050 cllieinelzii
1219 987 1405 1065 conjectura3
1423 984 1512 1058 vulgo
1527 982 1724 1042 desideratur.
1740 1013 1780 1026 —

249 1087 400 1164 (Stobaeus
422 1086 499 1148 Flor.
517 1084 554 1157 Χ,
569 1087 606 1142 30
622 1088 668 1142 τοῦ
692 1083 783 1142 αὐτοῦ.
805 1081 940 1160 Scripsi¹
959 1081 990 1140 ἀν
1077 1101 1112 1142 ιο.
1127 1076 1266 1150 ἰλληθηΐην
1279 1082 1291 1111 ⁸
1304 1073 1361 1140 νόος
1373 1069 1574 1140 ολσποίζεταιιιαλ
1589 1067 1663 1128 alell
1678 1070 1746 1149 αὐτῇ
1759 1091 1820 1126 συν-

209 1175 329 1246 οἰνύσειε;
354 1175 469 1233 codices
495 1171 625 1234 ἀνύσειεν.
651 1210 683 1220 -
707 1169 781 1242 liii
805 1167 846 1228 ἐπ’
873 1167 989 1248 ίκόστῃ;
1036 1167 1127 1230 οικέει·
1146 1165 1195 1226 itu
1213 1165 1240 1224 δὲ
1258 1167 1284 1224 έν
1306 1157 1376 1223 τοῖσι
1390 1167 1401 1197 ⁰
1415 1157 1729 1238 έωυτοῑίάψευδέστατος,
1751 1159 1821 1235 ὅμως

209 1256 991 1343 codd.tttq’taderq.—“intervipevoqmembrana
1037 1257 1107 1316 ἔστιν
1133 1255 1176 1314 ὅτε
1202 1253 1248 1313 καλ
1261 1253 1355 1335 ψεῦδος
1374 1250 1464 1328 ἀγαθῷ
1479 1247 1593 1326 κεράσας
1612 1245 1759 1326 παρέχεται
1780 1243 1822 1302 ἔπ’

209 1351 429 1432 ἐπιγιγνόμενος.)
1037 1345 1138 1428 ὠρελίη
1161 1342 1305 1424 ἀνθρώπων
1329 1344 1381 1400 τῶν
1396 1337 1487 1398 τούτου
1508 1335 1668 1416 χρηιζόντων
1685 1334 1758 1395 “xci
1777 1332 1822 1394 έπλ

251 1459 284 1500 te.
299 1439 339 1500 Τὸ
354 1435 513 1512 οἰκονομέειν
527 1435 560 1496 cd
574 1433 705 1516 παρεόντα
723 1435 813 1516 ἀνδρὸς
826 1431 946 1512 προνύου·
962 1429 991 1490 τδ
1038 1440 1147 1517 χρηστῷ
1159 1437 1196 1514 τῷ
1211 1431 1328 1514 σφετέρῳ
1341 1422 1641 1508 παραλογισθησομένοον
1655 1423 1719 1504 πρὸς
1732 1425 1821 1482 αὐτοῦ.

210 1529 237 1586 δὲ
258 1531 321 1605 μηδ’
340 1526 405 1592 όλως
420 1523 517 1584 ἐθέλειν
538 1524 563 1591 ἔς
578 1547 602 1582 τι
624 1527 676 1582 τῶν
693 1521 801 1582 δεόντων
819 1520 944 1604 χρέεσθαι
960 1522 989 1579 οὐ
1037 1523 1105 1583 Τότε
1119 1519 1170 1600 γδρ
1186 1518 1217 1590 δὴ
1245 1523 1339 1595 μοῦνον
1360 1513 1405 1574 καὶ
1428 1507 1519 1574 οὔκοτε
1535 1510 1629 1570 ἄλλοτε
1649 1512 1718 1584 νόος,
1735 1510 1781 1568 καὶ
1794 1509 1821 1568 ἐν

210 1616 343 1676 δεσπότεω
358 1617 409 1674 τῶν
422 1613 587 1688 κτηθέυτων,
601 1610 865 1692 καταδεδουλωμένου
879 1609 907 1670 δέ
926 1612 991 1670 lou·
1038 1613 1123 1691 καιρῷ
1135 1611 1173 1688 τῷ
1190 1605 1268 1674 αὐτδς
1287 1595 1356 1676 οἶδε,
1370 1600 1460 1662 πάντα
1477 1600 1562 1659 τᾶλλα
1581 1599 1678 1682 ψεύδεα
1702 1601 1822 1657 ἀποστυ-

209 1705 253 1763 τὸν
269 1708 321 1764 τῶν
341 1703 487 1782 χρημάτων
503 1701 560 1760 ἐστὶ
570 1705 603 1779 τῇ
616 1698 703 1770 σιτήσι.
1038 1698 1116 1774 γέων,
1132 1697 1226 1776 ψεῦδος
1243 1691 1273 1752 τδ
1297 1695 1413 1751 τοιοῦτον
1436 1685 1600 1768 εἰσφέρεται,
1628 1687 1681 1747 ἀπὸ
1696 1691 1744 1762 τῆς
1764 1688 1818 1746 τῶν

253 1792 403 1870 <Stobaeus
420 1790 497 1851 Flor.
513 1789 551 1862 Χ,
567 1789 667 1847 31-32.
680 1793 724 1846 τοῦ
739 1789 827 1850 αὐτοῦ.
843 1787 993 1865 Conjunxi
1038 1785 1137 1844 λοιπῶν
1151 1782 1276 1844 ἀπόντων
1292 1778 1408 1860 ψευδέων
1423 1775 1513 1856 ρύσιος
1525 1778 1572 1842 ἐςο
1584 1775 1649 1838 ἄλλο
1661 1767 1726 1843 εἶδος
1740 1797 1821 1852 μετα.

209 1896 366 1959 utrumque
381 1881 575 1956 fragmentum
590 1877 715 1956 receptis
734 1877 841 1936 Halmii
855 1877 992 1937 emenda·
1039 1873 1134 1953 ληφθὲν
1149 1870 1356 1952 χρησιμώτατον
1370 1862 1507 1947 τέχνῃκαὶ
1524 1865 1601 1947 σοφίῃ
1616 1887 1695 1926 αυτοο
1705 1889 1749 1926 του
1762 1885 1822 1924 soon

208 1970 348 2030 tionibus
368 1972 460 2028 Antea
477 1969 556 2026 cuim
570 1967 652 2025 locus
669 1966 713 2024 sic
732 1967 872 2025 edebatur
890 1987 897 2024 ι
913 1967 944 2026 τὸ
955 1969 992 2026 oi·
1039 1970 1083 2026 τοῦ
1099 1964 1198 2043 ραῦλον
1211 1963 1324 2040 πρῆγμα
1340 1959 1365 2024 ἐς
1378 1960 1454 2014 τοῦτο
1469 1954 1732 2031 μετακοσμήσαντες.

208 2057 392 2136 κονομέειντά
408 2057 538 2137 παρεόντα
560 2054 651 2136 ἀνδρὸς
670 2053 797 2134 προνόου,
823 2055 853 2113 τὸ
875 2055 903 2112 δὲ
930 2055 992 2133 μηδ’
1081 2049 1231 2130 (Stobaeus
1252 2049 1333 2107 Flor.
1358 2045 1412 2118 XI,
1437 2062 1487 2100 οι.
1516 2042 1648 2120 Scripsil
1672 2037 1820 2116 ἀληθηΐηνγ

208 2149 275 2215 ὅλως
290 2146 386 2205 ἐθέλειν
400 2145 455 2206 ἐστὶ
469 2148 519 2202 τῶν
540 2143 649 2203 δεόντων
671 2142 805 2222 χρέεσθαι.
858 2143 992 2204 Οὐδέποτε
1040 2141 1124 2200 codd.
1158 2137 1293 2211 ἀληθείην.
1319 2136 1382 2186 -wl
1403 2133 1470 2209 olti3
1496 2134 1580 2196 codd.
1600 2133 1641 2192 cici
1655 2167 1694 2180 -
1711 2141 1823 2206 οπεῖσις

209 2240 260 2294 τῶν
282 2234 443 2307 κτηθέντων,
469 2231 735 2307 καταδεδουλωμένον
758 2231 785 2290 δέ
813 2231 911 2291 ἑωυτὸν
938 2236 992 2292 τῶν
1040 2231 1187 2295 Ιίλοτὶτοῑς.
1203 2225 1459 2309 -έχρηιζόντωη
1481 2224 1567 2286 codd.
1581 2223 1744 2304 χρηζόντων.
1761 2227 1822 2270 -⁰

208 2321 357 2404 χρημάτων
378 2327 412 2402 τῇ
431 2321 532 2392 κτήσει.
557 2321 702 2378 Praeterea
720 2341 775 2398 pro
794 2320 885 2392 κτήσει
906 2323 993 2401 posui
1040 2319 1084 2393 ές;
1096 2317 1165 2376 libri
1177 2319 1222 2383 εἰς.
1236 2350 1277 2362 -

208 2412 294 2484 κτήοι.
313 2408 373 2490 -)
1079 2425 1116 2466 to.
1137 2405 1292 2466 Ψεύδεσθαι
1317 2403 1344 2464 έν
1369 2403 1451 2464 notu
1475 2402 1542 2484 μηδὲ
1565 2391 1600 2468 εἷς
1617 2401 1694 2480 νόμος
1721 2398 1830 2479 {oppos

249 2521 284 2562 ιι.
310 2502 345 2560 Ol
361 2500 467 2566 πλεῦνες
479 2500 530 2556 τῶν
547 2496 690 2576 ἀνθρώπων
706 2496 781 2578 παρὰ
805 2499 883 2577 λόγον
900 2499 993 2580 ρειδύ-
1042 2493 1122 2574 ρεέτιο
1137 2489 1278 2572 μηδενί,έ’
1304 2492 1414 2569 μηδινδς
1433 2492 1502 2567 πλὴν
1525 2495 1571 2550 τοῦ
1601 2489 1754 2570 φιλαλήθους
1774 2487 1824 2546 7καὶ

209 2610 282 2665 μενοι
297 2587 397 2656 ἀξιοῦσι
410 2585 613 2665 πολυχρήματον
623 2583 826 2660 πεπιστευμένοι
839 2584 934 2654 ἠλίθιοι
948 2585 992 2642 καὶ
1040 2582 1166 2659 νοήμονος
1180 2580 1354 2657 ἐπισταμένου
1363 2605 1393 2641 τε
1406 2581 1478 2641 θκύτε
1489 2581 1535 2640 κοιλ
1542 2577 1609 2647 ὅκως
1619 2577 1721 2658 ὠρελίη
1734 2584 1745 2613 ⁰
1761 2573 1823 2655 ψεύ-

208 2675 295 2735 σιιαιοὶ
319 2675 470 2752 νομίζεσθαι
489 2672 506 2744 ἢ
526 2671 588 2752 περὶ
604 2672 638 2732 τά
660 2675 698 2731 δεῖ
717 2671 900 2740 ἀναλίσκοντες
915 2671 992 2740 δεξιοὶ
1040 2672 1108 2738 δεος·
1122 2673 1170 2740 τῆς
1182 2669 1209 2730 δέ
1225 2667 1278 2727 ἀπὸ
1294 2668 1386 2728 τούτου
1408 2668 1545 2748 γενομένης
1559 2665 1650 2748 χρείης
1665 2665 1797 2744 ἀναγκαίη
1811 2662 1824 2700 ‘¹

208 2767 362 2836 κεκλῆσθαι.
638 2831 639 2835 ¹
1040 2757 1085 2819 καλ
1099 2765 1176 2818 τοῦτο
1190 2757 1299 2820 ποιέειν.

250 2853 402 2927 (Stobaeus
432 2851 512 2910 Flor.
538 2849 574 2923 Χ,
609 2851 657 2910 33.
686 2849 798 2927 Scripsi
832 2849 992 2930 ρειδόμενοη
1082 2847 1231 2926 (Stobaeus
1249 2847 1331 2909 Flor.
1349 2847 1400 2920 Xi,
1422 2869 1459 2906 aa
1476 2853 1521 2906 τοῦ
1545 2869 1561 2902 α

210 2941 301 3016 vulgo
313 2938 662 3019 ριλεύμενοι.Νειγιιεειιὶιιι
675 2957 739 2996 cum
752 2937 943 2997 Valckenario
957 2939 991 2996 ad
1040 2934 1118 3008 πόλι;
1135 2935 1221 2996 codd.
1238 2931 1323 2993 πόλει.
1334 2955 1390 2993 -ο
1405 2933 1507 3014 μηδενί,
1519 2933 1629 3010 μηδενὸς
1638 2953 1704 2994 cum
1717 2931 1824 2990 Jacob·

211 3029 351 3089 lierodot.
366 3025 421 3088 lib.
437 3025 584 3104 Vill'cap.
613 3048 647 3086 ro
669 3027 869 3105 reponendum
890 3027 993 3105 ρειδεύ-
1041 3025 1086 3084 sio
1100 3023 1132 3082 in
1144 3023 1236 3084 Lectt.
1252 3023 1331 3082 Stob.
1343 3046 1373 3104 p.
1384 3027 1440 3097 θος
1456 3024 1528 3083 libri
1543 3023 1685 3100 μηδενί-
1698 3022 1824 3100 θώρελίη

210 3139 294 3193 μενοι,
312 3113 390 3193 quod
402 3133 462 3171 non
476 3124 520 3171 cst
534 3113 674 3172 ionicum.
686 3114 743 3186 -)
1042 3133 1108 3172 cum
1125 3111 1284 3184 llleiueliio;
1303 3113 1387 3172 codd.
1402 3113 1431 3170 οὗ
1447 3111 1528 3192 ριλίη.
1546 3110 1602 3158 -l
1615 3110 1746 3191 ἀναγκαίη
1759 3129 1823 3168 cum

253 3225 290 3266 ιο.
314 3203 446 3264 [Ιλούσιον
461 3199 513 3278 χρὴ
534 3203 646 3277 νομίζειν
662 3200 705 3260 τὸν
722 3199 863 3280 ἡγεόμενον
876 3201 945 3282 ἔχειν
959 3201 993 3262 τά
1040 3199 1148 3259 Καινιίο
1163 3200 1199 3258 ad
1213 3199 1301 3275 Grcg.
1318 3200 1387 3258 Cor.
1406 3222 1438 3280 p.
1454 3202 1522 3276 393.
1539 3233 1579 3244 —

211 3291 347 3371 ἀρκέοντα·
369 3289 414 3349 τὸν
430 3289 457 3348 δὲ
479 3287 556 3346 αἰεὶΙ
579 3288 751 3368 ἐπιθυμέοντα
776 3292 993 3370 προσκτήσασθαι
1080 3309 1117 3349 at.
1136 3288 1278 3370 Παῤῥησίῃ
1288 3289 1340 3348 ἀπὸ
1349 3287 1456 3368 γνώμης
1470 3289 1606 3370 ἐλευθέρης
1616 3289 1662 3346 καὶ
1672 3287 1822 3360 οἰληθηΐηνΙΙ

210 3381 255 3440 καί
269 3380 410 3458 πληθώρην
427 3376 554 3452 μηδέκοτε
567 3375 580 3414 ¹³
594 3382 639 3436 τοῦ
654 3379 765 3438 πλούτου
778 3387 789 3414 ⁰
808 3379 991 3458 λαμθένοντα,
1040 3381 1224 3458 ἀσπαζομένης
1242 3381 1411 3464 προέρχεται·
1430 3383 1556 3462 παρέξεαι
1571 3382 1598 3441 δέ
1613 3381 1695 3453 αὐτὴν
1705 3382 1823 3459 ἀμώμη-

209 3470 254 3529 nul
268 3471 291 3528 εί
307 3471 399 3530 Μίδεω
414 3465 427 3502 ⁶
442 3468 565 3526 πλοιιτέοι
584 3469 700 3545 μᾶλλον,
717 3468 820 3539 πένητα
844 3469 932 3528 καλέω
946 3471 991 3529 καί
1038 3494 1081 3530 τον
1098 3474 1126 3530 οὐ
1139 3473 1177 3551 τῷ
1191 3479 1259 3528 πᾶσι
1271 3471 1317 3530 καὶ
1334 3475 1368 3538 ὡς
1382 3469 1475 3552 ἔτυχεν
1495 3473 1617 3550 ἐπιτιμᾶν
1631 3471 1677 3530 καί
1692 3472 1832 3552 λοιδορέε-·

208 3553 281 3637 Ἴρου
297 3557 343 3629 τήν
355 3565 367 3594 ⁰
380 3558 475 3622 ἐκεῖνος
489 3555 514 3625 ἐξ
531 3556 647 3640 ἀνάγκης
662 3545 716 3635 εἶχε
729 3555 831 3636 τύχηνΙ
845 3563 991 3630 κεκτῆσθαι
1039 3564 1111 3632 σθαι,
1123 3559 1237 3639 νομίζων
1251 3565 1328 3620 τοῦτο
1342 3551 1411 3619 εἶναι
1426 3559 1472 3632 τήν
1482 3562 1645 3643 παρρησίην·
1657 3563 1715 3620 ἀλλ’
1724 3564 1746 3619 εἰ
1759 3561 1824 3641 πρὸς

208 3647 278 3724 λέγω
289 3643 331 3724 ⁸.)
381 3659 382 3664 ’
1040 3646 1084 3715 οθς
1101 3650 1139 3708 δεῖ
1159 3650 1206 3709 καί
1220 3649 1287 3731 ὑπὲρ
1307 3649 1383 3709 τίνων
1405 3648 1458 3731 χρὴ
1473 3650 1519 3710 καὶ
1540 3653 1566 3708 έν
1583 3640 1604 3730 ᾧ
1624 3648 1677 3730 χρή
1696 3649 1763 3728 μετὰ
1777 3653 1824 3708 τοῦ

242 3875 277 3920 15.
297 3870 433 3921 Avaritiam
450 3869 559 3920 hiantem
581 3869 654 3919 citius
669 3871 813 3920 consummi
830 3868 932 3932 abiectio
950 3883 990 3921 res
1041 3872 1167 3920 versatur.
1203 3869 1251 3920 Sed
1264 3871 1379 3934 quamvis
1398 3871 1509 3922 iurcbus
1523 3870 1574 3921 suis
1588 3883 1742 3934 nequaquam
1756 3884 1823 3920 arreu-

209 3962 298 4024 parte,
311 3972 385 4022 quam
399 3961 536 4010 crescentes
550 3957 658 4021 quotidie
674 3971 733 4022 opes
750 3957 884 4010 inmensae.
1041 3957 1091 4007 dax
1111 3957 1156 4018 sit,
1171 3960 1253 4008 tamen
1273 3958 1398 4010 interdum
1414 3960 1478 4010 bono
1493 3959 1600 4008 mixtum
1618 3959 1773 4010 mendacium
1794 3959 1825 4008 ad

242 4051 279 4098 io.
301 4047 434 4098 Praesentia
456 4047 503 4097 rite
526 4058 672 4110 componere
693 4045 741 4096 viri
766 4049 805 4096 est
823 4045 919 4110 providi
941 4067 948 4097 ε
968 4053 992 4098 at
1040 4047 1168 4098 homiuum
1181 4060 1211 4098 oo
1229 4047 1391 4112 indigentium
1402 4049 1534 4099 utilitatem
1549 4049 1654 4112 profert,
1667 4047 1711 4112 qui
1724 4048 1824 4110 quidem

210 4151 312 4202 prorsus
324 4136 389 4186 nolle
400 4134 431 4185 iis
448 4135 481 4185 ad
496 4134 572 4185 ultam
583 4149 638 4185 rem
655 4133 819 4185 neeessariam
833 4135 871 4185 uti
883 4149 932 4185 uon
945 4136 991 4186 do·
1041 4149 1099 4186 sano
1118 4136 1159 4186 sui
1180 4135 1291 4200 ipsorum
1309 4137 1433 4187 commodi
1450 4150 1526 4188 cause
1545 4136 1673 4188 mendacio
1687 4136 1735 4186 icto
1755 4135 1824 4186 deci·
1845 4118 1847 4122 Α

209 4224 269 4276 mini
283 4226 322 4275 est
334 4224 454 4274 bonorum
467 4224 608 4286 partorum,
624 4221 668 4272 sed
681 4223 785 4274 hominis
801 4223 911 4286 pecunia
923 4237 990 4288 qaae·
1041 4225 1123 4288 piendi
1142 4229 1208 4275 eunt.
1241 4229 1310 4276 Tunc
1322 4225 1387 4276 enim
1399 4226 1478 4276 nolum
1491 4239 1537 4276 uec
1552 4239 1660 4288 unquam
1671 4225 1730 4276 alias
1741 4239 1822 4286 meus,

209 4315 260 4367 atui
273 4313 468 4365 attendenti.
1040 4327 1117 4377 quum
1133 4315 1231 4378 ternpus
1243 4317 1410 4379 opportunum
1429 4328 1482 4364 csse
1500 4313 1565 4377 scit,
1578 4311 1713 4364 abhorrens
1727 4313 1824 4364 interim

244 4403 284 4451 17.
304 4398 422 4448 Homines
440 4397 551 4476 plerique
574 4399 664 4461 praeter
686 4397 805 4448 rationem
824 4397 904 4463 parci,
919 4399 993 4449 modo
1028 4396 1072 4451 'ab
1092 4402 1205 4454 onatilius
1219 4403 1273 4453 aliis
1291 4402 1439 4464 mendaciis,
1460 4403 1508 4454 tale
1524 4401 1649 4466 quoddam
1669 4402 1823 4452 mendacium

211 4487 336 4554 pecuniosi
348 4487 494 4548 habeantur,
510 4485 581 4536 stulti
594 4500 623 4536 ac
637 4487 762 4536 dementes
773 4487 878 4550 judicari
889 4487 992 4548 malunt,
1040 4488 1145 4553 ingerit,
1162 4504 1176 4540 e
1195 4490 1346 4554 reliquorum
1362 4491 1472 4542 omnium
1492 4489 1677 4541 mendaciorum
1696 4493 1783 4540 natura
1799 4489 1825 4538 in

211 4591 285 4641 quam
300 4575 428 4640 pecuniam
444 4575 469 4624 in
481 4588 521 4625 res
540 4573 689 4624 necessarias
704 4574 866 4638 impendendo
882 4575 993 4625 sollertes
1041 4577 1114 4628 altam
1126 4591 1229 4641 eamque
1240 4579 1396 4630 utilissimam
1408 4579 1515 4644 speciem
1528 4581 1653 4628 mutatum
1664 4578 1717 4628 arie
1731 4577 1825 4640 sapien·

177 4655 179 4662 ’
210 4653 338 4716 nominari.
1039 4665 1124 4730 tiaque
1137 4667 1230 4731 ipsius,
1252 4669 1338 4732 utpote
1358 4681 1411 4718 rem
1432 4667 1522 4718 maiam
1537 4667 1563 4717 in
1575 4680 1630 4718 eam
1642 4667 1745 4716 formam
1757 4665 1822 4715 redi-

245 4752 432 4803 tetraonas
454 4751 633 4802 existimandus
651 4755 703 4814 est,
722 4751 764 4814 qui
780 4752 846 4816 quod
870 4752 930 4804 satis
956 4757 995 4803 cst
1040 4757 1127 4818 gentis.
1713 4792 1716 4796 .

213 4840 305 4891 hahere
326 4839 375 4890 sibi
392 4839 499 4890 ridetur.
532 4841 595 4889 Eum
614 4851 673 4889 vero
695 4838 737 4901 qui
760 4852 856 4904 sempor
877 4839 994 4902 maiorem
1073 4845 1111 4890 20.
1130 4841 1271 4891 incivitate
1289 4841 1388 4892 mentiri
1408 4841 1530 4892 nullalex
1548 4840 1664 4904 cuiquam
1682 4841 1823 4904 pennittere

212 4927 341 4992 pocmriam
361 4927 409 4978 sibi
425 4927 505 4978 iacere
522 4927 674 4991 concupiscit
686 4940 766 4989 neque
783 4941 892 4992 unquam
910 4927 994 4992 acqui·
1041 4928 1126 4989 debet,
1140 4942 1217 4992 quum
1229 4943 1301 4980 nemo
1315 4929 1362 4980 nisi
1373 4929 1411 4979 vir
1422 4929 1534 4980 veritatis
1544 4929 1670 4980 studiosus
1684 4931 1708 4979 ot
1718 4927 1824 4992 prudens

212 5016 283 5066 rendi
305 5016 443 5067 satietatem
465 5015 545 5081 rapit,
558 5015 653 5066 etiamsi
668 5015 734 5066 Mida
754 5015 828 5065 tuerit
848 5015 993 5081 opulentior,
1041 5017 1153 5079 noverit,
1166 5017 1266 5080 quando
1278 5023 1303 5068 et
1315 5017 1439 5082 quomodo
1452 5017 1579 5068 mendacia
1595 5017 1690 5081 prosint
1706 5035 1712 5066 :
1728 5016 1761 5068 ob
1774 5017 1823 5066 uti·

212 5116 345 5170 pauperem
364 5103 420 5155 dico
440 5108 466 5155 et
479 5118 528 5168 qua
549 5107 615 5156 sorte
635 5104 773 5154 necessario
792 5107 847 5156 irus
866 5107 994 5156 contentus
1041 5105 1136 5156 litatem
1150 5119 1221 5166 vcro,
1236 5118 1310 5168 quam
1321 5105 1363 5156 iila
1374 5120 1414 5156 res
1430 5106 1537 5170 praebet,
1551 5103 1605 5154 deii
1616 5105 1690 5156 etiam
1705 5117 1759 5155 eam
1776 5118 1822 5154 na-

212 5191 325 5254 vivebat‚
339 5191 440 5242 eandem
451 5193 532 5260 ipsum
544 5197 635 5245 tenue.
1043 5207 1111 5244 cesse
1126 5198 1173 5244 est.

251 5285 288 5334 te.
304 5282 374 5332 Mens
385 5281 511 5332 veritatem
526 5281 692 5348 περιεσθίειν,
713 5285 738 5333 ct
755 5297 851 5348 semper
866 5297 922 5335 cum
940 5283 995 5348 ipsa
1076 5283 1114 5331 21.
1132 5279 1242 5332 literior
1257 5295 1337 5331 sermo
1354 5275 1386 5330 ab
1399 5279 1480 5330 animo
1491 5278 1597 5347 ingenuo
1612 5281 1638 5328 et
1648 5275 1759 5328 veritatis
1773 5279 1824 5328 stu-
