3958 5942
241 357 298 414 tut
734 350 857 412 arttct
879 349 1081 412 PLATONlGl
1103 349 1335 412 Ptttnosorttt

238 486 400 564 παραμενεῖς
421 482 498 550 Τίνος
521 480 604 548 αίτίας
630 481 792 561 βιασαμένης
811 479 858 554 τήν
887 485 932 542 τοῦ
952 485 1010 541 θεοῦ
1059 481 1339 563 άρθαρτονλοῦίεοιθ
1354 479 1650 554 emendatione3llhri
1662 479 1835 561 κρατύνεσθαι

239 574 363 652 γνώμην;
380 570 495 650 Πότερον
509 573 555 642 τῆς
568 569 594 638 ἐξ
608 572 693 629 αὐτῶν
704 574 755 629 τῶν
770 570 914 651 γενομίνων
933 570 1010 649 άνάγ·
1057 569 1088 628 τθ
1102 569 1241 650 ἄφθαρτον.
1256 601 1296 616 -
1307 566 1320 605 ⁴¹
1333 569 1378 627 ίτίν
1392 567 1442 648 τις]
1456 569 1630 628 membranae
1643 567 1674 640 ήν
1687 569 1719 630 ἄν
1731 594 1780 638 τις.
1796 604 1836 614 -
1854 643 1859 652 .

237 685 300 738 κης;
326 661 392 724 Ἀλλ’
420 657 487 729 αθτή
506 681 535 737 γε
559 663 596 738 τῷ
625 658 767 738 προσέσθαι
791 660 820 718 τό
850 663 1013 737 κοσμηθῆναι
1058 659 1219 734 ’δυνάμεως
1233 657 1379 736 ἐπινοήσῃ]
1398 657 1465 718 libri
1480 658 1613 736 δυνάμεως
1634 659 1782 728 ίπινοήσαι.
1796 690 1837 704 ·-

237 752 283 822 τήν
299 751 329 808 ἐκ
342 754 399 808 θεοῦ
414 745 650 827 προσωμολόγησεν
662 739 752 820 ήτταν.
764 747 832 808 Ἀλλ’
844 747 935 817 ἔξωθέν
945 771 1013 814 τινος
1058 747 1067 784 ¹
1082 751 1134 808 τῶν
1150 749 1236 807 ἄλλων
1248 747 1355 826 αἰτιῶν]
1370 768 1387 807 e
1404 746 1502 824 V'igeri
1517 747 1732 819 emendatione,
1748 746 1835 808 codd.

236 838 321 905 αἰτίας
330 833 568 914 ἀνταγωνιζομένης
580 839 617 914 τῷ
628 839 691 917 θεῷ,
707 835 775 894 Ἀλλ’
789 834 843 895 οὔτ’
853 835 940 910 ἔστιν,
954 834 1013 894 ούτε
1058 842 1109 896 τῶν
1123 837 1210 896 ἄλλων
1222 835 1318 896 αίτίαν.
1335 868 1375 882 -
1388 842 1401 882 ⁸
1415 836 1520 904 πάντως
1535 835 1565 894 τό
1576 835 1625 914 γε]
1639 835 1723 894 codd.
1739 835 1840 900 πάντας

235 931 262 987 έν
280 918 315 992 οἷς
331 926 395 1006 έρθη
410 925 545 1005 κρατήσας
559 924 604 983 καί
619 925 754 1003 κοσμήσας
770 928 784 982 ό
806 923 876 998 θεός,
892 923 929 982 ίτι
943 921 1012 992 ἄξιον
1056 927 1128 1005 τόγε.
1143 959 1183 974 -
1198 927 1275 1004 ιιείγε
1291 925 1382 1003 μίλλοι
1400 948 1439 994 τις
1454 925 1520 992 ὅλως
1531 916 1597 986 εἶναι
1614 923 1742 1008 ποιητής]
1756 925 1837 984 σθί-

236 1015 262 1073 έν
279 1012 377 1080 τούτοις
392 1011 469 1071 αὐτόν
484 1013 608 1070 ἐλαττοῦν
623 1035 709 1088 τινος,
727 1009 752 1070 εί
766 1034 795 1088 γε
811 1010 848 1088 μή
860 1009 1012 1071 παντάπασι
1057 1015 1117 1090 geri
1131 1014 1348 1089 emendatione3
1360 1015 1445 1077 oodd.
1461 1015 1514 1093 είγε
1525 1014 1618 1094 μέλλοι
1631 1038 1669 1082 τις
1683 1014 1749 1080 ὅλως
1760 1037 1839 1086 ποιη-

236 1104 396 1180 λανθάνομεν
411 1107 481 1176 ἡμᾶς
504 1099 596 1168 αὐτοῦς
613 1101 674 1180 περί
692 1103 738 1168 τῆς
752 1097 877 1180 μεγίστης
887 1097 932 1158 καί
946 1103 1011 1158 θειο·
1056 1103 1111 1175 τής,
1128 1101 1177 1183 —)

231 1191 315 1263 τάτης
329 1191 463 1267 δυνάμεως
478 1189 667 1268 διαλεγόμενοί.
684 1188 762 1248 Ἀλλά
777 1189 828 1266 γάρ
845 1185 936 1254 είςτθν
951 1185 1012 1266 περί
1097 1215 1120 1256 5,
1141 1191 1206 1274 Περὶ
1225 1197 1286 1272 γοῦν
1312 1197 1364 1252 τῶν
1387 1193 1554 1270 καλουμένων
1574 1191 1725 1272 στοιχείων,
1749 1191 1777 1261 ἐξ
1799 1181 1838 1250 ὧν

238 1284 281 1352 τῆς
305 1279 426 1350 ἀληθείας
438 1278 514 1356 lli&
530 1277 651 1355 ἐοίκαμεν
667 1277 717 1335 urr'o
739 1273 884 1354 προθυμίας
905 1275 967 1353 ίκφὲ
984 1299 1010 1333 ε·
1056 1281 1168 1360 πρώτων
1189 1279 1300 1356 σόιματα
1323 1279 1486 1356 συνέστηκε,
1502 1279 1617 1342 Πλάτων
1640 1279 1687 1356 μέν
1712 1278 1839 1355 ἑπόμενος

235 1374 307 1430 σθαι.
328 1371 413 1440 Δῆλον
430 1366 475 1444 μίν
501 1366 545 1426 καί
559 1365 573 1426 ὃ
589 1365 768 1446 προύθέμεθα,
782 1367 817 1432 όις
839 1367 885 1423 οὐκ
906 1363 937 1422 θεν
962 1299 1010 1423 elau
1056 1393 1089 1448 τη
1106 1369 1165 1448 περί
1186 1369 1253 1429 αύτόι
1268 1369 1406 1448 ἐναργείᾳ,
1429 1370 1548 1450 καθάπερ
1568 1367 1614 1427 καί
1628 1371 1652 1427 οἱ
1667 1369 1719 1446 πρό
1739 1370 1837 1440 αὐτοῦ,

235 1459 386 1517 διδάσκαλοι
400 1457 460 1537 περὶ
475 1454 573 1532 κόσμου
588 1457 713 1534 γενέσεως
732 1458 756 1514 οἱ
771 1453 836 1531 μηδὲ
855 1452 903 1524 τήν
927 1452 1011 1534 ἀρχήν
1057 1457 1172 1536 τέσσαρά
1195 1479 1223 1514 τε
1244 1455 1338 1536 ίρησεν
1364 1449 1429 1514 εἶναι
1451 1461 1534 1516 ταῦτα
1552 1456 1770 1536 ὁμολογούμενα,
1785 1463 1837 1537 πῦρ

234 1545 333 1624 γένεσιν
348 1543 518 1609 ἀπολιπόντες
533 1545 614 1625 αὐτῷ.
632 1543 685 1604 Καὶ
701 1542 753 1618 μὴν
767 1539 885 1618 καὶπερὶ
900 1543 1011 1610 aaaron
1057 1545 1101 1606 καί
1125 1549 1173 1624 γῆν
1196 1543 1241 1602 καί
1265 1544 1328 1624 ἀέρα
1345 1546 1390 1603 καὶ
1412 1545 1491 1623 ύθωρ,
1507 1543 1551 1604 καί
1566 1547 1596 1604 έκ
1615 1545 1710 1605 τούτων
1727 1567 1838 1626 συγκρι-

235 1634 366 1712 οωμάτων
381 1632 505 1711 πέμπτης
521 1632 624 1704 οὐσίας,
638 1631 670 1703 ἣν
687 1631 844 1709 εἰσηγήσατο
865 1628 1011 1709 ’λριστοτέ-
1056 1632 1169 1710 νομένων
1189 1633 1234 1690 καί
1253 1631 1418 1710 τρεπομένων
1432 1632 1466 1690 τόι
1483 1632 1562 1690 λοιπόι
1577 1633 1663 1692 πάντα
1683 1639 1838 1710 γεννᾶσθαι.

235 1725 299 1800 λης,
315 1728 397 1780 ταῦτα
410 1721 578 1798 παραθετέον.
1057 1719 1235 1799 Ἀριστοτέλης
1264 1719 1293 1778 δέ
1299 1765 1308 1793 ,
1332 1724 1367 1788 ὣς
1395 1721 1491 1793 ἔοικεν,
1518 1723 1625 1788 ἐλπίσας
1653 1721 1838 1800 περιττότερος

276 1809 435 1890 (Eusebius
451 1810 579 1888 Praepar.
594 1808 701 1882 Evang.
719 1806 771 1866 lib.
791 1805 844 1866 xv
858 1826 920 1884 cap.
937 1807 1011 1864 6τοῦ
1057 1811 1194 1886 ρανεῖσθαι
1211 1811 1249 1887 τῷ
1261 1815 1379 1890 φρονεῖν,
1399 1806 1460 1867 εἴτι
1475 1813 1552 1885 σῶμα
1566 1809 1596 1867 ἐκ
1608 1811 1730 1886 περιττοῦ
1750 1831 1837 1888 πρου-

236 1901 314 1958 αύτοῦ
334 1898 398 1976 πρὸς
412 1898 456 1956 τόν
477 1895 742 1976 αύτόν,θιενεχθέντα
759 1898 851 1954 Μωσεῖ
871 1892 916 1951 καί
934 1895 1011 1954 Πλά-
1057 1894 1129 1968 θείη,
1163 1896 1410 1974 προσκατηρίθμησε
1437 1903 1490 1962 τοῖς
1523 1894 1686 1976 φαινομένοις
1712 1894 1839 1974 τέτταρσι

236 2011 315 2058 τωνι,
334 1986 379 2044 καί
402 1988 427 2044 ἐν
442 1989 480 2066 τῷ
503 1985 540 2061 μὴ
566 1987 711 2064 συγχωρεῖν
737 1981 859 2060 γεννητόν
883 1972 949 2040 εἶναι
969 1983 1012 2041 τόν
1057 1983 1223 2060 σώμασιν-λι
1241 1985 1364 2060 πέμπτην
1379 1985 1481 2042 οὐσίαν·
1499 1984 1568 2043 πάνυ
1583 1981 1630 2060 μέν
1650 1986 1778 2062 λαμπρῶς
1791 1983 1839 2042 καὶ

235 2076 341 2152 κόσμον.
355 2075 463 2152 Scripsi
481 2074 613 2145 ιθέπειδή
624 2074 684 2152 γάρ,
698 2074 775 2153 ρησί,
786 2072 925 2149 γεγένησθε
937 2070 1007 2154 κτλ]
1058 2070 1206 2151 φιλοδιύρως
1221 2077 1253 2152 τῇ
1268 2071 1343 2151 φύσει
1364 2071 1546 2151 χρησάμενος,
1567 2071 1604 2148 μή
1620 2069 1728 2131 martia
1745 2070 1772 2129 δέ
1796 2068 1838 2129 ότι

235 2187 300 2224 cum
316 2163 433 2222 Eusebii
452 2163 536 2234 codd,
553 2162 683 2220 Platonis
698 2161 780 2220 locus
797 2161 885 2220 estin
902 2159 1012 2218 Timaeo
1057 2162 1086 2218 οὐ
1100 2159 1247 2233 νομοθετεῖν
1271 2161 1310 2217 δεῖ
1331 2160 1551 2239 φυσιολογοῦντα,
1569 2158 1602 2217 τό
1617 2159 1645 2218 δέ
1666 2164 1712 2232 τῆς
1734 2161 1839 2240 φύσεως

236 2273 304 2331 pag.
326 2261 359 2320 [γε
382 2250 414 2308 δι’
439 2250 455 2309 θ
471 2249 514 2318 καὶ
532 2249 640 2330 ἐπείπερ
653 2248 809 2326 γεγένησθε,
825 2247 948 2306 άθοίνατοι
965 2247 1012 2324 μέν
1058 2247 1136 2318 αὐτῆς
1149 2245 1295 2328 ἐξιστορεῖν.
1312 2249 1358 2314 El<
1372 2247 1457 2306 τοίνυν
1471 2247 1517 2320 τήν
1539 2247 1668 2316 ἀπόδειξιν
1682 2252 1727 2305 τοῦ
1743 2246 1839 2305 τέττα-

235 2345 281 2400 ούκ
297 2338 355 2399 εὀτέ
378 2339 431 2398 οὗθ’
447 2339 537 2398 ἄλυτοι
551 2337 579 2397 τό
593 2338 723 2414 πάμπαν,
740 2337 795 2396 ούτι
813 2336 860 2414 μέν
879 2335 910 2406 δὴ
929 2335 1012 2408 λυθή-
1058 2357 1104 2415 ρας
1126 2323 1251 2402 εἶναιτίς
1266 2334 1370 2416 πρώτας
1394 2339 1446 2394 τῶν
1467 2335 1597 2412 σωμάτων
1618 2335 1724 2416 ρύσεις,
1747 2326 1779 2406 ἧς
1805 2335 1838 2406 δή

194 2475 196 2480 -
235 2430 311 2489 usati
324 2451 353 2506 γε
367 2427 424 2486 οὐδὲ
436 2425 554 2495 τεύξεσθε
566 2426 677 2484 θανάτου
693 2425 800 2504 μοίρας,
812 2429 859 2496 τῆς
875 2427 940 2500 ἐμῆς
953 2429 1011 2502 βου·
1057 2421 1135 2502 χρεία
1153 2433 1204 2490 τοῖς
1225 2423 1419 2496 Πλατωνικοῖς,
1435 2427 1464 2483 οὗ
1489 2423 1565 2502 μόνον
1589 2427 1636 2483 οῦκ
1653 2423 1683 2481 όν
1700 2423 1839 2495 συντελιίη

234 2518 334 2589 λήσεως
357 2514 470 2591 μείζονος
484 2515 522 2572 ἔτι
538 2515 634 2589 δεσμοῦ
647 2512 693 2571 καί
712 2512 870 2592 κυριωτέρου
889 2511 1013 2592 λαχόντες
1057 2515 1111 2568 τιό
1128 2512 1342 2588 περιπατητικός,
1359 2511 1427 2572 illi
1443 2513 1535 2592 σχεδόν
1550 2511 1595 2571 καί
1607 2512 1682 2589 μόνος
1698 2515 1839 2571 ἐναντιοῑτ’

235 2601 338 2660 ἐκείνων
354 2593 390 2667 οἷς
405 2602 445 2660 ὅτ’
457 2601 588 2678 ίγίγνεσθε
604 2600 754 2668 ίυνεδεῖαθε.
769 2599 815 2659 Cf.
830 2599 950 2657 Pltotlus
965 2599 1011 2656 Bi-
1059 2599 1098 2658 άν.
1118 2599 1252 2676 Λεγόντων
1267 2605 1327 2678 γοῦν
1343 2603 1435 2675 ήμῶν,
1457 2598 1497 2658 ὅτι
1510 2608 1562 2657 πᾶν
1580 2597 1689 2676 σῶμαή
1710 2599 1808 2678 θερμόν
1824 2598 1840 2668 ἢ

236 2689 337 2750 ίιίίυῑλι.
351 2709 417 2766 pag.
433 2711 490 2766 9⁰⁰
501 2689 550 2766 qui
568 2707 622 2766 pro
642 2689 780 2766 γεγένησθε
795 2687 881 2746 ltabet
897 2687 1013 2764 έγίνεσθε
1057 2687 1208 2770 ψυχρόν,ή
1230 2689 1308 2767 ὑγρόν
1327 2686 1449 2768 ἢξηρόν,
1466 2687 1483 2758 ή
1502 2685 1652 2764 μαλακὸνή
1673 2687 1839 2766 σκληρύν,ἢ

237 2791 323 2853 atque
338 2776 367 2833 ln
383 2777 571 2854 sequentibus
585 2774 655 2834 οῦτοι
669 2799 697 2852 γε
714 2775 764 2851 μὴν
780 2775 933 2845 λυθήσεσθε.
950 2775 1013 2821 -θ
1058 2773 1181 2856 κοῦρονή
1197 2775 1281 2855 βαρύ,
1297 2773 1313 2846 ἢ
1327 2775 1417 2854 ἀραιόν
1438 2774 1456 2846 ἢ
1471 2775 1584 2834 πυκνόν·
1603 2773 1651 2833 καί
1666 2777 1839 2854 εὑρισκόντων

236 2865 292 2924 οῦδὲ
304 2865 362 2921 καθ’
375 2864 451 2922 αὑτὸν
462 2864 646 2942 περαίνοντος]
656 2883 672 2922 e
684 2863 780 2940 vigeri
792 2865 1009 2930 eittendetlonez
1057 2864 1098 2923 ὅτι
1110 2866 1157 2924 ούκ
1171 2861 1203 2923 iv
1220 2862 1305 2943 ἕτερον
1318 2861 1359 2935 είη
1373 2888 1398 2921 τι
1411 2864 1440 2922 τό
1456 2862 1559 2940 μεθίξον
1570 2863 1666 2922 τούτοιν
1683 2864 1752 2929 τινὸς
1765 2863 1839 2940 παρὰ

236 2953 320 3010 codd.
335 2950 392 3010 otti
407 2951 464 3010 καθ’
479 2955 557 3010 αὑτοῦ
572 2951 744 3032 περαίνοντος.
760 2985 800 2998 -
814 2959 825 2988 ⁰
840 2953 1010 3032 κρατύνεσθαι
1031 2956 1037 3004 Ι
1057 2952 1090 3010 ali
1102 2953 1231 3031 τέσσαρα·
1250 2953 1291 3032 (εί
1307 2951 1354 3028 μέν
1370 2951 1420 3032 γόρ
1435 2953 1544 3030 θερμόν,
1558 2951 1575 3023 ἣ
1591 2947 1670 3031 πῦρῆ
1685 2949 1749 3028 ἀήρ·
1771 2954 1796 3008 εἷ
1812 2951 1838 3008 ’δὲ

236 3147 350 3210 piurima,
374 3159 451 3208 quum
471 3146 545 3196 semel
570 3146 696 3196 hominum
711 3147 821 3196 studium
846 3161 875 3197 ae
896 3147 1011 3198 voluntas
1061 3151 1112 3208 roi,
1127 3149 1220 3211 iguem,
1238 3150 1341 3207 terram,
1355 3159 1436 3196 aerem
1449 3149 1474 3195 et
1483 3159 1587 3209 aquam,
1598 3158 1627 3196 er
1640 3143 1730 3209 quibus
1741 3145 1841 3195 interse

236 3233 381 3294 accesserit,
396 3233 491 3282 inimiio
505 3237 616 3296 tempore
630 3235 702 3288 eliam
718 3235 889 3297 postmortem
906 3234 1014 3300 ejusqui
1059 3234 1143 3285 mixtis
1159 3237 1184 3283 ei
1203 3232 1307 3283 mutatis
1327 3235 1418 3282 caetera
1436 3233 1520 3283 omnia
1543 3232 1708 3297 gignerentur.
1725 3235 1758 3282 m
1778 3247 1841 3283 uero

235 3324 271 3372 ita
285 3321 397 3372 voluerat
411 3323 543 3372 constituta
555 3327 654 3371 manunt
671 3344 677 3371 :
696 3335 753 3384 quau
765 3335 824 3372 vero
837 3321 876 3372 dei
888 3324 942 3372 orta
953 3335 999 3372 oon
1059 3322 1216 3383 Aristoteles,
1240 3335 1315 3384 quum
1335 3319 1505 3384 perfectioris,
1524 3324 1552 3372 ut
1574 3320 1682 3380 ridetur,
1710 3323 1839 3385 sapientire

236 3410 304 3472 sitio,
320 3423 375 3472 qua
392 3411 491 3473 proptor
504 3408 586 3472 ipsum
608 3412 682 3472 atque
696 3408 727 3458 ab
744 3408 800 3472 ipso
818 3409 927 3472 pertenta
949 3408 1012 3470 sint,
1058 3410 1156 3461 laudem
1170 3421 1197 3460 se
1208 3412 1399 3460 consecuturum
1411 3411 1535 3472 speraret,
1547 3408 1569 3459 si
1583 3423 1676 3459 norum
1689 3409 1790 3472 aliquod
1804 3411 1840 3459 in-

235 3513 264 3549 ea
278 3503 399 3562 presente
414 3496 533 3547 videlieet
543 3496 660 3547 elieetoro
678 3497 773 3562 dilapsa
788 3497 939 3548 interibunt?
951 3501 1013 3556 Qua
1058 3511 1131 3561 super
1153 3510 1243 3561 eorpus
1268 3495 1409 3558 inveheret,
1430 3497 1495 3547 notis
1511 3496 1560 3546 illis
1586 3501 1705 3560 quattuor
1726 3499 1839 3561 quintam

236 3599 310 3638 musa
322 3589 416 3636 tautam
432 3587 482 3636 vim
495 3583 682 3635 aiieretdirinae
694 3584 831 3636 uoluntati?
846 3589 882 3635 tin
899 3599 927 3635 ex
939 3585 1013 3636 robus
1057 3584 1229 3638 artuumerarit
1248 3585 1379 3635 essentiam
1404 3604 1409 3634 ι
1435 3586 1526 3652 inquo
1544 3584 1669 3648 splendide
1690 3599 1792 3649 prorsus
1810 3601 1839 3636 no

236 3675 308 3740 ipsis,
324 3688 381 3738 quas
402 3673 473 3723 tantm
488 3673 548 3732 sint,
572 3672 681 3736 protecta
700 3673 852 3722 necessitas?
867 3675 898 3722 at
914 3672 954 3723 illa
974 3671 1013 3723 rel
1058 3674 1188 3726 liberaliter
1195 3673 1345 3738 quidemiile
1358 3675 1469 3724 naturam
1481 3671 1582 3736 habuit,
1593 3673 1636 3724 sed
1647 3687 1695 3723 nou
1707 3675 1837 3732 intellexit,

235 3765 282 3814 Ιιοο
296 3763 364 3827 ipso,
379 3761 446 3827 quod
462 3761 519 3825 tingi
536 3773 579 3810 eas
598 3760 744 3824 disponique
757 3760 831 3822 sirii,
850 3761 941 3812 victam
961 3774 1014 3812 sea
1057 3761 1152 3828 physici
1163 3775 1212 3812 non
1226 3773 1281 3812 esse
1296 3763 1362 3824 loges
1376 3761 1540 3825 antudinam,
1555 3761 1600 3811 sed
1612 3764 1708 3812 tantum
1722 3775 1781 3825 quae
1792 3777 1838 3813 na·

234 3853 282 3905 deo
290 3867 344 3906 esso
356 3852 467 3903 oonlasaa
479 3854 533 3902 esi?
546 3851 583 3900 λυ
593 3849 640 3899 deo
652 3861 726 3900 causa
737 3847 850 3912 quodam
862 3849 1014 3899 extrinsecus
1057 3853 1121 3903 ture
1141 3849 1241 3914 propria
1256 3851 1314 3900 sunt
1337 3849 1487 3912 perquirere.
1507 3852 1590 3907 Quare
1608 3847 1640 3899 ad
1652 3849 1719 3900 illam
1732 3849 1838 3900 demon·

236 3941 398 3994 adversatur?
413 3945 446 3993 at
459 3953 506 3990 neo
520 3938 570 3988 ulla
585 3939 640 3988 talis
654 3941 706 3999 est,
723 3951 768 3988 neo
782 3937 801 3988 si
818 3941 898 4000 esset,
914 3949 1013 4002 aequum
1058 3938 1214 4000 strationem,
1224 3933 1280 4001 quoe
1294 3936 1384 4000 primus
1398 3939 1516 4000 quattuor
1527 3951 1579 3988 esse
1594 3951 1723 4001 corporum
1737 3942 1840 3988 naturas

238 4032 321 4080 tamen
341 4027 418 4088 toret,
434 4027 522 4088 deum,
537 4027 627 4090 quibus
646 4025 671 4075 in
692 4026 767 4076 rebus
783 4025 857 4076 etiam
873 4024 1014 4076 ordinandis
1058 4027 1162 4086 alliciat,
1175 4039 1225 4090 qua
1244 4039 1303 4077 sane
1314 4025 1433 4076 Platonici
1448 4025 1568 4090 indigent,
1583 4039 1632 4076 non
1646 4025 1721 4076 modo
1734 4027 1840 4091 Peripa-

236 4113 345 4178 superior
360 4115 410 4176 jam
426 4111 513 4172 tuerit,
528 4113 551 4162 in
573 4111 611 4161 his
627 4112 687 4175 ipsis
705 4113 787 4177 aliqua
800 4112 899 4162 demum
912 4111 1013 4162 inierio-
1058 4115 1147 4165 tetions
1161 4113 1220 4164 nihil
1234 4111 1348 4178 prodest,
1362 4111 1406 4164 sed
1419 4125 1495 4177 prope
1511 4112 1581 4162 solus
1592 4113 1666 4163 otiam
1680 4111 1702 4164 ei
1720 4114 1840 4165 adversa-

236 4215 288 4251 rom
301 4201 356 4252 duoi
373 4221 379 4250 :
393 4201 439 4250 nisi
453 4201 515 4250 torte
528 4201 597 4250 nohis
609 4200 640 4250 de
652 4213 749 4251 summo
762 4203 918 4265 maximoque
930 4199 1015 4251 divino
1058 4203 1108 4250 int.
1122 4201 1205 4260 Quum
1229 4198 1294 4251 enim
1317 4211 1388 4248 omne
1411 4211 1500 4262 eorpus
1520 4198 1626 4249 calidum
1643 4202 1687 4249 aui
1705 4199 1838 4264 trigidum,

238 4289 338 4340 numine
352 4301 488 4338 sermonem
504 4301 559 4338 esse
570 4288 668 4351 perdtus
680 4288 827 4352 ignoramus.
844 4289 892 4340 sod
903 4291 968 4340 enim
984 4289 1010 4339 in
1053 4275 1187 4338 ¹humidum
1201 4291 1246 4338 uui
1259 4287 1368 4350 siooum,
1380 4286 1453 4337 molle
1465 4289 1508 4336 aut
1516 4286 1621 4350 durum,
1632 4287 1686 4337 lere
1697 4291 1742 4337 aut
1752 4301 1839 4351 graue,

240 4379 302 4428 trane
315 4377 346 4427 tle
361 4377 464 4427 ueritate
487 4375 676 4440 disputationem
693 4375 787 4427 acriore
807 4376 915 4440 quodam
931 4377 1015 4428 studio
1059 4387 1142 4424 rarum
1164 4377 1207 4424 aut
1228 4372 1331 4424 densum
1354 4385 1408 4424 esse
1425 4373 1550 4434 dieamus,
1571 4373 1748 4438 videamusque
1771 4375 1841 4425 atiud

237 4466 330 4531 delapsi
338 4478 393 4516 osse
403 4465 524 4516 ridemur.
534 4465 634 4514 Planum
642 4463 742 4528 quidem
754 4463 815 4514 iliud
827 4465 937 4527 terimus,
946 4465 1014 4529 qnod
1058 4461 1150 4512 nullum
1161 4465 1250 4526 praeier
1260 4461 1302 4511 illa
1309 4463 1426 4524 quattuor
1437 4474 1541 4527 corpora
1553 4473 1607 4512 esso
1616 4475 1704 4526 posse,
1716 4463 1785 4525 qnod
1799 4464 1841 4514 liis

237 4554 389 4621 propositum
407 4552 478 4603 nobis
491 4557 558 4614 erui,
573 4552 604 4602 de
619 4551 702 4602 mundi
718 4551 809 4614 origiue
831 4551 945 4603 dootores
960 4553 1015 4603 illos
1059 4563 1072 4601 e
1096 4550 1285 4615 pmprietatibus
1304 4550 1410 4614 aliquam
1431 4549 1548 4600 sortimur
1567 4567 1574 4599 ε
1591 4549 1666 4613 (nam
1692 4551 1715 4600 si
1728 4551 1841 4602 ualidum

236 4655 360 4707 nunqnam
382 4641 492 4701 iniuros,
513 4641 555 4704 qui
571 4652 602 4690 ne
625 4638 700 4690 ultam
714 4639 814 4702 quidem
831 4637 948 4704 originem
969 4639 1015 4703 ipsi
1058 4639 1106 4701 sit,
1125 4643 1168 4689 ant
1188 4637 1251 4702 ignis
1265 4639 1312 4688 orit
1329 4641 1372 4689 aui
1392 4651 1446 4699 εει·;
1462 4638 1484 4687 si
1504 4637 1636 4700 trigidum,
1656 4639 1695 4688 ret
1712 4652 1779 4703 aqna
1798 4643 1842 4692 vel

237 4733 382 4796 relinquant.
398 4729 521 4782 (luterum
533 4729 562 4779 de
573 4727 658 4792 quinta
669 4726 743 4778 etiam
755 4739 887 4793 corporum
900 4727 1013 4788 essentia,
1059 4729 1139 4788 terra3
1162 4726 1295 4778 sinautem
1317 4727 1409 4777 siecum
1423 4726 1512 4789 tuerit,
1525 4730 1568 4777 aut
1588 4726 1649 4791 iguis
1661 4729 1704 4778 ani
1721 4729 1804 4790 terrm
1818 4731 1842 4781 si

236 4836 311 4887 quum
323 4817 458 4872 introduxit
470 4815 626 4878 Aristoteles,
642 4817 697 4868 irase
710 4816 822 4867 addentia
834 4820 898 4868 suni.
1058 4815 1203 4878 humidum,
1219 4815 1258 4867 vel
1271 4829 1335 4879 aqua
1347 4815 1388 4866 rel
1400 4829 1441 4865 aar
1457 4835 1463 4864 ι
1478 4816 1499 4866 si
1513 4827 1572 4865 vero
1585 4815 1659 4865 molle
1676 4816 1723 4879 sit,
1737 4819 1784 4868 aut
1796 4831 1844 4870 aer

270 4916 293 4962 5.
316 4913 379 4961 liam
392 4908 422 4959 de
435 4909 465 4958 iis
478 4920 535 4972 quas
551 4910 624 4970 rotgo
638 4906 755 4958 dicuntur
767 4908 900 4968 elemento,
919 4919 951 4956 ex
961 4903 1014 4968 qni·
1059 4909 1103 4954 aut
1113 4903 1189 4968 ίνιιὶες
1204 4903 1340 4966 sidorum,
1354 4903 1393 4954 vel
1402 4917 1466 4967 aqua
1476 4904 1517 4967 ret
1528 4906 1613 4954 terra:
1630 4903 1736 4967 donique
1751 4905 1844 4958 silere

238 5000 286 5050 bus
298 4999 385 5062 primis
398 5009 501 5060 corpora
514 4998 645 5058 wnstaut,
661 4997 695 5046 ita
708 4997 776 5046 Plato
791 4995 944 5058 superiorum
957 4993 1014 5057 phi·
1059 4993 1092 5042 sii
1104 4995 1178 5054 atque
1193 5005 1290 5054 rantur,
1310 4992 1425 5054 antiquis
1445 4991 1493 5042 erit
1505 4995 1549 5042 aut
1567 5005 1626 5054 ner;
1640 4997 1747 5055 nigrare
1765 4997 1844 5057 atque

239 5086 396 5150 {esophorum
419 5085 532 5150 exemplo
555 5085 710 5150 perspectam
736 5085 841 5134 istorum
868 5081 1014 5133 evidentiam
1059 5080 1177 5142 densum,
1192 5095 1256 5145 οηιιυ
1278 5081 1315 5131 vol
1335 5081 1524 5142 torratnutium
1540 5080 1599 5130 iiom
1616 5080 1682 5132 aliud
1696 5095 1727 5131 ex
1742 5082 1843 5132 caeteris

239 5175 337 5225 secutus
349 5173 477 5236 disseruit,
491 5176 519 5223 ut
532 5177 650 5237 quattuor
660 5172 703 5222 illa
716 5170 812 5236 publice
826 5173 923 5234 recepta
936 5181 1011 5234 pone·
1059 5168 1172 5219 omuibus
1190 5169 1341 5233 simplicibus
1361 5168 1530 5230 facultatibus,
1554 5171 1644 5232 proeter
1659 5169 1700 5219 iiia
1719 5172 1843 5232 quattuor
