3882 5954
512 323 745 386 ETHlCORUM
767 323 1107 386 Nicounouuossutu
1129 327 1413 391 Pannnuunsm.
1712 339 1773 398 469

158 463 205 533 τὴς
227 459 341 539 ὁμοίως·
363 462 393 520 οὐ
415 460 467 542 γάρ
486 463 587 531 ἐστινὴ
610 459 734 538 θηριωδία
748 457 810 536 περί
828 457 861 515 τίι
877 457 944 517 αιίτδι
990 481 1071 531 neque
1083 467 1149 518 enim
1161 465 1247 518 lenitas
1258 467 1284 519 in
1297 469 1386 520 iisdem
1400 475 1523 532 versatur,
1538 475 1564 524 in
1583 477 1677 541 quihus
1689 477 1776 529 intem.

159 557 192 630 τῇ
208 549 353 629 ἀκολασίᾳ,
369 547 460 627 ὥσπερ
478 554 495 622 ἡ
510 549 601 616 ἅπλῶς
622 547 778 626 ίγκροίτεια·
797 553 814 619 ἡ
831 547 878 623 μὲν
893 547 943 626 γὰρ
991 554 1107 619 perantia
1123 555 1241 614 cernitur,
1263 557 1328 606 siem
1346 557 1451 622 simplex
1470 561 1621 630 continentia
1637 579 1714 615 znam
1734 568 1774 616 in.

159 641 289 701 ἀκολασία
311 638 372 717 περί
386 639 432 704 τίς
447 637 559 719 ρυσικάς
581 641 651 697 ἔστιν
666 636 761 708 ήδονδις
776 637 884 712 ὁμοίως,
898 636 945 694 καί
991 643 1281 708 tenpermriaaequeac
1297 645 1402 709 simplex
1419 647 1777 704 continentiainnaturalibus
1825 667 1828 675 ¹

158 735 175 802 ἡ
201 731 291 796 ἁπλῶς
316 726 468 808 ἐγκράτεια,
490 733 509 800 ἡ
531 725 558 786 δί
583 727 709 807 θηριωδία
729 726 790 806 περί
804 723 851 792 τὰς
872 722 946 804 παρά
992 731 1162 796 voluptatibus
1173 733 1290 793 vertitur,
1307 734 1334 784 in
1351 734 1383 784 iis
1402 740 1487 787 autem
1511 753 1569 803 quae
1585 744 1683 791 nature
1702 755 1777 807 repu-

158 819 246 901 ρύσιν.
990 822 1066 884 quant
1082 820 1176 872 feritas.

200 909 212 934 *
227 910 309 968 ilites
325 905 372 982 μὲν
394 904 446 984 γάρ
461 904 665 985 ύπερύάλλουσα
680 903 777 980 κακία,
793 904 839 964 καί
860 907 944 986 ἀρρο-
1022 909 1110 959 Omnis
1122 910 1188 960 enlm
1202 911 1305 962 modum
1317 912 1440 963 excedens
1453 913 1579 965 vitiositas
1595 919 1619 965 et
1633 917 1740 966 amentia
1752 921 1778 967 el

158 995 236 1069 σύνη,
259 995 305 1055 καί
321 995 416 1072 δειλία,
437 994 485 1054 καί
501 993 642 1066 ἀκολασία,
667 994 712 1051 καί
731 992 893 1074 χαλεπότης,
916 995 943 1052 αἱ
991 987 1111 1038 timiditas
1132 993 1158 1038 et
1171 989 1362 1054 intemperantia
1376 995 1402 1042 et
1414 993 1510 1042 sevitia
1531 995 1621 1057 partim
1637 993 1716 1046 serina
1730 1001 1775 1054 est,

158 1085 207 1161 μὲ,
222 1082 368 1164 ηηρρηδμς,
383 1086 411 1142 αἱ
431 1084 459 1142 δὲ
472 1083 669 1158 meidii&
687 1083 762 1142 ὠή,
779 1081 814 1142 ‘0
830 1080 877 1158 pie
892 1080 944 1160 ,ηρ
991 1067 1082 1156 partim
1101 1068 1216 1158 morbosa
1240 1072 1304 1159 lieni
1323 1069 1481 1160 qulnnatura
1500 1071 1557 1121 talis
1572 1077 1625 1130 est,
1648 1078 1677 1122 ut
1695 1074 1778 1124 omnia

158 1173 235 1256 φύσῃ
250 1163 556 1245 τ,,,ῦ,ο,,οροςδεδ,ρ,α,
568 1169 866 1250 πάντα,κᾶ,ςψοφήσῃ
880 1175 940 1244 μῦς,
991 1149 1261 1204 extimescat,etramsr
1271 1161 1329 1197 mus
1339 1148 1472 1198 stridorem
1488 1149 1608 1206 ediderit,
1624 1151 1702 1202 serina
1714 1167 1778 1216 qun.

158 1260 274 1341 θηριώδη
290 1261 388 1320 δειλίαν
412 1258 508 1329 δειλός·
531 1259 721 1336 νοσηματώδης
744 1260 785 1336 δι’,
800 1249 852 1326 οἷος
878 1251 909 1333 ἦν
930 1263 944 1318 δ
990 1222 1047 1351 ἓῗῃ
1067 1223 1201 1354 tmifflbtgte
1215 1225 1325 1353 sisimtidus
1347 1230 1385 1353 Ὗ
1410 1227 1529 1356 ⁵bm⁰fb⁰
1550 1233 1636 1278 amem
1660 1230 1717 1280 tans
1733 1231 1777 1322 ‘ini

158 1349 248 1417 δεδιὼς
269 1349 318 1421 τὴν
332 1352 417 1428 γαλῆν
432 1349 476 1407 διὰ
500 1349 593 1408 νόσον,
608 1348 654 1407 κα,
676 1349 720 1406 ,τὰ
734 1354 781 1419 τῆς
797 1347 944 1428 ἀφροσύνης
1001 1317 1062 1352 eein
1085 1316 1140 1352 mor
1199 1318 1263 1353 aec
1276 1318 1306 1354 ue
1327 1319 1367 1356 me
1380 1320 1412 1356 ue
1429 1309 1455 1356 at
1481 1307 1642 1372 ‚eademque
1662 1315 1777 1360 amentiae

989 1383 1053 1434 ratio
1066 1388 1105 1435 est
1129 1405 1136 1435 ι
1155 1399 1211 1436 nam
1234 1386 1278 1451 qui
1293 1391 1383 1436 natura
1398 1387 1469 1436 stulti
1483 1391 1509 1437 et
1527 1381 1701 1439 inconsiderati
1720 1395 1778 1440 sunt

158 1441 182 1497 ⁰5
196 1439 243 1512 pti
257 1441 288 1498 ἐκ
301 1437 548 1519 φθίεωςθδθῖῑθῒθῑ
564 1439 609 1496 καί
623 1438 691 1516 po'eq
705 1439 826 1510 otico’iffi
840 1442 943 1510 turen,
989 1476 1113 1528 sensuque
1142 1463 1265 1516 duntaxat
1287 1465 1389 1524 vivunt,
1413 1463 1624 1530 quemadmodum
1652 1468 1777 1534 nonnullae

157 1527 249 1609 ὥσπερ
275 1529 330 1587 τινὰ
352 1528 444 1608 ῑγίνη
467 1532 520 1589 τῶν
538 1531 630 1610 πόρρω
651 1527 802 1608 βαρθοίρων,
827 1527 942 1609 θηριώδη
990 1541 1179 1609 longinquorum
1211 1543 1373 1594 barbarorum
1407 1545 1531 1604 nationes,
1563 1545 1643 1596 serina
1665 1547 1778 1598 laborant

158 1616 307 1698 ἀφροσύνην
325 1616 449 1698 ἀφρονες·
476 1621 501 1678 οί
516 1619 543 1678 δί
565 1619 608 1678 διδ
624 1619 714 1684 νόσους
738 1617 942 1690 ἐπιληπτικάςῆ
990 1625 1096 1675 amentia
1111 1625 1172 1690 :qui
1186 1639 1244 1674 vere
1265 1628 1366 1689 propter
1380 1625 1480 1675 morbos
1494 1625 1633 1676 comitiales
1646 1627 1684 1678 vel
1705 1627 1777 1678 luro-

157 1707 264 1784 μανίας,
278 1707 484 1783 νοσηματώδρις,
989 1717 1044 1763 Γθθ,
1057 1704 1074 1754 ii
1088 1704 1195 1755 molbOSi
1210 1708 1277 1755 suni.

201 1794 227 1820 **
244 1795 351 1862 Ταύτας
368 1797 393 1854 δὲ
410 1795 457 1864 τδς
472 1793 536 1864 ἔξεις
554 1796 663 1856 δυνατὸν
688 1794 734 1854 καί
755 1796 883 1875 ἔχεινκαὶ
904 1795 941 1870 μὴ
1020 1795 1106 1844 Potest
1119 1796 1204 1843 autem
1222 1794 1289 1848 fleri.
1309 1797 1339 1842 ut
1351 1791 1494 1856 hujusmodi
1510 1793 1624 1844 habitum
1637 1800 1707 1856 gerat
1719 1796 1775 1860 qui·

157 1884 364 1964 πκαπῖον
494 1883 584 1966 ῖπεπ
599 1887 758 1964 εῖνῖκκπ
779 1884 882 1966 οπο
895 1891 943 1957 τῖε
989 1863 1776 1984 trrriunmnrccitatissimum

157 1973 303 2053 ίπίθυμίαίι
317 1977 450 2050 ἐπιθυμῶν
468 1975 573 2036 παιδίου
596 1983 699 2057 θθίίῑίι
717 1975 824 2033 δυνατὸν
845 1973 873 2032 δὲ
894 1975 940 2033 καί
991 2005 1043 2054 lieri
1063 2004 1140 2055 etiam
1164 1949 1274 2070 potest,p
1288 1973 1319 2053 ut¹
1335 1947 1423 2054 ίιιιίιίίιι
1445 2008 1470 2054 et
1487 2003 1530 2053 illa
1550 1973 1688 2068 cupiditate
1707 2004 1776 2054 iran-

157 2065 309 2147 κρατεῖσθαι
320 2063 365 2123 ὑπ’
379 2067 478 2126 αὐτῶν.
989 2079 1070 2138 gatar.

199 2153 239 2194 ²¹²*
253 2151 310 2224 Τὴν
320 2157 382 2230 γοῦν
391 2153 516 2225 τοιαύτην
530 2152 659 2231 ἀκρασίαν
669 2151 715 2210 καί
726 2152 881 2231 ἐγκράτειαν
892 2155 942 2233 οὐχ
1021 2163 1105 2214 ΤιιΙειιι
1127 2163 1203 2226 igitur
1229 2167 1282 2214 tum
1303 2163 1506 2213 incontinentiam
1521 2165 1576 2212 tum
1598 2164 1776 2215 continentiam

158 2245 249 2309 ἅπλῶς
265 2243 394 2321 ἀκρασίαν
410 2241 456 2300 καί
472 2242 624 2321 ίγκροίτειαν
651 2243 771 2320 ἀροῦμεν,
788 2240 857 2299 ἀλλὰ
874 2241 942 2316 μετδι
990 2267 1038 2302 non
1055 2251 1167 2301 absolute
1183 2251 1386 2300 incontinentiam
1409 2255 1435 2300 et
1449 2251 1626 2301 continentiam
1640 2253 1777 2316 appellabi-

156 2332 318 2410 προσθήκης,
335 2328 421 2396 καθὼς
435 2333 461 2389 ἐν
477 2339 531 2397 τοῖς
553 2328 674 2407 ἀνωτέρω
688 2328 801 2408 εἴρηται,
826 2331 942 2408 ἀκρασία
989 2354 1053 2398 mus,
1066 2339 1109 2389 sed
1119 2354 1176 2389 cum
1186 2339 1331 2402 adjectione,
1346 2338 1558 2404 quemadmodum
1569 2339 1771 2404 supradiximus,

156 2418 297 2498 θηριώδης,
322 2417 340 2490 ἢ
368 2419 484 2497 ἀκρασία
508 2419 709 2496 νοσηματώδης,
734 2419 779 2476 καί
802 2417 941 2496 ἐγκροίτεια
991 2426 1094 2477 ferinam
1115 2431 1159 2477 aut
1177 2426 1317 2476 morbosam
1339 2427 1542 2477 incontinentiam
1559 2426 1728 2491 appellamus,
1750 2431 1774 2477 et

155 2507 297 2586 θηριώδους
310 2507 600 2588 κακίας,ἢέγκροίτεια
616 2506 819 2583 νοσημστώδους
834 2505 940 2573 κακίας·
990 2517 1061 2568 lerini
1087 2516 1142 2566 vitii
1167 2520 1212 2565 aut
1239 2515 1347 2566 morbosi
1374 2515 1551 2566 continentiam
1573 2533 1579 2564 ;
1602 2516 1707 2580 simplex
1729 2529 1775 2565 en-

156 2596 272 2676 ἀκρασία
295 2595 322 2656 δὲ
337 2597 440 2670 ἁπλῶς,
463 2603 480 2670 ἡ
502 2598 561 2678 περί
587 2596 633 2668 τὴν
650 2595 815 2677 ἀνθρωπίνην
841 2597 942 2653 ἀκολα-
989 2611 1040 2658 tem
1057 2606 1233 2658 incontinentia
1251 2606 1303 2656 sola
1319 2619 1348 2656 ea
1365 2609 1416 2665 est,
1436 2619 1495 2669 quae
1513 2606 1539 2656 iu
1559 2605 1669 2656 humana
1687 2605 1774 2656 intem·

155 2686 214 2746 σίαν
230 2685 308 2764 μόνη.
988 2695 1099 2760 perantia
1114 2697 1235 2745 versatur.

197 2775 251 2804 ω’
263 2773 327 2838 Ὅτι
338 2769 438 2853 μὲνοῦν
450 2775 566 2856 ἀκρασία
578 2775 624 2834 καί
637 2773 777 2856 ἐγκράτειά
788 2777 844 2834 ἐστι
853 2775 946 2856 μόνον,
1021 2783 1227 2834 lncontinentiam
1245 2781 1322 2846 igitur
1343 2784 1369 2832 et
1381 2781 1557 2832 continentiam
1580 2782 1606 2832 in
1626 2783 1658 2832 iis
1676 2785 1774 2834 tantum

155 2865 217 2944 περὶ
238 2865 304 2947 ἀπερ
333 2866 461 2925 ἀκολασία
477 2866 523 2928 καὶ
537 2865 703 2946 σωφροσύνη,
718 2864 763 2922 καί
783 2862 823 2920 ότι
843 2867 859 2933 ἡ
882 2864 942 2942 περί
988 2872 1082 2922 versari
1094 2913 1099 2931 ,
1111 2871 1137 2921 in
1153 2870 1247 2935 quibus
1261 2870 1452 2934 intemperantia
1463 2884 1565 2936 quoque
1575 2876 1600 2920 et
1612 2873 1775 2935 temperantia

154 2954 188 3013 τίι
204 2953 273 3012 ἀλλα
289 2954 354 3024 ἡδέα
368 2955 434 3012 ἄλλο
444 2974 493 3013 τιιι
506 2943 571 3020 εἶδός
588 2956 657 3012 ἐστιν
671 2951 800 3032 ἀκρασίας
814 2950 884 3010 κατίι
897 2975 943 3028 με·
989 2961 1105 3020 vertitur,
1121 2964 1174 3010 tum
1190 2959 1259 3010 illam
1272 2973 1331 3023 quae
1341 2957 1366 3008 in
1378 2959 1483 3024 reliquis
1500 2955 1674 3025 voluptatibus
1693 2960 1774 3010 cerni-

154 3042 270 3124 ταφορδιν
285 3041 426 3119 λεγόμενον
438 3041 483 3100 καί
499 3045 529 3100 οὗ
542 3043 648 3120 κυρίως,
665 3041 780 3116 είρηται.
989 3053 1038 3108 tur,
1057 3049 1131 3100 aliam
1146 3063 1200 3098 esse
1219 3046 1340 3113 speciem.
1361 3061 1420 3112 quo
1442 3049 1547 3111 figurate
1567 3062 1596 3099 ac
1615 3063 1663 3098 non
1677 3048 1774 3112 proprie

196 3133 323 3210 (Scripsi
345 3153 352 3188 ι
377 3157 389 3186 ι
409 3129 469 3190 ἀλλ’
496 3128 513 3200 θ,
534 3131 592 3188 καθ’
607 3129 763 3208 ὁμοιότητα]
788 3127 853 3190 cod.
873 3127 941 3187 ἀλλὰ
990 3137 1167 3190 incontinentia
1178 3140 1288 3196 vocatur,
1309 3135 1428 3188 diximus.

155 3221 214 3278 καθ’
226 3217 380 3295 ὁμοιότητα.
393 3249 434 3262 -
475 3215 564 3294 τοῦτο]
583 3215 646 3273 cod.
663 3213 751 3275 τούτο.
774 3224 838 3262 -0
853 3213 940 3296 ζῴοις]

154 3310 221 3370 σού.
248 3307 333 3378 ζώοις.
350 3341 390 3353 -
406 3303 515 3387 θζῴων]
539 3305 604 3364 cod.
621 3305 705 3373 ζώων.
723 3339 764 3350 -
778 3313 790 3342 ⁸
803 3305 940 3363 ἀνθίσταν-

153 3399 210 3477 ται]
220 3399 286 3460 cod.
297 3396 460 3456 ἀθίατανται.
477 3427 516 3442 -
543 3393 607 3474 κᾶν]
619 3395 686 3453 cod.
703 3393 763 3474 κᾷν.
776 3425 817 3439 -
850 3392 940 3472 ὥσπερ

153 3485 224 3568 τινὰ]
247 3487 313 3546 cod.
338 3483 430 3566 discip
455 3507 523 3546 τινα.
541 3515 582 3528 -
611 3483 623 3519 l
646 3483 712 3542 ἀλλο
730 3479 767 3563 τι]
787 3480 853 3542 cod.
875 3481 941 3540 ἀλλό

153 3577 266 3656 εε-ι

488 3743 556 3820 Κῑθ·
579 3741 607 3800 ¹¹·
1134 3773 1138 3784 ’
1326 3765 1386 3827 cap,
1404 3765 1433 3812 il.

215 3915 269 3962 Ὃτι
285 3915 350 3972 ἡτῆς
365 3912 488 3976 ἐπιθυμίας
503 3909 609 3973 ἀκρασία
619 3909 722 3973 αίοχίων
734 3913 774 3964 τῆς
787 3911 870 3969 θυμοῦ.
984 3904 1340 3977 cupiditatuminconunentram
1354 3899 1393 3942 irai
1404 3896 1569 3942 incontinentia
1585 3894 1704 3940 loedlorcm
1714 3906 1770 3941 ease.

193 4042 261 4069 *****
272 4041 406 4113 Ζητητόαν
421 4040 448 4099 δὲ
462 4038 575 4120 ὁποτέρα
592 4036 709 4117 ἀκρασία
727 4040 774 4107 τῆς
786 4037 877 4114 ἑτέρας
895 4037 937 4095 αῖ.
1015 4034 1156 4086 Videndum
1175 4036 1273 4087 autem.
1285 4033 1343 4079 ntra
1359 4028 1392 4078 sit
1406 4027 1496 4076 indier
1514 4026 1704 4085 incontinentia.
1725 4040 1772 4076 ou-

152 4133 246 4211 αρίων,
260 4134 337 4202 ἡτῶν
352 4127 524 4202 ίπιθυμιῶνῆ
538 4131 605 4198 ἡτοθ
616 4131 709 4203 θυμοῦ.
719 4131 798 4186 Δοκεῖ
813 4123 840 4183 δὲ
853 4129 870 4195 ἡ
884 4129 936 4184 τῶν
984 4125 1117 4191 piditatum
1130 4134 1217 4184 nempe
1234 4133 1266 4170 arr
1277 4119 1329 4168 irae.
1344 4116 1451 4166 Videtur
1464 4130 1524 4166 vcro
1534 4115 1700 4180 cupiditatum
1717 4129 1771 4166 esse

153 4195 296 4298 ίιίιθυμιῶν
304 4218 416 4299 αἰσχίων
423 4208 544 4288 εἶναιτῆς
554 4221 598 4274 τοῦ
607 4221 690 4290 θυμοῦ
697 4213 835 4294 ἀκρασίας.
845 4213 878 4272 ‘0
889 4213 936 4289 μὲν
984 4213 1072 4264 ioedior
1083 4225 1159 4276 quam
1172 4210 1216 4260 irae
1233 4205 1418 4258 incontinentia.
1438 4206 1488 4266 Qui
1500 4205 1565 4256 enim
1581 4205 1705 4262 irascitur.
1722 4219 1769 4255 non

153 4310 205 4387 γδρ
219 4309 376 4386 θυμούμενος
390 4309 420 4366 οὗ
431 4306 518 4386 πάντῃ
534 4304 683 4384 παρακούει
693 4309 740 4362 τοῦ
755 4301 847 4379 λόγου,
866 4303 935 4362 ἀλλὰ
982 4303 1082 4354 omnino
1094 4301 1183 4351 rationi
1195 4313 1243 4348 non
1260 4297 1428 4362 obtemperat,
1442 4295 1486 4346 sed
1505 4309 1536 4345 ex
1549 4298 1619 4360 perte
1631 4297 1656 4344 el
1670 4295 1768 4345 obtem-

153 4397 223 4457 κατοί
244 4421 270 4456 τι
294 4397 340 4456 καί
360 4393 486 4454 ύπακαίει
510 4393 557 4453 καί
581 4391 746 4472 παρακούει,
769 4391 889 4471 καθάπερ
912 4394 935 4450 οἱ
983 4395 1052 4458 ρειαί
1071 4394 1096 4442 et
1119 4404 1167 4438 nou
1193 4388 1363 4451 obtemperat,
1389 4383 1601 4450 quemadmodum
1624 4380 1770 4432 festinantes

151 4493 240 4566 ταχεῖς
254 4489 305 4544 τῶν
322 4484 464 4556 διακόνων,
480 4481 505 4543 ci
528 4481 590 4562 πρὶν
608 4485 720 4541 ἀκοῦσαι
738 4488 792 4538 πᾶν
807 4478 837 4537 τὸ
849 4502 934 4559 προσ·
983 4483 1063 4533 solent
1081 4478 1160 4539 servi,
1179 4477 1223 4542 qui
1241 4477 1310 4541 prius
1321 4489 1398 4539 quam
1411 4478 1492 4524 totum
1505 4471 1531 4522 id
1550 4471 1618 4535 quod
1636 4469 1769 4521 mandatur

150 4576 309 4652 ταττόμενον
322 4574 471 4645 ἐκθέουσιν,
493 4561 550 4631 είτα
566 4569 774 4649 διαμαρτάνουσι
786 4571 834 4639 τῆς
848 4592 934 4646 προσ·
982 4572 1106 4623 audierint
1123 4569 1288 4632 proourrunt‚
1309 4569 1386 4629 atque
1406 4565 1442 4612 ila
1460 4561 1612 4624 negligenter
1625 4573 1678 4634 rem
1694 4572 1768 4608 man-

151 4664 257 4732 τάξεως·
270 4665 288 4735 ἢ
304 4664 395 4746 ὥσπερ
410 4665 434 4721 oi
444 4661 535 4736 κύνες,
551 4659 614 4740 πρίν
635 4659 785 4740 σκέψασθαι
800 4659 822 4716 εί
834 4657 937 4736 ρίλοςό
982 4661 1068 4711 datam
1083 4661 1173 4720 gerunt
1193 4674 1199 4704 :
1217 4658 1261 4704 aut
1280 4658 1308 4702 ut
1330 4666 1416 4712 canes,
1426 4651 1474 4714 qui
1494 4650 1639 4714 priusquam
1655 4646 1768 4696 ammad-

152 4752 287 4834 προσιών,
310 4753 374 4831 πρὸς
398 4750 442 4809 τδν
457 4751 547 4830 ψόρον
564 4749 642 4825 μόνον
656 4750 823 4806 ὑλακτοῦσιν·
842 4745 935 4803 ούτωΙ
982 4747 1112 4804 verterint,
1123 4746 1187 4795 sitne
1196 4743 1291 4793 amicus
1306 4741 1350 4804 qui
1366 4739 1482 4796 advenit,
1501 4738 1533 4788 ad
1544 4735 1676 4799 strepitum
1686 4735 1766 4786 solum

151 4843 196 4901 καί
213 4841 318 4918 δθυμδς
335 4841 378 4900 διὰ
392 4841 540 4920 θερμότητα
556 4837 602 4896 καί
611 4841 750 4916 ταχυτῆτα
765 4841 811 4907 τῆς
834 4834 936 4914 φύσεως
982 4836 1077 4887 latrant
1091 4831 1233 4882 selectim
1247 4833 1346 4894 propter
1364 4827 1489 4877 fervorem
1508 4829 1533 4874 ct
1549 4824 1655 4874 celerem
1671 4828 1767 4874 naturae

152 4931 266 4999 ἀκούσας
277 4936 323 4990 τοῦ
337 4931 416 5008 λόγου
431 4929 523 5007 μόνον,
538 4929 585 4987 οθκ
600 4925 735 5005 ἐπίταγμα
757 4923 785 4984 δί
801 4922 933 4999 ἀκούσας,
982 4929 1079 4976 motum
1095 4921 1165 4972 audit
1184 4919 1226 4969 illa
1243 4915 1345 4982 quidem
1369 4914 1501 4970 rationem,
1524 4910 1569 4961 sed
1585 4910 1699 4974 ¹imperio
1717 4923 1766 4960 non

156 5023 1764 5067 -—..---——---——-----·--··

182 5113 194 5139 *
211 5114 287 5162 Πᾶσα
298 5111 345 5177 γὰρ
361 5107 547 5173 prepeditione
558 5105 634 5156 κακία
646 5105 697 5153 κτλ.
715 5129 745 5140 -
759 5103 787 5128 ”’
798 5103 898 5153 Τούτων
913 5101 934 5149 δ’
951 5100 1005 5148 ἐστὶ
1020 5097 1061 5160 μὲν
1075 5095 1138 5159 ἒχειν
1150 5094 1202 5142 κτλ.
1228 5117 1259 5128 -
1272 5089 1312 5119 *θ*
1323 5088 1420 5152 Ὠσπερ
1432 5085 1475 5136 οὖν
1485 5082 1527 5136 καί
1535 5083 1655 5152 μοχθηρία
1668 5083 1720 5136 κτλ.
1734 5107 1766 5120 -

152 5185 209 5214 aare
221 5182 280 5235 Ὂιι
294 5184 337 5248 μίν
352 5182 394 5233 οὖν
409 5179 518 5246 ἀκρασία
528 5180 582 5229 κτλ.
591 5201 623 5215 -·
640 5175 710 5204 ”m
725 5175 785 5238 Gap.
800 5178 824 5224 6.
836 5173 894 5224 Ὀτι
904 5173 932 5223 δὲ
944 5173 986 5221 καὶ
997 5171 1071 5232 ἠττον
1089 5165 1181 5231 αῑσχρὰ
1191 5166 1244 5214 κτλ.
