4020 5950
698 368 750 428 uu
770 369 845 430 uns
867 369 917 430 nr
936 353 1075 432 nunno
1092 370 1219 433 ursas.
1720 376 1760 439 ιι

148 501 216 582 prad
231 503 329 575 πολλῆς
344 503 391 573 τῆς
403 500 486 572 οἷλλης
500 497 648 580 θρησκείας.
666 500 724 560 Καὶ
734 501 795 580 περὶ
808 501 856 578 μίν
868 502 929 560 τού·
952 515 957 580 Ι
976 502 1086 584 φθίντας
1108 502 1153 563 καί
1168 500 1343 579 θμοιωθίντας
1358 504 1430 583 αὐτῷ
1449 503 1497 576 τὴν
1519 505 1603 564 αὑτῶν
1620 506 1760 588 ἀναγωγὴν

145 615 198 655 των
212 589 300 650 ίκανά.
975 591 1066 652 θυσίαν
1093 591 1166 671 ίερθν
1189 590 1331 670 προσάγειν
1356 594 1395 672 τῷ
1411 595 1477 672 θεῷ,
1499 594 1547 664 τὴν
1569 595 1651 667 αὐτὴν
1672 597 1699 657 δὲ
1714 596 1761 656 καί

185 684 197 713 ¹
221 677 286 757 Περί
307 680 425 749 θυσιῶν]
449 676 521 737 Vide
549 675 743 736 lamblichum
780 676 818 736 do
846 692 931 756 myst.
975 679 1056 756 όμνον
1068 671 1148 741 οὖσαν
1160 679 1205 738 καί
1215 683 1292 756 ἡμῶν
1305 681 1447 760 σωτηρίαν.
1462 681 1510 742 Ἐν
1525 684 1639 764 άπαθείορ
1653 684 1704 763 άρα
1714 687 1760 756 τῆς

144 786 233 844 segtu.
250 767 347 846 Voap.
365 788 401 826 at
420 779 450 825 et
463 767 512 824 ad.
530 763 593 811 ..b
606 760 708 824 δίκαιον
723 765 750 824 δὲ
766 771 820 833 τοῖς
832 766 931 826 διδοῦσι
974 768 1073 847 ψυχῆς,
1088 772 1135 827 τοῦ
1152 765 1180 826 dl
1195 771 1252 828 θεοῦ
1265 767 1361 848 θεωρίᾳ
1376 771 1393 840 ἡ
1409 767 1486 827 θυσία
1502 767 1568 842 αὕτη
1583 773 1708 830 τελεῖται.
1721 804 1762 816 -

143 854 354 932 τῶνθιδομόνων
375 853 561 935 ἀπάρχεσθαι]
579 852 725 912 Similiter
745 853 931 932 Porphyrius
982 855 1057 928 ίζωι]
1078 855 1107 915 δέ
1123 881 1163 924 τις
1177 857 1254 929 καὶὴ
1276 856 1447 938 ἀνθρωπίνη]
1468 861 1576 919 Sensus
1594 874 1638 920 est
1656 881 1663 920 ι
1679 861 1759 937 vita,

143 943 180 1002 de
194 942 303 1004 abstin.
316 943 370 1002 lib.
384 941 413 1000 ll
428 963 491 1020 cap.
505 943 542 1010 34
559 939 672 1022 ἀπαρχὴ
685 941 736 1021 γάρ
748 941 851 1022 ἑκάστῳ
863 941 929 1022 (τῶν
975 963 1062 1022 quam
1076 947 1107 1004 in
1122 947 1209 1006 terris
1220 947 1365 1023 degimus,
1376 965 1437 1005 non
1449 961 1493 1008 est
1508 969 1577 1008 vera
1588 950 1661 1026 vita,
1671 969 1761 1029 quum

143 1031 225 1111 θεῶν)
235 1023 272 1093 dn
286 1029 398 1093 θίδωκεν
418 1035 435 1104 ἡ
452 1029 530 1090 θυσία
544 1033 605 1092 κτλ.
618 1041 680 1079 ..c
694 1031 827 1110 σωμάτων
842 1033 870 1092 dl
885 1034 929 1092 διὰ
975 1051 1054 1092 mors
1064 1035 1164 1112 potius
1175 1035 1350 1115 appellanda
1359 1035 1504 1099 rideatur.
1516 1037 1761 1100 Concedimusta·

141 1119 265 1203 κόσμου]
278 1141 433 1201 corporum
447 1132 584 1179 ornatum
604 1116 798 1197 intelligimus
817 1135 929 1182 comtos
975 1137 1041 1176 men
1060 1133 1089 1178 et
1105 1121 1180 1180 hanc
1195 1123 1286 1181 vitam
1302 1123 1520 1201 quodammodo
1541 1144 1628 1204 posse
1643 1127 1759 1199 vocari,

142 1211 267 1288 capillos
281 1224 310 1270 et
324 1209 472 1289 prolixos,
488 1229 563 1286 quos
580 1223 735 1288 postquam
746 1209 800 1268 diu
814 1213 929 1289 promi-
974 1227 1150 1287 quamquam
1169 1224 1230 1270 tum
1247 1212 1374 1290 denique
1395 1214 1547 1287 vivemus,
1563 1235 1653 1292 quum
1669 1215 1761 1274 animi

143 1313 242 1359 serant
263 1301 463 1359 adolescentes
491 1299 650 1377 praecidere
672 1313 702 1358 et
729 1301 826 1378 patrio
851 1303 929 1362 acini
975 1300 1067 1358 nostri
1078 1321 1236 1379 corporum
1249 1303 1376 1361 vinculis
1388 1303 1477 1362 soluti
1493 1317 1589 1363 erunt.
1605 1305 1679 1363 Vide
1692 1305 1761 1363 Phi-

142 1409 314 1448 consecrare
328 1387 473 1450 solebant.
486 1387 554 1448 vid.
574 1387 660 1450 Iliad.
679 1387 789 1463 XXlll,
806 1392 860 1458 146
877 1391 929 1450 ubi
974 1387 1044 1446 lolai
1060 1389 1163 1466 fragm.
1181 1391 1218 1449 αθ
1234 1403 1262 1449 et
1278 1401 1314 1461 at,
1337 1393 1399 1452 νοΙ.
1422 1396 1450 1450 ΙΙ
1465 1413 1532 1470 pag.
1559 1415 1574 1466 7
1589 1407 1618 1452 et
1634 1413 1699 1472 quae
1716 1393 1760 1452 ibi

140 1477 309 1537 Eustathius
332 1477 405 1553 ait:
433 1473 474 1534 ότι
497 1473 552 1544 ἔθος
575 1467 625 1551 ἦν,
642 1477 745 1557 τρέφειν
769 1476 854 1555 κόμην
870 1477 929 1546 τοὺς
974 1478 1150 1538 notavimus.
1171 1479 1214 1537 cf.
1233 1478 1317 1538 Plato
1337 1479 1428 1557 Gorg.
1454 1489 1521 1556 492.
1537 1480 1570 1542 E.
1591 1481 1690 1543 Phaed.
1708 1484 1756 1544 62.
1836 1503 1839 1510 ·

141 1564 215 1632 νέους
230 1567 310 1644 μέχρι
325 1571 371 1637 τῆς
387 1565 493 1638 άκμῆς,
507 1552 564 1622 εἶτα
579 1563 673 1644 κείρειν
685 1565 766 1636 αὐτὴν
780 1565 930 1645 ἐπιχωρίοις
974 1567 1004 1624 Β.
1028 1567 1131 1627 Cicero
1160 1567 1279 1630 Tuscul.
1305 1569 1337 1643 Ι,
1362 1573 1410 1633 31.
1436 1603 1476 1617 —·
1497 1575 1510 1616 θ
1532 1570 1578 1628 καί
1603 1575 1688 1630 ταῦτα
1710 1571 1761 1649 οὐχ

141 1665 283 1733 ποταμοῖς.
310 1655 355 1713 Cf.
382 1655 503 1714 Pausan.
529 1653 558 1726 l,
577 1654 624 1726 37,
643 1674 670 1714 a.
687 1650 796 1710 -θαί
818 1651 845 1711 δὲ
860 1653 927 1730 μετὰ
974 1657 1078 1729 ἁπλῶς,
1098 1657 1156 1716 ἀλλ’
1178 1657 1284 1739 ἑκάστῳ
1298 1661 1349 1738 θεῷ
1369 1658 1403 1716 τὰ
1423 1659 1575 1738 πρέποντα]
1590 1661 1667 1721 Vide
1682 1659 1759 1716 lam·

141 1747 239 1803 θυσιῶν
254 1743 370 1826 ἔμψυχον
383 1743 470 1822 λόγοι]
486 1742 618 1818 Magnam
633 1761 696 1802 esse
710 1742 771 1800 vim
786 1753 815 1800 et
828 1742 926 1801 effica-
973 1743 1103 1804 blichum
1118 1745 1155 1804 de
1170 1759 1290 1806 mvster.
1306 1765 1395 1822 segm.
1409 1744 1432 1804 V
1448 1767 1512 1828 cap.
1531 1768 1568 1806 ao
1584 1768 1612 1826 ρ.
1631 1750 1697 1816 rii.
1709 1747 1757 1826 -)

141 1835 217 1892 ciam
232 1853 351 1914 precum
364 1853 428 1892 cum
445 1831 599 1891 sacrificiis
620 1831 840 1909 conjunctarum
857 1831 927 1889 Pla-

142 1921 234 1980 tonici
250 1921 309 1980 sibi
325 1933 542 1999 persuaserant.
553 1919 618 1988 Qua
632 1919 668 1977 de
684 1938 715 1977 re
729 1919 789 1995 agit
803 1917 926 1978 Iambli-
1294 1945 1363 2024 KQ
1395 1945 1436 2013 tp·

141 2009 212 2068 chus
226 2009 262 2069 de
278 2022 365 2086 myst.
382 2027 473 2085 scgm.
490 2006 512 2064 V
524 2026 587 2086 cap.
599 2010 648 2069 25.
663 2041 704 2054 -
718 2014 730 2042 θ
742 2004 826 2065 οἰκεία
842 2005 869 2065 δὲ
883 2029 926 2066 τε·
1640 2063 1642 2068 .

140 2097 243 2168 λειότης
263 2097 368 2177 ἑκάστῳ
391 2101 407 2168 ἡ
433 2095 496 2174 ttpdt
511 2095 560 2166 ’τὴν
580 2099 674 2155 ἑαυτοῦ
691 2096 776 2155 αἰτίαν
799 2093 923 2178 συίαφή]
1144 2113 1198 2162 Ὀτι
1213 2112 1282 2176 φάσει
1302 2113 1415 2178 ἄφθαρτος
1430 2115 1444 2162 θ
1458 2112 1550 2175 κόσμος
1565 2130 1585 2164 ι.

141 2185 325 2264 Porphyrius
339 2186 375 2244 de
389 2185 568 2244 abstinentia
588 2185 641 2248 lib.
660 2186 688 2245 ll
704 2207 768 2266 cap.
792 2188 828 2254 34
844 2186 924 2245 θόσο-

144 2296 193 2350 μιν
214 2274 299 2333 τοίνυν
314 2274 359 2333 καὶ
374 2277 465 2351 ἡμεῖς·
482 2271 550 2333 ἀλλὰ
577 2275 707 2354 θύσομεν,
727 2280 763 2343 ὡς
780 2277 924 2357 προςήκει,
1011 2267 1064 2324 Τὸν
1078 2263 1106 2322 δὲ
1120 2263 1220 2339 κόσμον
1235 2263 1275 2324 ότι
1292 2265 1338 2342 μὲν
1354 2268 1401 2325 οὔκ
1417 2263 1447 2324 dr
1462 2265 1514 2324 θεοί
1528 2267 1703 2346 perpateat,
1717 2263 1754 2324 εἴ·

140 2362 278 2442 διαφόρους
291 2367 338 2429 τὰς
352 2364 442 2430 θυσίας
452 2367 488 2430 ώς
504 2363 536 2422 θιν
553 2363 683 2444 διαφόροις
697 2364 824 2443 δυνάμεσι
843 2387 925 2444 προσ·
972 2380 1059 2437 pairac.
1080 2354 1147 2416 Ὅτι
1163 2354 1190 2414 δὲ
1209 2355 1255 2415 καί
1276 2355 1324 2427 τὴν
1344 2357 1420 2435 φύσιν
1438 2356 1570 2437 ἄφθαρτον
1584 2355 1656 2436 ἔχει,
1673 2356 1757 2434 λέγειν

141 2451 263 2531 &pomp
285 2455 336 2534 θεῷ
356 2451 403 2528 μὲν
423 2457 461 2533 τῷ
476 2452 518 2511 ἐπὶ
537 2461 635 2527 πᾶσιν,
652 2451 687 2521 ὥς
711 2477 749 2521 τις
765 2456 831 2534 ἀνὴρ
848 2453 925 2535 σοφὸς
971 2446 1118 2504 άκολουθον.
1129 2448 1190 2504 Πᾶν
1201 2443 1253 2524 γὰρ
1264 2443 1294 2502 σθ
1307 2443 1506 2524 φθειρόμενονῆ
1520 2448 1563 2524 ὑφ’
1576 2447 1671 2502 ἑαυτοῦ
1686 2443 1757 2523 φθεί-

141 2542 211 2623 {qm
226 2541 307 2620 μηδὲ,
321 2546 373 2602 τῶν
388 2543 519 2615 αἰσθητῶν
538 2544 605 2620 μήτε
620 2545 762 2618 θυμςῶφης
777 2543 844 2620 μήτε
860 2544 924 2602 zm.
972 2557 1045 2614 ρεται
1061 2532 1077 2605 ἢ
1093 2532 1143 2592 ὑπὸ
1163 2531 1253 2592 όλλου.
1276 2533 1309 2592 Εἰ
1331 2531 1378 2609 μὲν
1396 2523 1440 2591 οὖν
1456 2535 1498 2612 ὑφ’
1515 2535 1607 2590 ἑαυτοῦ
1628 2536 1642 2591 ὁ
1657 2531 1755 2608 κόσμος

138 2629 310 2706 νομάζοντες·
332 2630 405 2688 οὐδὲν
424 2628 474 2710 γάρ
493 2629 562 2688 ἔστιν
584 2628 688 2700 ίνυλον,
706 2629 720 2689 θ
736 2629 776 2708 μὴ
795 2634 833 2710 τῷ
851 2627 924 2710 strip
971 2623 1119 2705 φθείρεται,
1133 2620 1185 2682 ἔδει
1196 2620 1303 2681 οκαλτθ
1314 2625 1367 2701 πῦρ
1380 2620 1458 2682 ἑαυτὸ
1472 2619 1572 2692 καίειν,
1584 2619 1630 2679 καὶ
1642 2620 1673 2680 τθ
1687 2619 1756 2702 ὕδωρ

140 2719 214 2786 εὐθύς
224 2721 294 2778 ἐστιν
308 2718 463 2796 ἀκάθαρτον.
478 2723 519 2778 Δι’
534 2717 548 2778 θ
563 2717 621 2778 otii
637 2717 714 2798 λόγος
728 2717 812 2800 τούτῳ
829 2719 924 2779 θκατθι
970 2713 1047 2772 ἑαυτὸ
1063 2711 1202 2790 tapetem.
1217 2713 1251 2773 Εἶ
1262 2710 1290 2771 δὲ
1302 2712 1353 2772 tsi
1367 2709 1488 2782 ἄλλων]
1503 2705 1672 2788 “diatoni
1688 2711 1757 2770 32⁶⁰)-

140 2806 229 2888 φωνὴν
245 2810 353 2879 οἰκεῖος,
370 2806 423 2865 οὐδ’
439 2811 453 2866 ό
467 2806 554 2878 ἔνδον,
570 2805 633 2866 ὅταν
647 2807 725 2868 πάθει
739 2811 827 2890 ψυχῆς
841 2799 859 2888 ᾖ
875 2831 923 2884 με·
973 2801 1066 2879 μάτου.
1092 2800 1163 2860 Ἀλλ’
1178 2800 1229 2862 irad
1251 2800 1299 2878 μὲν
1315 2799 1459 2880 ἀσωμάτου
1482 2799 1625 2860 ἀδύνατον·
1648 2799 1682 2859 τά
1705 2801 1756 2881 γάρ

140 2893 318 2970 μολυσμίνος,
331 2894 373 2954 διὰ
388 2894 416 2953 δὲ
430 2899 505 2974 σιγῆς
518 2901 633 2975 καθαράς
647 2897 691 2956 καί
705 2900 758 2956 τῶν
772 2895 831 2977 περὶ
843 2897 922 2956 αὐτοῦ
973 2892 1105 2970 άσώματα
1121 2891 1198 2959 σώζει
1220 2888 1253 2948 τά
1271 2889 1400 2967 σώματα·
1417 2879 1469 2948 οίον
1484 2887 1558 2970 φύσις
1576 2886 1650 2948 “ml
1665 2888 1756 2970 ψυχή·

138 2985 262 3063 καθαρῶν
279 2987 381 3044 ἐννοιῶν
398 2983 574 3064 θρησκείομεν
597 2985 686 3046 αὐτόν.
704 2988 750 3045 det
772 2985 824 3067 άρα
842 3009 922 3046 συνα-
971 2981 1044 3042 οὐδὲν
1059 2981 1087 3041 δὲ
1098 2979 1150 3039 ὑπὸ
1164 2983 1211 3039 τοῦ
1226 2979 1301 3059 φύσει
1314 2977 1440 3048 σώζοντος
1454 2977 1597 3060 φθείρεται.
1618 2979 1651 3038 El
1666 2976 1693 3036 δὲ
1707 2975 1757 3036 ὑπὸ

370 3089 372 3093 ,
640 3079 651 3110 ,
911 3087 916 3096 ,

104 3225 106 3230 y
138 3149 264 3201 Atexhis
277 3149 392 3202 omnibus
404 3150 514 3202 diinitrit
528 3152 775 3218 commodicapiunt3
788 3151 923 3217 quidecim
972 3148 1092 3201 tonunati
1111 3147 1245 3210 habemur,
1267 3146 1397 3212 quamqui
1410 3146 1469 3197 olim
1482 3147 1585 3197 suerunt
1598 3145 1697 3208 cuncti,
1714 3145 1758 3196 ho

137 3238 259 3290 commodi
273 3239 335 3290 deus
346 3243 529 3304 consequatur?
545 3241 589 3292 sed
603 3255 648 3293 nos
663 3255 721 3292 eum
733 3241 782 3294 tuis
793 3243 924 3292 consuetu·
971 3241 1031 3292 stias
1052 3239 1193 3300 immolant,
1208 3249 1299 3301 easque
1312 3250 1362 3286 non
1379 3237 1490 3299 umere,
1510 3236 1553 3287 sed
1565 3235 1651 3300 quates
1668 3235 1758 3299 cuique

136 3326 220 3379 dinem
230 3328 362 3393 jungimus.
969 3329 1016 3380 deo
1028 3329 1092 3393 aptae
1107 3329 1179 3386 sunt,
1193 3339 1250 3377 eum
1262 3325 1348 3377 nutis
1360 3325 1415 3377 aliis
1430 3323 1586 3380 memoriis.
1618 3329 1654 3377 Ac
1668 3323 1699 3375 de
1719 3323 1757 3373 bis

457 3476 507 3538 cup
535 3477 594 3526 XVI
968 3417 1067 3476 quiden
1084 3416 1152 3470 satis.

135 3613 170 3657 tte
186 3611 300 3658 notum·
319 3614 453 3670 ceterisque
471 3614 607 3669 nonoribus,
628 3615 710 3672 quibus
725 3615 781 3660 nihii
801 3625 922 3672 prosumus
1279 3559 1341 3622 σῳ·
1362 3560 1439 3609 xvn·

256 3691 314 3745 dits,
329 3693 368 3738 sed
382 3693 516 3740 homitibus
527 3694 649 3740 utilitatem
666 3695 800 3751 prebemus·
1137 3701 1248 3747 unndum
1258 3705 1341 3747 natura
1351 3713 1398 3748 esse
1407 3701 1581 3756 sempiternum.

167 3807 273 3870 Εςυαιυ
291 3811 375 3860 autem
394 3814 445 3874 est,
460 3810 555 3874 opinor,
575 3824 615 3862 me
638 3811 669 3862 dc
693 3811 821 3861 maniciis
842 3823 922 3876 pauca
997 3813 1063 3863 Deos
1076 3824 1149 3876 porro
1162 3824 1210 3862 non
1227 3823 1282 3861 esse
1295 3809 1417 3860 mundum
1430 3808 1585 3874 perdituros,
1599 3805 1694 3856 dietum
1705 3807 1752 3855 est.

135 3895 251 3956 adiicere.
284 3896 395 3948 Primum
405 3897 505 3962 quidem
520 3911 599 3964 quum
614 3899 695 3950 omnia
709 3899 782 3950 adits
796 3897 919 3964 acceperi-
966 3901 1065 3960 Restat,
1087 3902 1117 3950 ut
1137 3913 1194 3950 eum
1212 3900 1327 3950 naturam
1342 3897 1510 3961 incorruptam
1523 3894 1614 3945 haltere
1630 3892 1751 3944 meamus.

136 3997 206 4045 mus,
220 3982 336 4034 mutus
355 3999 415 4036 vero
430 3999 515 4038 eorum
528 4000 585 4052 qua
598 3987 689 4038 dantur
709 3986 829 4052 primitias
844 3987 921 4038 libare
967 3988 1092 4052 Quidquid
1113 3991 1178 4039 enim
1194 3988 1341 4050 destruitur,
1358 3989 1401 4040 aut
1420 3999 1436 4036 a
1455 3999 1482 4037 se
1504 3985 1573 4050 ipsc,
1593 3987 1637 4036 aut
1654 3981 1687 4036 ab
1705 3982 1753 4034 alio

135 4071 270 4124 debeamus
281 4091 286 4122 :
300 4073 461 4138 μεουιιίυιαιυ
471 4089 516 4140 per
528 4075 642 4140 donaria,
656 4090 786 4141 corporum
798 4089 842 4140 per
852 4089 921 4128 orna·
966 4077 1113 4130 destruitur.
1146 4077 1172 4126 Si
1184 4076 1260 4140 igitur
1271 4073 1380 4126 mundus
1393 4088 1406 4124 a
1419 4087 1446 4125 ss
1460 4073 1515 4138 ipso
1525 4071 1669 4136 destruitur,
1682 4085 1754 4138 opor·

134 4161 205 4220 tum,
218 4159 279 4210 vites
290 4173 336 4224 per
352 4159 474 4212 mesticia
485 4161 608 4226 primitias
619 4162 716 4214 damus.
748 4161 842 4214 Deinde
853 4161 922 4212 adhi-
965 4168 1003 4218 tet
1022 4168 1049 4218 et
1061 4165 1143 4226 ignem
1163 4178 1190 4214 se
1213 4164 1295 4229 ipsum
1309 4162 1457 4215 comburere
1477 4165 1504 4214 et
1526 4175 1617 4226 aquam
1632 4175 1660 4214 se
1673 4161 1753 4227 ipsam

134 4245 194 4298 bito
205 4246 257 4297 sine
266 4247 392 4298 sacrificiis
403 4261 488 4313 preses
497 4249 767 4312 rerbatautummodo‚
777 4265 834 4301 cum
845 4251 920 4302 saeri-
965 4253 1096 4306 exsiccare.
1129 4253 1172 4308 sin
1183 4252 1215 4302 ab
1229 4251 1296 4302 alio:
1312 4254 1355 4302 aut
1369 4265 1385 4302 a
1399 4263 1515 4316 corpore,
1529 4253 1573 4301 stit
1587 4249 1619 4301 ab
1635 4250 1751 4314 incorpo-

135 4333 199 4387 tieiis
210 4335 288 4387 verba
299 4335 407 4388 animata
420 4339 493 4398 sunt,
510 4338 586 4390 verbo
598 4339 698 4402 quidem
714 4339 790 4390 vitam
807 4339 921 4390 corrobo-
966 4358 1015 4396 rco.
1049 4342 1097 4395 Sed
1108 4343 1139 4394 ab
1156 4344 1301 4408 incorporeo
1314 4340 1342 4394 id
1359 4341 1412 4393 lieri
1426 4341 1532 4408 nequit:
1546 4355 1604 4394 nam
1618 4344 1751 4394 retineor-

132 4425 218 4483 ranto,
237 4423 289 4474 rita
307 4437 368 4474 vero
386 4424 490 4476 verbum
510 4425 641 4480 animante.
673 4429 797 4478 Preterea
810 4427 919 4490 cuiusvis
964 4415 1046 4496 porcis
1062 4443 1164 4494 corpora
1183 4431 1329 4480 conservant
1353 4447 1359 4478 z
1382 4429 1450 4480 velut
1469 4431 1560 4482 natura
1584 4431 1612 4482 et
1637 4429 1750 4494 υυίυευες

132 4511 169 4560 rei
183 4509 287 4562 feticius
295 4513 394 4576 propria
405 4513 525 4576 perfectio
536 4517 587 4576 est;
600 4513 644 4565 sed
656 4515 754 4580 propria
766 4515 919 4580 uniuscujus-
964 4519 1025 4570 nihil
1036 4521 1121 4570 autem
1136 4519 1168 4570 ab
1179 4533 1209 4569 eo
1220 4517 1288 4582 quod
1304 4520 1390 4583 suapte
1403 4521 1493 4570 natura
1504 4521 1634 4570 conservat
1645 4517 1752 4570 destrui·

132 4611 182 4662 quo
201 4601 322 4664 pcrteotm
351 4599 378 4650 in
394 4613 424 4652 co
440 4605 561 4665 versatur,
580 4605 609 4656 ut
624 4605 681 4667 apte
704 4615 761 4654 cum
782 4595 918 4656 causatus
964 4613 1014 4659 tur.
1046 4607 1101 4660 Sia
1117 4621 1235 4672 corporo,
1249 4608 1292 4661 aut
1310 4607 1342 4658 att
1355 4607 1386 4658 iis
1404 4618 1461 4671 quas
1483 4609 1559 4670 suut,
1581 4609 1625 4658 aut
1639 4606 1670 4658 ab
1685 4607 1748 4660 aliis.

132 4687 265 4739 mhaereat.
299 4675 454 4754 Quapropter
473 4704 518 4742 nos
531 4705 589 4741 eum
605 4691 652 4742 diis
671 4692 783 4757 conjungi
796 4692 916 4758 cupimus.
964 4699 994 4746 Et
1005 4695 1119 4760 quidem,
1134 4695 1156 4746 si
1168 4694 1200 4746 ab
1211 4693 1242 4744 iis
1254 4708 1311 4758 qua
1323 4698 1394 4757 suut,
1410 4696 1454 4746 aut
1468 4694 1500 4748 ab
1513 4695 1545 4745 iis
1557 4695 1650 4758 quain
1661 4695 1749 4748 orbem

131 4775 217 4832 Quum
227 4775 302 4841 igitur
315 4777 368 4828 vita
381 4777 461 4842 prima
471 4779 573 4830 deorum
585 4779 688 4842 sit,sed
699 4779 807 4834 humana
820 4795 918 4848 qnoque
963 4785 1074 4835 teruntur
1086 4783 1223 4835 mterihunt
1240 4769 1297 4848 qua
1309 4787 1376 4836 recte
1386 4786 1501 4846 cunnnt,
1515 4787 1587 4848 autc
1604 4783 1749 4848 corporibus

130 4861 247 4926 quedam
263 4863 296 4914 sit
310 4864 364 4914 rita
378 4867 402 4916 et
423 4865 477 4917 haee
492 4880 549 4918 cum
564 4866 605 4918 illa
625 4867 715 4918 sociari
732 4867 792 4920 vdit
808 4887 813 4918 :
836 4868 917 4920 medio
962 4873 1030 4924 reete
1043 4871 1200 4923 canentibus
1211 4886 1241 4922 ca
1251 4885 1308 4936 qua
1318 4873 1344 4922 in
1359 4873 1445 4924 ortem
1461 4872 1609 4936 torquentur
1621 4855 1746 4936 peribunt.

129 4947 236 5012 indiget.
267 4951 332 5001 uintt
344 4952 410 5004 enim
428 4967 514 5004 eorum
532 4968 588 5020 quaa
600 4955 742 5018 longissime
760 4955 825 5008 iuter
836 4971 863 5007 se
875 4955 916 5008 di·
962 4962 1055 5012 Verum
1066 4961 1094 5010 ut
1110 4973 1207 5021 eaquae
1226 4961 1251 5012 in
1266 4961 1352 5012 orbem
1365 4961 1477 5012 tenantur
1489 4958 1641 5024 conuptriee
1656 4961 1746 5012 natura

130 5039 200 5088 stam
219 5035 273 5088 siue
289 5039 371 5091 modio
389 5043 544 5094 connectitur
564 5063 570 5098 ι
591 5044 701 5095 madium
718 5049 801 5096 auum
814 5046 846 5096 iis
861 5059 917 5110 quo
961 5061 1009 5098 uon
1021 5050 1078 5098 siut
1091 5048 1193 5114 predita
1204 5049 1212 5112 (
1222 5061 1266 5099 cur
1285 5049 1351 5102 enirn
1363 5049 1424 5100 nihii
1435 5048 1493 5100 iude
1506 5050 1653 5112 corruptum
1673 5048 1743 5104 vide·

130 5124 320 5190 oonjuuguntnq
334 5127 413 5181 dmite
427 5143 482 5183 esse
494 5131 576 5183 dehet.
609 5131 674 5185 Vitae
685 5148 742 5199 ergo
753 5134 862 5188 medinm
875 5135 915 5186 ri-
961 5129 1051 5198 must)
1065 5135 1101 5188 ita
1115 5137 1191 5189 etiam
1211 5151 1267 5201 que
1292 5141 1359 5192 recte
1378 5140 1482 5188 canunt
1501 5123 1687 5204 iila'attt'ngere
1704 5151 1745 5192 ue·

129 5216 183 5268 tam
196 5229 252 5269 esse
266 5217 394 5280 oportebat
410 5219 535 5280 :ideoque
545 5221 670 5286 homines,
684 5226 734 5274 um
748 5215 784 5274 itti
794 5225 837 5288 qui
850 5239 915 5276 nunc
961 5229 1055 5289 qucum
1071 5245 1076 5257 ·
1090 5239 1134 5276 cur
1145 5226 1210 5278 emm
1223 5225 1343 5289 usquead
1354 5225 1403 5278 hoc
1417 5213 1517 5292 tempus
1529 5240 1577 5280 uon
1589 5231 1744 5298 potueruut?
