3976 5948
259 423 318 486 tte
956 415 1172 492 autumnis

256 559 417 638 παρελέσθαι
432 559 464 616 τδι
487 557 724 637 προπεπονημένα,
743 559 787 616 καὶ
812 565 974 644 μεταρρῖψαι
987 563 1036 634 τὴν
1058 593 1062 632 t
1082 563 1144 623 sine
1167 583 1252 622 causa
1267 565 1428 642 suspicatus
1442 579 1493 626 est.
1515 565 1572 624 Nec
1589 579 1684 625 minen
1703 581 1856 646 propterea

256 647 383 704 δοκοῦσαν
400 647 559 725 εὐημερίαν,
588 645 679 705 οὐθένα
704 647 794 726 καιρδν
814 650 912 728 έχουσι
929 650 1035 711 τακτόν.
1082 649 1241 709 audiendus
1260 651 1513 729 wyttenbachius,
1535 654 1585 730 qui
1605 654 1716 714 Comm.
1736 656 1766 713 in
1783 655 1855 714 Plut.

255 739 347 795 Ταῦτα
364 737 391 794 δέ
408 735 453 793 καί
475 736 662 794 ἄλλατοιαῦτα
682 737 727 793 xul
742 741 799 794 καθ’
823 740 917 799 ἑαυτὸν
934 739 1037 816 ἑκάστῳ
1081 739 1132 813 Vl,
1148 761 1178 818 p.
1196 739 1254 816 699
1269 753 1415 799 auctorem
1426 742 1548 799 Axioehi
1565 743 1742 821 praecipuam
1754 743 1856 819 dialogi

255 829 412 900 λογίσασθαι
431 822 531 905 ῥᾴδιον,
547 823 592 883 κοιλ
616 822 703 882 ἄλλων
724 826 836 884 ἀκοῦσαι
858 830 979 887 παλαιῶν
994 826 1038 884 καὶ
1082 839 1211 907 partem,
1233 829 1263 887 id
1281 843 1325 888 est
1346 831 1556 909 expositionem
1580 851 1678 890 rerum
1697 831 1859 892 hominibus

256 917 341 993 σοφῶν
357 915 468 995 ἀνδρῶν.
486 903 540 974 Ὧν
556 915 656 994 πρῶτος
672 913 719 991 μέν
736 917 805 974 ίστιν
827 919 841 974 θ
862 923 928 984 θεῖος
946 913 1039 992 ’Όμη-
1081 917 1285 988 molestarum,
1301 938 1361 977 non
1382 919 1526 997 Prodico,
1551 919 1601 978 sed
1627 919 1764 978 Crantori
1787 941 1861 980 acce·

258 1021 316 1079 ρος,
333 1001 423 1060 εἰπών·
437 1001 510 1062 οὐδέν
532 999 696 1080 ἀκιδνότερον
710 1011 774 1082 γαῖα
789 1004 877 1085 τρέφει
893 1005 1039 1086 ἀνθρώποιο
1083 1019 1162 1084 ptam
1177 1007 1318 1067 rettulisse
1328 1005 1505 1088 arbitratur.)

258 1092 314 1150 κτλ.
333 1091 451 1171 (Odyss.
470 1091 579 1165 XVlll,
600 1092 745 1172 13o·137)
761 1093 807 1151 καί
822 1095 848 1151 έν
864 1093 964 1160 ἄλλοις·
981 1097 1038 1154 Τυ·
1124 1115 1158 1154 10.
1178 1094 1222 1155 Τὰ
1235 1095 1262 1155 δέ
1277 1095 1338 1174 περί
1355 1096 1400 1155 τὸν
1413 1095 1518 1156 Ἰταλόν
1534 1097 1664 1156 Εὐθύνοον
1674 1096 1786 1155 τοιαῦτά
1800 1119 1860 1177 φασι

257 1177 326 1250 δείδη
344 1179 495 1257 μεγάθυμε,
520 1179 563 1251 τίη
585 1177 675 1255 γενεὴν
701 1181 836 1261 ἓρεείνεις;
852 1185 909 1242 κτλ.
933 1184 1036 1262 (lliad.
1081 1183 1211 1260 γενέσθαι.
1222 1173 1300 1246 Εἶναι
1310 1183 1357 1259 μὲν
1372 1183 1423 1264 γδιρ
1437 1183 1517 1242 αὐτὸν
1527 1184 1655 1245 Ἠλυσίου
1669 1185 1770 1266 πατρὸς
1784 1187 1859 1263 Τερι-

258 1265 312 1338 Vl,
331 1269 481 1346 ath-149)
508 1265 604 1347 Ταύτῃ
633 1268 656 1325 δ’
675 1267 715 1326 ότι
733 1271 820 1336 καλῶς
846 1272 858 1328 ἐ
895 1271 979 1342 ήσατο
1004 1277 1037 1351 τῇ
1084 1271 1167 1346 ναίον,
1180 1275 1233 1331 τῶν
1243 1277 1297 1332 ἐκεῖ
1307 1273 1410 1353 πρώτου
1419 1271 1550 1354 καίάρετῇ
1565 1272 1610 1332 κοιλ
1620 1272 1727 1355 πλούτῳ
1739 1273 1784 1332 καὶ
1795 1273 1861 1354 δόξῃ,

256 1353 335 1412 είκόνι
357 1361 404 1414 τοῦ
428 1355 589 1436 ἀνθρωπείου
613 1354 687 1434 βίον,
713 1359 809 1431 δῆλον,
824 1357 850 1427 έξ
887 1361 947 1416 νέν
965 1359 1037 1439 ἄλλῳ
1083 1361 1238 1430 τελευτῆσαι
1247 1361 1268 1418 δ’
1280 1359 1403 1433 ἐξαπίνης
1412 1361 1484 1443 αὐτέῳ
1494 1364 1545 1421 τινί
1554 1361 1705 1443 ἀδήλῳτδν
1718 1353 1763 1421 οὖν
1780 1363 1861 1423 Ἠλύ-

255 1442 327 1522 τόπῳ
344 1444 421 1522 φησὶν
439 1445 516 1502 οὕτω·
539 1447 638 1523 βροτῶν
655 1446 678 1503 δ’
702 1443 777 1504 ἕνεκα
800 1445 965 1522 πτολεμίζειν
988 1451 1039 1506 διι-
1083 1469 1138 1506 σιον
1153 1449 1278 1506 εἰσελθεῖν
1294 1447 1436 1528 ὅπεριίσως
1450 1449 1499 1508 κάν
1515 1450 1593 1508 ἄλλον
1616 1451 1735 1524 εἰσῆλθε,
1754 1449 1861 1526 μήποτ’

254 1533 324 1606 λῶν,
343 1532 368 1590 ei
390 1534 525 1612 φύλλοισιν
547 1532 657 1600 ἐοικότες
678 1537 736 1593 κτλ.
756 1535 859 1613 (iliad.
876 1534 953 1609 XXl,
970 1539 1039 1606 463-
1082 1532 1122 1606 τίη
1137 1537 1284 1616 φαρμάκοις
1296 1538 1449 1606 ἀπολωλώς·
1462 1545 1552 1598 τοῦτον
1561 1529 1688 1620 γθρεῖνιιι
1703 1541 1782 1615 μόνον
1794 1542 1861 1617 αὐτῷ

256 1620 330 1699 466)
345 1621 387 1677 De
405 1621 620 1686 vitaehumanae
637 1623 763 1681 miseriis
782 1624 952 1702 exposuisse
969 1627 1039 1682 anti·
1082 1621 1123 1681 ἐπ’
1138 1621 1213 1701 οὐσίᾳ
1229 1625 1313 1702 πολλῇ
1333 1625 1378 1682 καί
1401 1627 1548 1706 χρήμασιν.
1567 1626 1727 1708 Ἄποροῢντα
1751 1627 1791 1704 δέ,
1811 1627 1860 1706 ὅτῳ

255 1727 329 1782 quos
343 1708 535 1786 philosophos
556 1723 657 1770 auctor
673 1724 717 1770 est
728 1711 854 1771 Crantor
868 1713 970 1793 (ταῦτα
985 1713 1037 1796 γάρ
1085 1709 1175 1790 τρόπῳ
1189 1713 1303 1790 βάσανον
1313 1711 1392 1772 λάθοι
1406 1713 1519 1789 τούτων,
1535 1715 1675 1796 ἀφικέσθαι
1687 1716 1731 1774 έπί
1745 1741 1771 1774 τι
1783 1720 1862 1797 ψυγε-

255 1801 356 1866 arioch
373 1798 471 1876 ἀρχαία
488 1797 556 1868 αὐτη
573 1800 712 1879 φιλοσοφία
729 1800 800 1876 λέγει
812 1825 841 1861 τε
858 1802 903 1861 καί
921 1825 1037 1880 παρακε-
1082 1809 1214 1878 μαντεῖον·
1230 1802 1430 1880 προθυσάμενον
1452 1805 1498 1882 δέ,
1520 1809 1555 1872 ὡς
1573 1806 1668 1882 νόμος,
1689 1808 1861 1883 ἐγκοιμᾶσθαι

254 1881 369 1958 λεύεται)
382 1886 463 1963 quod
475 1887 561 1944 etiam
573 1907 649 1946 nrtnc
660 1908 695 1945 ex
707 1891 825 1948 vetustis
841 1891 1037 1950 monumentis
1080 1889 1126 1948 καί
1141 1889 1204 1948 ἰδεῖν
1221 1889 1278 1970 όψιν
1300 1893 1412 1954 τοιάνδε.
1435 1894 1514 1962 Δόξαι
1536 1893 1730 1974 παραγενέσθαι
1745 1895 1788 1953 τὸν
1809 1918 1860 1951 ποι-

254 1973 438 2050 intelligitur.
447 1975 520 2034 Vide
530 1976 849 2055 modoel'ythagoreis
861 1978 1036 2057 llippodami
1080 1977 1143 2056 τέρα
1160 1976 1321 2038 aeviaeui·
1341 1983 1427 2040 ἰδόντα
1444 1980 1488 2060 δέ,
1510 1980 1690 2063 διεξέρχεσθαι
1707 1981 1770 2061 πρὸς
1785 1982 1862 2040 αὐτὸν

254 2076 281 2119 et
309 2063 468 2142 Hipparchi
502 2065 661 2141 fragmenta
682 2066 760 2143 apud
784 2066 928 2126 Stobaeum
954 2068 1033 2130 Flor.
1080 2067 1139 2148 περί
1152 2072 1198 2140 ιη”ς
1214 2068 1294 2148 τύχης
1307 2075 1352 2142 τῆς
1370 2070 1440 2128 καιθι
1455 2071 1498 2130 τὸν
1511 2069 1587 2143 υἱόν,
1602 2071 1648 2128 καὶ
1667 2068 1815 2128 άντιὸολεῑν
1837 2093 1863 2130 τε

254 2150 382 2227 xcviii,
407 2176 441 2228 7¹
466 2167 495 2214 et
509 2153 610 2226 llVlll,
634 2155 668 2212 81
692 2156 724 2213 iu
746 2155 819 2212 Phil.
842 2157 895 2215 Gr.
921 2158 1033 2236 Fragm.
1080 2159 1124 2216 καὶ
1140 2158 1256 2231 δεῖσθαι,
1273 2157 1432 2236 συνεξευρεῖν
1448 2157 1491 2216 τδν
1508 2157 1591 2217 αίτιον
1604 2157 1786 2218 τούθοινάτου.
1810 2157 1863 2216 Καὶ

254 2241 312 2299 vol·
328 2244 368 2314 ll,
386 2263 416 2322 p.
436 2252 470 2312 ιθ
486 2257 514 2302 et
531 2245 565 2302 16
578 2263 667 2322 seqq,
683 2244 752 2302 item
771 2243 955 2323 Empedoclis
969 2267 1035 2306 ver·
1079 2245 1123 2306 τδν
1145 2247 1188 2306 lul
1206 2246 1291 2327 τούτῳ
1309 2246 1381 2321 ἥκοι,
1400 2247 1489 2326 φάναι·
1513 2249 1582 2306 elit
1606 2247 1677 2316 δέξαι
1696 2247 1770 2326 παρὰ
1787 2247 1864 2305 coiit

251 2347 299 2388 sus
313 2331 400 2388 δο-ὐι
419 2321 441 2391 il
456 2331 552 2405 πόποι,
571 2321 592 2389 ῶ
609 2333 702 2391 δειλῶν
724 2335 824 2402 θνητῶν
848 2331 932 2412 γένος,
954 2337 976 2392 ὠ
991 2336 1034 2394 δυ·
1081 2333 1097 2391 ά
1113 2357 1154 2391 σοι
1163 2333 1243 2415 φέρει·
1257 2336 1286 2392 έκ
1297 2335 1349 2416 γθιρ
1361 2334 1459 2394 τούτων
1471 2333 1567 2394 ἅπαντ’
1578 2335 1645 2413 εἴσῃ,
1661 2325 1696 2393 ῶν
1707 2335 1769 2413 πέρι
1782 2336 1864 2414 λυπῇ.

72 2441 84 2448 ·
148 2432 179 2440 “’
249 2416 393 2494 σάνολθυν,
408 2417 469 2479 οίων
485 2419 512 2488 έξ
528 2419 619 2500 ἐρίδων
636 2418 666 2480 έκ
677 2443 705 2479 τε
720 2423 857 2500 στοναχῶν
875 2423 992 2501 ἐγένεσθε
1004 2423 1034 2482 iu
1083 2411 1161 2480 Εἶναι
1177 2423 1209 2499 δ’,
1224 2421 1253 2480 δν
1272 2423 1416 2500 ieiunos,
1432 2422 1567 2482 νεανίσκον
1581 2423 1802 2502 ἑπόμενόναύτῷ,
1821 2427 1865 2499 έμ-

252 2508 313 2569 Vol.
329 2513 427 2589 l,pag.
444 2532 473 2570 a.
491 2509 574 2567 Adde
598 2509 746 2588 Euripidis
767 2510 929 2570 versiculos
954 2509 1033 2590 apud
1079 2512 1146 2588 φερῆ
1170 2533 1199 2568 τε
1214 2515 1252 2592 τῷ
1267 2513 1332 2592 υἱῷ,
1347 2511 1393 2570 καὶ
1418 2511 1451 2571 τδι
1470 2517 1515 2570 τοῦ
1541 2511 1635 2592 χρόνου
1650 2535 1679 2570 τι
1694 2511 1740 2570 καὶ
1761 2511 1796 2569 τά
1816 2517 1862 2583 τῆς

250 2595 395 2655 Stobaeum
406 2598 487 2658 Flor.
500 2597 627 2672 cxxiv,
640 2619 655 2670 7
669 2597 789 2680 (cilium
806 2598 919 2675 Fragm.
933 2619 963 2677 p.
977 2603 1035 2673 718
1078 2598 1182 2669 ἡλικίας
1198 2598 1282 2678 ἕγγιίς.
1296 2600 1419 2682 Ἔρέσθοιι
1430 2592 1490 2674 οὐν,
1502 2597 1573 2669 ὅστις
1585 2600 1643 2675 είη,
1655 2599 1701 2660 καί
1713 2601 1757 2660 τὸν
1773 2601 1864 2679 φάναι·

250 2688 296 2746 ed.
314 2685 454 2765 Wagner)
474 2687 604 2766 γίγνωσκε
631 2684 814 2764 τάνθρώπεια,
839 2685 902 2761 μηδ’
921 2687 1035 2765 ὑπερμέ-
1079 2684 1179 2761 δαίμων
1202 2691 1248 2746 τού
1264 2687 1330 2754 υἱέος
1346 2711 1402 2747 σου·
1417 2689 1463 2748 καλ
1486 2688 1555 2748 οὐτω
1577 2689 1608 2762 δὴ
1623 2688 1712 2771 δρέξαι
1734 2693 1759 2748 οἱ
1779 2712 1865 2769 γραμ-

249 2799 317 2855 τριιις
335 2778 419 2851 ἄλγει·
433 2782 523 2840 κακοῖς
534 2773 586 2852 γάρ
601 2774 630 2831 οὐ
648 2773 680 2832 σύ
694 2773 849 2852 πρόσκεισαι
864 2773 931 2850 μόνη
940 2819 949 2852 ,
965 2778 1033 2853 qui·
1079 2773 1210 2851 ματίδιον.
1234 2775 1420 2848 Ἀνειλήσοιντα
1434 2767 1477 2836 οὐν
1494 2777 1560 2836 cirri
1581 2777 1644 2836 ἰδεῖν
1659 2777 1863 2856 ἐγγεγραμμένα

250 2863 305 2922 bus
330 2863 457 2922 fortasse.
484 2869 663 2937 Anaxagorae
686 2863 825 2922 sententia
849 2863 1033 2939 exprimitur.
1078 2863 1137 2944 τρία
1153 2869 1245 2922 ταῦτα·

250 2950 333 3010 Plato
348 2950 419 3028 quid
435 2951 471 3010 de
485 2971 518 3010 ea
530 2971 562 3010 re
576 2952 733 3022 censuerit,
750 2949 863 3027 etquid
878 2951 1033 3012 inteream

250 3053 278 3096 et
297 3039 469 3098 Crantorem
491 3040 674 3114 interfuerit,
695 3038 754 3116 jam
776 3059 866 3118 supra
891 3040 1031 3102 vidimus.

251 3129 323 3189 Nam
347 3127 432 3185 Plato
457 3147 552 3204 neque
579 3147 670 3186 unum
692 3127 874 3204 eundemque
888 3122 1033 3186 aerumna'-

249 3237 313 3274 rum
338 3217 445 3274 iontem
472 3235 535 3275 esse
566 3216 678 3286 statuit,
705 3234 800 3292 neque
829 3215 947 3274 omnino
971 3236 1032 3276 cer·

249 3319 305 3363 tam
333 3305 476 3363 malorum
504 3305 646 3378 originem
674 3303 829 3364 indicavit.
886 3303 1031 3363 Nimirum
1117 3298 1310 3378 (Plutarchus
1327 3299 1444 3360 Consul.
1463 3300 1498 3358 ad
1514 3300 1612 3378 Apoll.
1630 3300 1688 3358 vol.
1705 3298 1772 3377 vit,
1792 3319 1861 3378 pag.

248 3413 337 3472 ιγιιιιιπ
365 3393 434 3451 deos
458 3393 611 3450 inferiores
635 3391 759 3450 miseriae
782 3391 916 3450 humanae
931 3406 1033 3451 aucto·
1078 3387 1135 3445 336
1151 3407 1211 3464 seq.
1233 3387 1280 3446 ed.
1299 3387 1420 3449 liutten.
1449 3388 1557 3447 omisso
1581 3387 1706 3447 auctoris
1726 3389 1862 3458 nomine,

248 3502 294 3540 res
309 3481 396 3552 dieat,
421 3480 451 3538 id
476 3481 596 3556 figurate
623 3480 873 3557 interpretandum
895 3499 958 3538 esse
978 3501 1031 3558 pa·
1076 3494 1162 3552 quem
1173 3494 1210 3533 ex
1223 3473 1398 3533 Tusculanis
1410 3474 1656 3553 disputationibus
1676 3474 1701 3546 Ι,
1718 3474 1757 3542 48
1774 3476 1865 3532 Cran-

248 3583 296 3632 tet.
320 3569 359 3629 Ut
379 3570 476 3629 locum
506 3567 541 3627 de
564 3566 687 3628 miseriis
707 3567 738 3625 iu
760 3565 867 3644 quibus
892 3568 1029 3628 mortales
1076 3576 1168 3622 torem
1191 3563 1278 3622 luisse
1299 3576 1432 3642 apparet.
1457 3562 1503 3622 lbi
1522 3564 1599 3622 enim
1619 3563 1750 3634 Tullius,
1777 3577 1863 3640 post-

249 3671 400 3718 vepsantur
414 3679 447 3716 ac
470 3657 507 3716 de
527 3669 639 3729 morte,
657 3656 801 3715 malorum
821 3657 952 3715 omnium
973 3671 1030 3716 ter.
1075 3671 1162 3728 qumu
1176 3651 1282 3710 similia
1301 3651 1435 3729 quaedam
1456 3651 1492 3710 (le
1512 3650 1615 3710 Cleobi
1630 3664 1659 3709 et
1686 3651 1809 3727 illicne,
1823 3652 1866 3710 tle

246 3749 388 3827 auino,ex
408 3747 536 3826 «quodam
549 3745 665 3804 Prodici
680 3743 729 3802 Cei
744 3763 833 3822 opere
847 3745 1030 3822 depromtum
1074 3739 1242 3820 Trophonio
1267 3755 1296 3800 et
1325 3741 1466 3817 Agamede
1489 3741 1637 3813 narravit,
1670 3741 1709 3798 ita
1735 3741 1865 3818 pergit:

247 3839 374 3898 servavit
395 3836 592 3915 Pseudoplato
612 3836 641 3893 in
666 3833 795 3892 Axiocho
809 3833 864 3913 (cf.
880 3833 956 3894 Phil.
973 3833 1026 3895 Gr.
1073 3831 1172 3887 Simile
1189 3833 1326 3906 quiddam
1349 3845 1393 3887 est
1421 3836 1450 3886 in
1476 3831 1672 3888 Consolatione
1693 3831 1864 3897 Crantoris,-

247 3926 357 4002 Fragm.
375 3927 433 3984 vol.
449 3928 488 4000 ll,
507 3946 539 4003 p.
557 3921 713 3998 Lxxvttt,
726 3934 754 3980 et
768 3941 799 4000 μ.
828 3922 883 3979 138
900 3920 1006 4000 seqq.)
1020 3943 1026 3978 :
1073 3924 1115 3975 ait
1127 3925 1200 3976 enim
1215 3922 1370 3976 Terinaeum
1382 3921 1524 3994 quendam
1540 3921 1680 3989 Elrsinm,
1693 3937 1779 3993 quum
1795 3939 1868 3994 gra·

246 4017 287 4074 sic
299 4017 465 4074 Welclterus
485 4014 658 4072 Crantorem
675 4011 830 4070 aProdico
845 4011 936 4069 mtrlta
952 4029 1030 4068 acce·
1072 4013 1214 4086 viterfilir
1226 4022 1342 4068 mortem
1358 4023 1495 4077 mereret,
1510 4015 1613 4066 oeoisse
1628 4015 1656 4064 in
1664 4009 1867 4084 psychoman-

246 4104 322 4182 pisse
336 4123 401 4179 quae
416 4103 450 4162 ad
475 4103 539 4160 vitae
559 4099 744 4160 incommoda
766 4099 944 4178 pertinerent
969 4115 1028 4154 non
1074 4105 1160 4170 turm,
1174 4113 1343 4175 querentem
1364 4119 1429 4173 qaoe
1443 4097 1550 4171 fuisset
1568 4112 1657 4156 tuatae
1679 4101 1867 4155 calamitosis

1117 2986 1198 3069 ἤρου,
1211 2989 1306 3062 νήπιες
1322 2989 1424 3060 ἠλίθιοι
1436 2991 1528 3049 δειλῶν
1543 2989 1632 3070 φρένες
1647 2989 1759 3069 ἀνδρῶν·

1159 3076 1285 3146 Εὐθύνοος
1295 3079 1380 3136 κεῖται
1395 3079 1516 3158 μοιριδίῳ
1529 3077 1646 3158 θανάτῳ.

1117 3166 1164 3224 οὐκ
1179 3157 1211 3237 ἦν
1225 3163 1276 3246 γάρ
1286 3164 1360 3234 ζώειν
1376 3167 1457 3226 καλὸν
1470 3170 1561 3248 αὐτῷ,
1577 3165 1757 3245 οὐτεγονεῦσι.

278 4337 315 4381 to.
331 4332 387 4380 lam
396 4331 427 4380 de
437 4331 567 4393 Euthynoo
581 4332 645 4381 llalo
663 4329 805 4392 hujusmodi
817 4329 925 4379 narratio
939 4327 1026 4378 fertur.
1072 4333 1136 4384 verit
1151 4335 1225 4394 atque
1237 4331 1420 4392 obsecraverit,
1441 4330 1506 4380 utin
1520 4343 1595 4380 causa
1609 4327 1696 4379 mortis
1709 4327 1866 4379 invenienda

244 4429 316 4477 itane
325 4425 390 4476 euim
402 4423 484 4486 Elysio
495 4425 577 4486 patre,
588 4423 707 4486 Τειίιιιοο,
723 4420 832 4480 uuute,
847 4420 962 4482 fortunis,
975 4419 1027 4484 glo·
1071 4435 1098 4472 se
1110 4419 1248 4484 adjuvaret.
1266 4418 1427 4482 Respondisse
1439 4418 1533 4482 patrem
1551 4436 1557 4467 :
1575 4416 1690 4480 equidem
1705 4415 1801 4467 idciro)
1813 4417 1865 4466 ad·

243 4517 280 4567 ria
293 4515 385 4566 civium
399 4525 502 4564 suorum
514 4509 624 4575 principe
644 4511 748 4568 natum,
759 4507 886 4572 repentina
899 4510 978 4557 morte
994 4507 1026 4556 ob
1070 4522 1142 4568 sum;
1153 4505 1196 4559 sed
1208 4505 1239 4557 ab
1251 4507 1301 4558 isto
1308 4505 1392 4570 accipe
1402 4519 1459 4569 qum
1473 4505 1518 4556 tibi
1529 4505 1617 4564 atiert3
1628 4503 1764 4555 indeenim
1773 4505 1868 4555 omnia

242 4605 362 4656 incertam
376 4598 591 4653 causamobiisse.
628 4597 784 4660 Quapropter
799 4594 881 4658 Elysio
893 4593 957 4658 patri
970 4593 1028 4658 (qui
1070 4608 1218 4659 cognosces,
1232 4593 1429 4658 quibusmeeres.
1457 4593 1540 4644 Fuisse
1554 4601 1684 4644 cerneum
1699 4604 1776 4654 quem
1786 4595 1870 4656 pater

241 4693 311 4744 ilium
327 4692 426 4742 unicum
446 4688 574 4740 habuisset
592 4684 686 4748 fliium,
703 4683 867 4735 maximarum
883 4681 1028 4733 divitiarum
1069 4683 1195 4734 indicabat
1210 4683 1324 4746 juvenem
1348 4695 1411 4746 pone
1431 4683 1590 4746 sequentem,
1614 4682 1688 4730 :etate
1708 4681 1734 4730 et
1757 4681 1870 4732 statura

242 4785 268 4833 et
279 4794 354 4846 opum
373 4775 632 4841 heredem)incidisse
653 4773 835 4838 suspicionem,
855 4785 911 4836 qum
926 4761 1027 4822 ibrsitan
1069 4771 1114 4822 otii
1127 4771 1301 4835 propemodum
1321 4769 1438 4830 similem,
1452 4769 1679 4832 interrogatumque
1697 4766 1754 4830 quis
1772 4771 1868 4830 esset,

240 4874 266 4922 et
277 4871 332 4921 aliis
345 4869 480 4930 incidisset,
498 4865 578 4916 oham
593 4877 688 4915 ueneno
703 4862 817 4913 necatum
835 4875 897 4922 esse.
942 4861 1027 4919 Quum
1070 4859 1225 4924 respondisse
1240 4874 1246 4905 ι
1261 4859 1347 4924 genius
1368 4871 1424 4908 suun
1440 4856 1482 4907 titii
1502 4857 1555 4919 tui,
1576 4855 1699 4919 simulque
1714 4856 1869 4920 porrexisse

240 4965 323 5012 autem
334 4958 474 5018 dubitaret,
487 4953 613 5020 quomodo
625 4967 677 5004 rem
687 4951 815 5017 explorare
825 4951 914 5013 posset,
928 4948 1026 4998 venisse
1069 4949 1092 5000 ei
1110 4948 1249 5008 codicillos,
1275 4947 1364 5010 quibus
1390 4946 1497 4998 evolutis
1515 4945 1612 5009 Elysius
1635 4948 1686 4996 tres
1704 4944 1752 4996 bos
1769 4959 1870 4996 versus

240 5063 296 5098 eum
319 5048 344 5098 in
362 5048 596 5112 psychomanteum,
621 5041 747 5104 sacrisque
769 5039 876 5102 legitime
896 5040 1026 5100 operatum
1068 5037 1191 5090 invenerit
1210 5037 1277 5088 lutus
1289 5039 1427 5086 exaratos:

240 5137 294 5186 loeo
304 5135 347 5186 isti
358 5135 543 5194 indormirissc,
559 5145 589 5183 ac
603 5131 679 5182 tatem
692 5129 799 5194 speeiem
819 5138 863 5190 per
877 5123 1024 5175 somnumei
1121 5149 1217 5218 wis,
1232 5159 1319 5206 mm,
1334 5157 1438 5204 humum
1449 5157 1532 5202 ,mnis
1544 5155 1658 5202 mum·
1669 5155 1748 5202 mm
1764 5167 1775 5202 ι

239 5237 295 5275 0⁵⁸⁰
305 5222 420 5274 “limam-
454 5223 543 5274 Vlssum
560 5234 615 5273 ⁰⁸⁸⁰
637 5220 733 5285 pamm
747 5215 780 5268 ad
798 5217 879 5280 lidum
893 5211 1024 5276 ῧθωᾶθῐθί
1121 5233 1154 5275 ln
1163 5233 1225 5285 iacet
1239 5230 1374 5282 ttuthynous
1386 5227 1447 5274 tout
1459 5230 1532 5272 morte
1542 5229 1664 5284 peremtas.

243 5324 319 5379 quem
340 5313 501 5374 posteaquam
516 5307 699 5372 conspexisset,
713 5306 812 5355 narrato
825 5301 867 5352 iiiii
885 5313 953 5363 casu,
966 5312 1020 5351 ora·
1122 5303 1177 5348 san
1189 5301 1231 5346 tuo
1246 5301 1323 5349 ouius
1333 5299 1393 5346 tinto
1402 5299 1488 5356 tpuque
1500 5297 1611 5355 ικιειηιιο.
