3938 5968
452 356 677 421 ETHICORUM
699 355 1035 422 NICOMAGHEORUM
1056 359 1338 422 PARAPHRASIS.

57 496 130 557 αὐτὰ
139 499 243 578 λόγων.
257 496 346 560 Ὅταν
360 492 445 556 τοίνυν
462 485 500 563 οἷς
515 493 563 575 μέν
577 493 683 573 λίγουσι
697 492 745 567 τὴν
761 491 858 565 ἡδονὴν

55 586 185 667 ψέγωσι,
200 589 236 647 δι’
252 579 289 647 ὧν
304 585 331 646 δὲ
344 591 448 646 ποιοῦσι
471 585 516 644 καὶ
530 583 679 665 πάσχωσιν
697 585 859 655 ἐπαινῶσιν,

56 677 167 742 ἑαυτοῖς
184 673 381 754 ἀντιλέγοντες,
396 674 446 734 barb
456 676 507 734 τῶν
519 675 666 734 ἀκουόντων
682 672 728 734 καί
739 673 859 753 δρώντων

55 767 288 844 καταγελῶνται·
308 763 353 824 καί
365 774 418 832 τοῖς
434 763 520 844 λόγοις
543 765 616 824 οθδέν
638 766 739 843 μᾶλλον
752 759 858 834 ὤνησαν

55 853 118 922 τοὺς
131 853 270 929 πολλοός,
288 853 339 913 ὑπὸ
364 856 415 912 τῶν
427 853 593 933 πραγμάτων
609 847 799 933 ἐλεγχομίνοις.
823 848 859 912 Ὅ

54 945 110 1022 γὰρ
129 943 226 1024 ψέγων
252 944 300 1016 τὴν
314 941 409 1014 ἡδονὴν
430 941 517 1024 ὀφθείς
540 966 604 1023 ποτε
618 941 751 1022 ἐφιέμενος
765 941 856 1013 αὐτῆς,

56 1031 222 1092 ἀποκλίνειν
248 1033 319 1092 δοκεῖ
341 1031 405 1112 πρὸς
428 1030 527 1110 αὗτὴν,
546 1031 592 1090 καί
606 1030 703 1110 ἀγαθὸν
719 1034 858 1107 ἡγεῖσθαι·

55 1122 102 1181 καὶ
117 1121 194 1182 οίίτω
211 1121 287 1191 δόξαν
304 1119 418 1193 ἐντίθησι
442 1122 497 1188 τοῖς
517 1122 616 1200 δρῶσιν
628 1122 658 1180 οὗ
682 1117 741 1177 τινὰ
762 1115 858 1190 ἡδονὴν

56 1211 162 1289 άγαθδν
181 1203 271 1286 εἶναι,
289 1209 348 1270 ἀλλ’
371 1209 462 1278 ἁπλῶς
490 1206 596 1269 ἅπασαν
617 1209 792 1268 ἐπαινεῖσθαι.
819 1206 860 1266 Τὸ

54 1301 110 1382 γὰρ
126 1300 256 1383 διορίζειν
281 1299 327 1360 καί
342 1301 467 1379 διαιρεῖν,
493 1297 539 1358 καί
562 1297 593 1358 τθ
608 1296 656 1375 μὲν
673 1293 769 1374 αἰγαθδν
792 1281 859 1354 εἶναι

55 1391 179 1469 κρίνειν,
204 1390 357 1471 ἐνδέχεσθαι
373 1388 400 1449 δέ
415 1387 499 1461 ἄλλην
515 1387 618 1468 φαύλην
633 1376 716 1460 εἶναι,
733 1387 780 1445 οὐκ
803 1385 859 1445 ίστι

55 1483 111 1538 τῶν
139 1483 268 1542 πολλῶν·
291 1482 349 1539 ἀλλ’
382 1477 439 1557 ἅμα
462 1501 490 1538 τε
517 1466 585 1537 εἶδον
606 1475 649 1536 τόν
675 1479 734 1535 νοῦν
762 1473 859 1554 ἔχοντα

55 1569 143 1650 ἡδονῇ
168 1592 222 1628 τινι
246 1570 391 1650 χαίροντα,
413 1566 459 1625 καί
477 1573 566 1624 πᾶσαν
582 1563 678 1639 ἡδονὴν
700 1563 796 1640 άγαθδν
813 1563 859 1622 καί

57 1657 167 1739 αἱρετὸν
196 1657 323 1742 ᾠήθησαν
342 1647 426 1736 εἶναι,
449 1654 495 1717 καὶ
515 1655 596 1723 οὕτως
611 1657 641 1714 οὗ
656 1653 734 1732 μόνον
749 1651 767 1712 θ
783 1652 859 1714 iberi·

56 1751 137 1808 λοντο
152 1751 206 1809 οὐκ
218 1749 341 1824 ἔπεισαν,
360 1747 429 1807 ἀλλὰ
442 1748 488 1808 καί
499 1745 547 1820 τὴν
564 1747 688 1822 ἀλήθειαν
712 1746 858 1829 προσαπώ-

56 1837 144 1897 λεσαν

99 1925 220 1990 *Ὀθεν
245 1924 373 2009 φανερόν,
394 1925 434 1987 ὅτι
458 1926 482 1986 οἱ
506 1927 611 1997 ἀληθείς
632 1924 705 2006 λόγοι
732 1929 762 1987 οὐ
779 1926 857 2003 μόνον

57 2015 126 2098 πρὸς
135 2017 189 2090 τὴν
201 2020 299 2098 γνῶσιν
306 2015 509 2098 χρησιμώτατοί
522 2017 583 2088 aloa,
601 2015 704 2090 πλάνης
719 2015 856 2097 καθαίρον-

57 2129 101 2174 τες
117 2106 248 2184 ἁπάσης,
265 2105 391 2167 ἀλλὰκαὶ
405 2108 443 2186 τῷ
460 2103 509 2186 βίῳ
517 2106 696 2165 λυσιτελοῦσι·
717 2103 852 2165 πιστεύον·

57 2219 103 2254 ται
115 2193 171 2274 γὰρ
184 2203 240 2263 τοίς
251 2193 336 2276 ἔργοις
345 2197 558 2262 ἀκολουθοῦντες.

101 2283 241 2364 (Scripsi
258 2305 264 2342 :
281 2285 334 2343 “ot
356 2281 417 2344 τινθι
434 2278 544 2356 ἡδονὴν]
568 2282 659 2360 vulgo
674 2280 704 2342 οὔ
721 2306 780 2342 τινα
794 2282 855 2356 ἡδο·

59 2371 185 2453 viu-l

403 2569 480 2650 Κεφ.’
495 2571 530 2649 β’.

93 2741 124 2792 'ii
134 2745 182 2791 τοῦ
197 2737 300 2796 Εὐδόξου
309 2739 363 2804 περί
372 2740 456 2800 ἡδονῆς
463 2735 589 2803 ὑπόληψις,
601 2737 641 2787 καί
653 2738 792 2797 Πλάτωνος,

93 2814 136 2863 καί
150 2812 240 2875 ἑτέρων
253 2825 259 2838 ·
273 2813 313 2860 καί
326 2813 361 2861 ίτι
374 2813 410 2861 δτι
420 2814 506 2876 ἀγαθόν
516 2813 532 2870 ή
542 2811 628 2870 ἡδονή.
636 2813 677 2860 καί
687 2810 716 2860 οὐ
726 2815 795 2861 πᾶσα

94 2886 181 2950 αίρετὴ
192 2899 199 2912 ·
209 2884 251 2932 καί
262 2883 328 2940 λύσις
336 2889 384 2934 τῶν
400 2885 513 2934 ἐναντίων
526 2883 613 2946 λόγων.

103 3029 131 3056 **
146 3027 217 3107 Περὶ
232 3026 279 3104 μίν
300 3026 399 3088 τούτων
418 3029 488 3097 ἄλις·
501 3027 620 3106 λέγωμεν
635 3027 662 3087 δέ
676 3026 736 3108 περί
750 3027 853 3099 ἡδονῆς.

63 3118 119 3179 itai
133 3121 243 3198 πρῶτον
262 3115 426 3193 ἐκθησόμεθα
442 3116 487 3185 τὰς
501 3119 553 3176 τῶν
566 3119 687 3176 παλαιῶν
702 3115 762 3194 περί
775 3117 856 3190 αθτῆς

63 3205 148 3275 δόξας.
165 3203 202 3264 ‘0
210 3201 257 3280 μὲν
269 3193 314 3262 οόν
331 3203 442 3273 Εὔδοξος
453 3204 552 3264 αὐτότὸ
563 3204 674 3285 ἔσχατον
681 3204 778 3282 ἀγαθόν
790 3203 856 3286 ᾤετο

62 3295 111 3367 τὴν
124 3292 225 3366 ἡδονὴν
237 3283 313 3368 ε’ίναι,
324 3292 391 3354 διότι
405 3293 492 3353 πάντα
498 3293 568 3374 ἑώρα
583 3298 630 3365 τῆς
643 3294 738 3367 ἡδονῆς
753 3292 856 3373 ἐφιέμε·

63 3405 95 3440 να
104 3428 112 3459 ,
121 3381 170 3440 καί
181 3379 292 3460 λογικά,
304 3381 350 3441 καί
363 3383 445 3462 άλογα
456 3403 462 3419 ·
473 3374 503 3443 οδ
515 3383 543 3443 δὲ
552 3385 638 3444 πάντα
660 3385 770 3464 ἐφίεται,
779 3381 856 3441 τοῦτό

63 3471 121 3528 ἐστι
136 3471 169 3530 τό
184 3469 293 3529 πάντων
302 3469 429 3552 ίνπερίχον
445 3473 497 3530 τῶν
514 3475 633 3550 ἀγαθῶν·
645 3469 712 3554 ᾤετο
723 3468 774 3550 γάρ
788 3472 854 3550 άγα·

63 3557 107 3617 θδν
123 3559 173 3636 μὲν
188 3559 293 3638 ἑκάστῳ
310 3549 377 3618 εἶναι
394 3561 464 3627 ἰδίως
477 3559 491 3620 δ
505 3560 616 3628 ἕκαστος
630 3565 711 3634 ζητεῖ.
726 3563 855 3641 Καθάπερ

65 3648 111 3707 καί
139 3645 241 3727 τροφὴν
266 3645 398 3715 ἕκαστος’Ι
419 3649 506 3708 διώκει
525 3649 572 3721 τὴν
595 3653 667 3733 αὐτῷ
690 3651 791 3730 άγαθὴν
810 3651 855 3710 καί

63 3739 289 3808 λυσιτελῆ·πδσι
319 3735 346 3795 δέ
370 3741 461 3807 κοινῶς
487 3738 583 3815 ἀγαθὸν
610 3731 639 3798 οὗ
655 3740 743 3798 πάντα
764 3741 856 3806 κοινῶς

64 3827 200 3906 ἐφίενται,
216 3824 262 3884 καὶ
278 3823 392 3904 πορίζειν
410 3825 550 3906 βούλονται
564 3831 678 3896 ίαυτοῖς·
695 3825 749 3888 θδί
772 3825 854 3886 πᾶσίν

65 3918 136 3975 ἐστιν
153 3919 246 3984 ἅπλῶς
263 3915 375 3996 άγοθόν,
403 3917 448 3976 καί
463 3909 492 3980 οὗ
516 3917 604 3979 πάντα
633 3917 754 4000 ἐφίεται,
778 3921 855 3978 τοῦτο

64 3995 132 4063 εἶναι
159 4005 191 4064 τό
217 4005 330 4084 ἔσχατον
356 4005 469 4085 ἀγαθόν·
485 4011 570 4066 ταῦτα
597 4007 645 4086 μίν
669 3999 712 4066 οὖν
739 4005 853 4076 Εὔδοξος

65 4096 231 4170 ἀπεφαίνετο
244 4094 304 4175 περὶ
319 4099 366 4168 τῆς
379 4097 480 4168 ἡδονῆς.
495 4095 681 4157 Ἐπιστεόοντο
702 4095 728 4156 δὲ
745 4099 769 4155 οἱ
783 4097 855 4173 λόγοι

64 4181 109 4242 διὰ
127 4183 176 4254 τὴν
192 4185 219 4242 ἐν
234 4187 272 4262 τῷ
282 4184 340 4256 ἤθει
355 4190 400 4244 τοῦ
412 4185 531 4263 λέγοντος
547 4186 643 4266 άρετὴν
659 4187 775 4264 μᾶλλον,
789 4184 807 4258 ἡ
823 4188 847 4245 δι

64 4271 193 4338 ἑαυτούς·
214 4268 326 4352 σώφρων
340 4272 391 4352 γὰρ
406 4271 442 4331 ών
458 4275 650 4357 διαφερόντως,
672 4279 722 4358 οὐχ
733 4281 768 4344 ώς
782 4275 855 4358 φίλος

64 4364 112 4431 τῆς
127 4362 225 4430 ἡδονῆς
245 4359 329 4420 ἐδόκει
353 4366 439 4422 ταῦτα
466 4363 568 4444 λέγειν,
595 4365 664 4428 ἀλλά
694 4369 732 4448 τῷ
755 4365 855 4449 σφόδρα

64 4449 110 4516 τῆς
134 4445 261 4519 ἀληθείας
284 4449 439 4529 φροντίζειν.
456 4448 520 4514 Ἔτι
536 4451 563 4513 δέ
577 4456 623 4515 καί
639 4460 669 4516 ἐκ
679 4461 724 4515 τοῦ
737 4455 855 4515 ἐναντίου

65 4537 98 4612 τῇ
114 4535 197 4614 ἡδονῇ
215 4540 260 4609 τῆς
271 4537 356 4613 λόπης
367 4541 479 4623 φανερὸν
495 4541 561 4626 ᾤετο
584 4535 651 4604 εἶναι
664 4568 670 4582 ·
684 4542 732 4616 τὴν
746 4543 798 4626 γθιρ
812 4541 855 4604 λό-

66 4646 120 4693 πην
134 4625 225 4684 πάντα
236 4627 380 4708 φεύγοντα,
395 4629 442 4702 τὴν
459 4633 553 4705 ἡδονὴν
562 4633 679 4713 ἀνάγκην
693 4625 759 4694 εἶναι
768 4633 855 4692 πάντα

67 4711 180 4774 διώκειν·
192 4716 240 4778 bid
252 4717 340 4778 πάντα
349 4719 448 4796 διώκει,
460 4729 537 4783 τοῦτο
545 4714 612 4784 εἶναι
627 4725 657 4786 τὸ
669 4725 778 4804 άγαθόν.
790 4721 854 4785 Ἔτι

67 4801 113 4861 καί
126 4804 210 4873 οὕτως
225 4808 358 4892 ἐπεχείρει
380 4809 478 4890 λόγων·
505 4813 621 4892 μάλιστα
641 4812 744 4896 αἱρετόν
764 4803 855 4874 εἶναιθ

69 4891 101 4950 δι’
111 4896 190 4957 ἑαυτὸ
203 4900 305 4980 αίρετόν
321 4903 389 4976 ίστι,
407 4901 452 4961 καί
465 4900 479 4962 ό
493 4901 530 4980 μὴ
547 4904 580 4962 δι’
592 4904 699 4986 ἕτερον,
715 4905 782 4984 μηδὲ
796 4906 854 4964 ἐτέ-

71 5002 115 5058 ρου
128 4983 207 5064 χάριν
221 4987 383 5068 αίροόμεθα·
407 4995 522 5051 τοιοῦτον
540 4991 567 5051 δὲ
589 4997 706 5074 φανερῶς
723 4994 772 5065 rba
787 4993 852 5067 ἡδο·

1641 363 1700 421 543

914 530 972 580 ergo
994 519 1076 571 verbis
1096 519 1199 583 quidem
1216 519 1373 584 voluptatem
1391 517 1543 583 vituperant,
1561 519 1702 570 actionibus

914 610 999 657 autem
1019 608 1072 658 suis
1094 621 1150 658 eam
1168 609 1194 656 et
1217 603 1350 657 affectibus
1372 605 1556 667 commendant,
1577 609 1653 671 atque
1673 622 1703 658 oo

914 695 989 746 modo
1005 695 1053 748 eibi
1072 694 1254 757 contradicunt,
1270 693 1349 745 abiis
1369 693 1414 758 qui
1428 693 1535 744 audiunt
1550 707 1580 745 ea
1599 699 1643 745 aut
1663 695 1702 746 vi-

915 784 983 849 dent,
997 784 1111 836 ridentur
1125 805 1131 837 ι
1150 798 1231 850 noque
1243 783 1383 850 quidquam
1394 783 1551 836 multitudini
1571 784 1603 836 iis
1619 784 1703 837 verbis

914 877 1025 938 prosunt,
1039 888 1098 940 quae
1116 873 1191 925 rebus
1200 873 1261 939 ipsis
1272 872 1424 925 refutantur.

945 966 1008 1014 Nam
1025 964 1070 1030 qui
1084 965 1239 1030 uoluptatem
1254 963 1391 1028 vituperat,
1414 963 1551 1029 siquando
1568 978 1624 1015 earn
1643 978 1703 1015 rou-

913 1052 1040 1116 aupiaaere
1055 1053 1125 1104 νίεοε
1145 1056 1199 1116 est,
1221 1051 1339 1104 inebnare
1359 1052 1392 1104 ad
1405 1067 1460 1104 eam
1477 1053 1619 1120 bonumque
1633 1053 1702 1104 iilam

914 1141 1057 1195 existimare
1075 1141 1176 1193 ridetur
1197 1163 1203 1194 ε
1226 1133 1277 1208 (μία
1299 1142 1433 1207 persuadet
1456 1143 1629 1208 praesentibus,
1653 1159 1703 1193 non

913 1231 1039 1297 quandam
1062 1235 1161 1282 tantum
1175 1232 1330 1297 voluptatem
1354 1231 1444 1284 bonam
1466 1245 1528 1292 esse,
1543 1231 1586 1283 sed
1602 1233 1703 1282 omnino

913 1336 1012 1373 omnem
1024 1321 1184 1372 laudandam.
1194 1321 1302 1372 Delinire
1314 1321 1380 1374 enirn
1390 1320 1488 1386 aliquid
1500 1334 1530 1370 ae
1538 1319 1701 1384 distinguere,

913 1415 939 1462 et
954 1411 1018 1462 bane
1030 1410 1133 1476 quidem
1147 1410 1237 1462 bonam
1246 1403 1370 1475 iudicare,
1384 1409 1453 1460 illam
1468 1423 1529 1460 vero
1542 1409 1635 1459 malam
1648 1421 1702 1458 esse

913 1513 993 1564 posse,
1020 1513 1069 1550 non
1085 1501 1124 1550 est
1138 1499 1206 1563 vulgi
1224 1518 1230 1548 :
1254 1499 1299 1550 sed
1322 1499 1427 1550 simulac
1450 1499 1533 1550 virum
1553 1497 1702 1564 prudentem

913 1589 998 1655 aliqua
1009 1589 1138 1654 voluptate
1158 1587 1277 1639 delectari
1289 1588 1416 1650 viderunt,
1429 1602 1528 1640 omnem
1542 1588 1619 1638 etiarn
1633 1587 1703 1638 volu·

914 1681 1010 1744 ptatem
1024 1677 1115 1729 bonam
1131 1691 1184 1728 esse
1205 1681 1281 1742 atque
1299 1676 1463 1742 expetendam
1486 1679 1610 1738 statuunt,
1626 1679 1702 1740 atque

913 1768 948 1818 ita
960 1782 1009 1819 non
1021 1767 1096 1818 modo
1106 1781 1156 1818 non
1167 1767 1304 1832 probarunt
1315 1779 1373 1832 quae
1384 1765 1510 1828 volebant,
1521 1764 1566 1816 sed
1575 1763 1651 1818 etiam
1658 1779 1701 1816 re·

913 1858 1013 1908 ritatem
1029 1855 1104 1908 simul
1119 1859 1272 1907 everterunt.

943 1947 1013 1997 Unde
1035 1949 1112 2010 patet,
1130 1959 1203 1996 renos
1217 1959 1344 1996 sermones
1358 1959 1407 1996 non
1422 1943 1504 1995 solum
1526 1942 1559 1994 ad
1581 1942 1702 2008 cognitio·

912 2051 968 2086 nem
981 2035 1128 2086 utilissimos
1141 2047 1203 2094 esse,
1222 2036 1310 2099 utpote
1319 2035 1387 2085 omni
1401 2047 1485 2084 errore
1499 2046 1544 2084 noa
1557 2031 1700 2092 liberantes,

913 2125 1045 2176 sedetiam
1065 2124 1098 2174 ad
1108 2123 1186 2176 riiam
1200 2123 1317 2190 prodesse
1331 2143 1338 2188 ς
1351 2122 1488 2176 ereduntur
1498 2122 1573 2182 enim,
1587 2121 1647 2188 quia
1668 2119 1703 2172 ia·

913 2213 961 2265 etis
975 2215 1121 2279 congruunt.

1250 2600 1310 2664 Gap.
1329 2599 1362 2650 il.

912 2772 999 2816 Eudoxi
1016 2777 1040 2815 et
1054 2769 1156 2816 amnonis
1167 2771 1195 2816 de
1210 2771 1329 2826 voluptate
1344 2770 1433 2824 opinior
1447 2769 1501 2814 item
1512 2768 1611 2813 aliorum
1623 2783 1629 2812 ι
1642 2779 1699 2822 pre-

940 2849 1001 2885 terea
1013 2843 1099 2885 bonum
1109 2853 1159 2885 esse
1174 2844 1325 2896 voluptutem,
1336 2853 1410 2895 neque
1426 2851 1518 2884 omnem
1537 2847 1616 2885 tamen
1633 2853 1702 2896 expe·

939 2913 1032 2956 tendam
1044 2923 1094 2956 esso
1107 2927 1113 2955 ε
1127 2919 1175 2956 tum
1186 2912 1358 2956 contrariorum
1369 2917 1562 2966 argumentorum
1571 2911 1700 2956 dissolutio.

942 3059 974 3106 iit
985 3056 1017 3108 de
1027 3056 1068 3108 bia
1083 3057 1185 3122 quidem
1199 3057 1261 3107 satis
1272 3076 1279 3110 ι
1291 3057 1343 3122 jam
1362 3071 1422 3107 vero
1434 3056 1466 3107 de
1483 3056 1612 3122 voluptate
1631 3055 1699 3106 dica·

912 3148 975 3184 rnna
995 3135 1149 3200 deprimam
1163 3136 1266 3200 quidem
1280 3139 1395 3187 veterum
1409 3134 1441 3185 de
1461 3149 1490 3186 ea
1508 3135 1637 3199 opiniones
1655 3148 1702 3184 ex-

911 3229 1039 3278 ponemus.
1059 3216 1182 3266 Eudorus
1196 3217 1271 3280 igitur
1293 3216 1375 3280 ipsum
1396 3229 1523 3266 summum
1539 3214 1632 3265 bonum
1648 3227 1702 3264 esse

911 3294 1065 3357 voluptatem
1088 3295 1201 3358 putabat,
1226 3294 1286 3358 quia
1302 3294 1386 3344 omnia
1407 3294 1532 3354 animalia,
1554 3297 1580 3344 et
1607 3293 1703 3344 ratione

910 3373 1015 3438 praedita
1027 3377 1052 3423 ei
1062 3375 1165 3425 rationis
1176 3375 1296 3440 expertia,
1309 3389 1363 3426 eam
1376 3377 1491 3438 appetere
1503 3372 1600 3424 rideret
1614 3391 1620 3422 ε
1633 3371 1702 3438 (γοοδ

910 3467 970 3502 vern
991 3453 1022 3503 ab
1038 3453 1154 3504 omnibus
1174 3455 1309 3519 appetitur,
1334 3453 1360 3504 id
1377 3454 1489 3504 omnium
1515 3453 1637 3504 bonorum
1663 3455 1702 3503 est

910 3536 1051 3583 extremum
1067 3533 1259 3584 :arbitrabatur
1280 3533 1356 3596 enim,
1375 3533 1443 3596 quod
1458 3532 1506 3583 sibi
1522 3533 1629 3596 quisque
1643 3546 1700 3596 pro·

910 3610 963 3674 prie
976 3610 1076 3676 quaerit,
1107 3611 1133 3660 id
1149 3611 1171 3661 ei
1190 3611 1282 3661 bonum
1296 3623 1358 3660 esse.
1378 3610 1449 3661 Siout
1468 3608 1515 3658 sibi
1537 3609 1644 3673 quisque
1655 3608 1700 3658 bo·

910 3703 971 3740 num
992 3692 1018 3740 et
1038 3689 1197 3740 commodum
1221 3690 1304 3740 eibum
1321 3689 1435 3752 appetit:
1458 3688 1624 3738 communiter
1641 3701 1701 3738 vero

910 3766 1002 3818 bonum
1014 3767 1138 3827 omnibns,
1156 3767 1224 3832 quod
1237 3767 1270 3830 ab
1281 3767 1398 3817 omnibus
1407 3765 1503 3830 petitur
1513 3767 1538 3814 et
1551 3765 1619 3830 quod
1632 3779 1702 3815 eom-

909 3861 997 3912 parare
1007 3847 1054 3898 sibi
1064 3849 1151 3898 volum
1164 3865 1170 3898 ι
1181 3847 1249 3912 quod
1258 3861 1318 3896 vero
1328 3843 1598 3906 omnibussimpiieiter
1607 3844 1700 3894 bonnm

909 3929 948 3977 est
958 3962 966 3987 ,
978 3928 1004 3976 et
1021 3924 1089 3990 quod
1110 3925 1194 3974 omnia
1211 3924 1365 3980 desiderant,
1381 3921 1406 3971 id
1420 3921 1543 3971 bonorum
1558 3924 1700 3972 extremum

909 4020 983 4056 esse:
1001 4009 1027 4056 et
1044 4005 1098 4054 baec
1119 4003 1222 4069 quidem
1242 4005 1362 4056 Eudoxus
1386 4005 1418 4056 de
1439 4004 1570 4070 voluptate
1590 4019 1701 4070 pmnun·

910 4085 997 4136 tiabat
1012 4083 1098 4134 Fidem
1116 4097 1176 4134 vero
1199 4083 1305 4136 iaciebat
1323 4086 1378 4136 haee
1399 4087 1479 4136 oratio
1499 4089 1601 4151 propter
1618 4085 1701 4136 dicen.

848 4188 855 4210 ι
910 4167 951 4227 tis,
966 4165 1012 4214 viri
1025 4163 1087 4215 bene
1103 4163 1202 4222 morati,
1218 4165 1340 4218 virtutem
1354 4169 1441 4233 magis,
1455 4181 1531 4234 quam
1544 4173 1645 4235 propter
1660 4183 1697 4222 sa:

909 4259 988 4310 quum
1005 4243 1070 4294 eninr
1084 4256 1181 4292 summa
1195 4241 1249 4306 ejus
1261 4243 1287 4295 in
1303 4247 1371 4297 rictu
1384 4248 1549 4312 temperantia
1561 4251 1636 4309 esset,
1651 4263 1700 4299 non

909 4331 939 4379 ut
955 4327 1094 4392 voluptatis
1109 4326 1205 4376 amicus
1219 4325 1302 4380 dicere
1325 4331 1379 4382 boee
1401 4331 1547 4396 putabatur,
1564 4333 1608 4383 sed
1631 4332 1700 4396 quod

910 4411 963 4461 reri
980 4410 1065 4461 studio
1080 4409 1241 4460 vehementer
1266 4409 1374 4464 arderet.
1399 4413 1465 4471 Quin
1487 4413 1593 4464 etiame
1615 4412 1700 4463 dolore

910 4494 1032 4559 voluptati
1053 4493 1179 4544 eontrario
1201 4492 1227 4543 id
1244 4495 1403 4560 perspicuum
1426 4511 1480 4548 esse
1501 4495 1698 4548 arbitrabatur:

909 4592 988 4643 quum
1000 4576 1066 4628 enim
1078 4577 1162 4627 omnia
1172 4576 1282 4629 dolorem
1295 4577 1400 4643 fugiant,
1414 4591 1514 4631 necesse
1523 4591 1624 4644 quoque
1636 4591 1698 4638 esse.

909 4665 938 4714 ut
960 4663 1115 4728 voluptatem
1131 4663 1214 4713 omnia
1239 4667 1414 4716 consectentur
1432 4663 1520 4730 :quod
1541 4678 1602 4714 vero
1615 4663 1699 4714 omnia

909 4749 1090 4809 consectentur,
1105 4745 1130 4798 id
1141 4747 1233 4797 bonum
1243 4761 1305 4798 esse.
1318 4747 1367 4800 Sed
1380 4751 1406 4799 et
1417 4748 1465 4799 boc
1482 4746 1557 4798 modo
1572 4760 1700 4811 argumen-

909 4831 958 4883 tari
972 4830 1108 4882 conabatur
1126 4849 1131 4880 ι
1150 4831 1176 4882 id
1190 4831 1299 4883 maxime
1313 4831 1480 4897 expetendum
1497 4844 1561 4888 esse,
1575 4829 1643 4895 quod
1656 4843 1700 4893 per

909 4929 936 4966 se
954 4913 1121 4979 expetendum
1137 4917 1184 4974 oet,
1202 4914 1321 4979 quodque
1334 4929 1384 4964 non
1397 4915 1429 4965 ob
1443 4913 1521 4972 aliud,
1535 4927 1615 4977 neque
1635 4912 1699 4962 alius

909 4998 944 5050 rei
964 4997 1044 5063 gratia
1058 4998 1198 5062 expetimus
1214 5016 1220 5047 ι
1237 4998 1313 5050 talem
1329 5001 1414 5048 autem
1428 4995 1558 5063 perspicue
1577 5009 1632 5047 esse
1652 5009 1697 5045 νο-

101 5187 114 5210 *
135 5185 260 5241 Ἐοίκασιν
272 5191 313 5242 οὖν
324 5195 348 5243 σί
366 5193 464 5254 ἀληθεῖς
477 5197 529 5248 κτλ.
548 5221 575 5232 ·-·
589 5197 619 5228 *θ
634 5197 694 5262 Gap.
710 5202 733 5249 2.
749 5197 852 5257 adnoto<
864 5197 907 5264 νόν
919 5196 962 5248 οὖν
973 5197 1017 5256 τόν
1035 5196 1125 5256 ἡδονὴν
1142 5198 1194 5246 ari.
