3976 5948
718 440 768 502 DE
789 439 996 504 cataroae:
1018 440 1255 504 arinulam.
1723 450 1782 510 θθθ

168 579 203 636 tis
226 577 385 636 refutantur
408 577 458 652 qui
479 576 645 634 Crantorem
669 589 782 634 censent
805 579 908 653 pedem
936 597 952 633 a
999 578 1165 634 Crantorcm
1195 597 1249 633 nsu
1263 576 1390 636 doctum
1425 579 1561 654 perdatim
1593 581 1629 637 ad
1660 584 1782 640 aliorum

168 669 285 724 Platone
298 685 446 740 nunquam
463 665 629 724 discessisse.
653 671 690 722 At
705 667 741 722 de
759 667 864 740 reipsa
879 667 952 722 infra
999 667 1133 742 dogmata
1148 668 1312 739 inclinasse,
1339 669 1409 742 quia
1434 668 1543 726 doloris
1562 689 1673 726 sensum
1696 675 1782 730 vitari

167 759 220 814 erit
243 753 409 831 disputandi
434 757 523 812 locus.
543 755 627 811 Haud
641 757 701 812 scio
720 775 756 811 an
774 755 862 811 futuri
885 758 953 828 sint,
998 775 1055 812 non
1071 774 1155 831 posse
1170 757 1349 832 intelligeret.
1366 759 1469 832 ltaque
1481 768 1513 813 ut
1525 759 1693 833 Dionysium
1707 762 1783 817 Stoi·

169 847 219 920 qui
243 854 362 920 putent,
394 841 564 898 Creatorem
593 843 624 897 in
648 844 764 917 Epicuri
785 844 952 920 sententiam
973 869 977 877 ·
998 864 1062 900 curn
1086 845 1182 917 ajunt,
1199 863 1339 920 quumex
1360 848 1477 902 renibus
1498 846 1735 922 laboraret,ipso
1753 850 1782 903 in

168 936 324 1004 transiisse,
338 932 493 1008 praesertim
510 949 599 1004 quum
612 931 723 1008 eodem
742 933 800 989 fere
825 943 954 1007 tempore
973 883 977 995 ί
1001 934 1108 1006 ejulatu
1124 935 1279 990 clamitasse
1292 933 1360 990 falsa
1372 953 1431 991 esse
1443 935 1493 990 illa
1505 954 1568 1009 quae
1584 947 1668 991 antea
1683 935 1718 992 de
1733 936 1784 993 do·

172 1024 349 1098 voluptarius
371 1020 559 1095 philosophus
585 1020 689 1076 sitienti
718 1019 860 1092 juventuti
891 1019 954 1094 plri-
999 1023 1061 1077 lorc
1084 1022 1144 1095 ipse
1162 1023 1293 1078 sensisset
1318 1020 1452 1098 (29),ita
1467 1023 1635 1080 Crantorem
1657 1024 1782 1080 arbitror

172 1113 309 1187 losoplriae
338 1109 429 1164 fontes
452 1108 594 1183 aperuisse
621 1108 759 1166 videatur.
788 1107 844 1164 Sed
876 1125 953 1180 quo·
999 1112 1129 1184 corporis
1143 1111 1243 1166 dolore
1262 1112 1419 1167 cruciatum
1435 1122 1620 1183 retractasse,
1635 1133 1698 1188 quae
1714 1115 1782 1169 olim

171 1204 248 1258 niam
263 1201 318 1256 alia
332 1198 497 1271 voluptariae
514 1195 667 1270 disciplinae
681 1197 797 1270 vestigia
815 1197 844 1252 in
864 1195 953 1251 Gran·
999 1199 1035 1255 de
1046 1200 1202 1256 indolentia
1216 1199 1386 1259 tradidisset.
1403 1201 1447 1258 Sic
1458 1203 1661 1276 experientiam
1679 1187 1782 1260 ducem

171 1291 242 1348 toris
278 1279 468 1362 fragminibus
484 1301 554 1339 'non
589 1294 713 1352 exstant,
747 1284 891 1340 diversum
918 1283 953 1339 ab
998 1300 1108 1345 secutus
1128 1289 1262 1359 Crantor,
1280 1289 1364 1344 simul
1384 1291 1484 1364 quanti
1506 1291 1606 1347 fecerit
1627 1310 1692 1346 cum
1711 1293 1783 1348 alios

173 1378 286 1454 Epicuri
301 1377 412 1432 ratione
423 1374 566 1448 sapientiae
581 1391 669 1448 genus
685 1373 769 1429 nobis
783 1373 953 1447 circumspi·
998 1390 1112 1452 poetas,
1125 1390 1185 1434 turn
1199 1381 1357 1433 Homerum
1370 1389 1455 1452 atque
1466 1380 1642 1454 Euripidem,
1652 1381 1783 1436 humanae

175 1467 306 1527 ciendum
328 1475 379 1521 est.
403 1462 538 1520 Videatur
555 1460 672 1519 forsitan
690 1463 854 1518 Aristoteles
874 1461 952 1536 (ιθ),
999 1469 1062 1522 vitae
1076 1465 1242 1543 magistros,
1260 1467 1424 1524 declaravit.
1441 1468 1553 1539 Quibus
1566 1469 1666 1526 Cicero
1677 1511 1686 1543 ,
1698 1468 1784 1523 indo-

176 1557 226 1630 qui
250 1566 317 1610 tunc
338 1553 463 1608 scholam
487 1567 566 1606 suam
588 1551 624 1606 ab
650 1549 803 1607 Academia
826 1551 954 1606 nondum
1000 1555 1092 1612 lentiae
1120 1558 1151 1612 in
1177 1557 1343 1611 Tusculanis
1368 1557 1610 1629 disputationibus
1637 1556 1781 1624 defensor,

175 1646 259 1719 plane
273 1641 462 1715 disjunxerat,
478 1639 515 1696 ad
528 1657 608 1696 suant
622 1641 788 1696 sententiam
799 1639 955 1695 traduxisse
999 1657 1151 1721 propterea
1161 1655 1305 1701 succenset
1314 1645 1392 1719 quod
1403 1646 1553 1700 hominum
1563 1647 1672 1700 animos
1684 1645 1782 1701 fortis-

177 1735 341 1790 Crantorem
364 1749 371 1786 ι
389 1729 615 1786 mediocritatem
632 1739 708 1785 certe
724 1747 809 1803 quam
830 1728 956 1784 celebrat
998 1737 1133 1790 simorum
1146 1736 1277 1790 virorum
1295 1733 1426 1791 lamentis
1440 1733 1575 1790 molliant
1591 1730 1662 1812 (30).

174 1819 552 1888 Aristoteles,Crantornon
566 1816 665 1888 rejecit
681 1816 754 1892 (ιθ).
770 1816 831 1873 lluc
846 1815 956 1872 accedit
1039 1824 1191 1896 perspecta
1213 1822 1301 1896 igitur
1325 1821 1433 1878 doloris
1454 1822 1483 1878 vi
1505 1840 1538 1878 ac
1563 1833 1682 1892 natura,
1705 1822 1785 1894 cnjus

174 1910 317 1966 Ciceronis
332 1908 499 1974 auctoritas,
514 1907 564 1978 qui
578 1923 651 1978 saepe
664 1903 699 1960 de
712 1903 863 1960 indiscreta
882 1903 953 1986 doc·
999 1929 1114 1968 sensum
1134 1909 1328 1966 inevitabilem
1348 1929 1405 1966 esse
1420 1909 1550 1980 videbat,
1562 1912 1682 1968 Crantor
1696 1914 1783 1968 vitam

174 1997 254 2053 trinae
269 2006 397 2051 veterum
413 1994 647 2051 Academicorum
658 2003 686 2047 et
698 1990 954 2067 Peripateticorum
998 2003 1148 2057 humanam
1174 2011 1308 2074 errrqrrrrn
1335 2001 1414 2055 matis
1442 2000 1556 2076 pteram
1581 2002 1715 2076 supplicii
1738 2002 1784 2055 in.

172 2082 356 2140 similitudine
376 2079 516 2156 iOqUiiur·
532 2081 645 2155 Quippe
667 2080 703 2136 (Ῑθ
726 2091 799 2138 orat·
821 2081 874 2148 ῙῙῙι
894 2082 952 2138 18:
999 2101 1056 2145 star
1069 2087 1125 2168 (31)
1142 2084 1247 2143 babere
1266 2088 1372 2146 statuit.
1393 2087 1502 2144 Similia
1521 2087 1656 2162 quidem,
1672 2087 1721 2144 sed
1737 2089 1784 2143 di-

173 2174 245 2229 Nttm
263 2172 447 2246 Speusippus,
462 2171 572 2244 inquii,
587 2169 827 2224 9¹³10ssi⁵⁵⁰f0ri⁵
841 2167 914 2224 filius
928 2181 957 2225 el
999 2196 1079 2233 versa
1093 2188 1186 2232 tamen
1195 2175 1305 2251 profert
1321 2176 1400 2231 Plato
1419 2175 1688 2250 (asportantium
1704 2177 1785 2232 Plato

173 2264 363 2327 xenocrates,
375 2260 425 2333 qui
438 2260 583 2314 Platonem
598 2257 741 2334 audierat,
754 2269 781 2314 et
793 2260 842 2333 qui
856 2260 954 2316 Xeno·
1000 2267 1056 2321 hoc
1073 2276 1183 2320 tantum
1197 2275 1342 2338 queratur,
1358 2264 1438 2338 quod
1459 2265 1570 2318 animus
1582 2263 1668 2319 rebus
1684 2263 1786 2321 divinis

175 2362 296 2416 cratem,
313 2349 429 2404 P⁰l⁸¹¹¹⁰
451 2348 624 2416 eicfssnlffl'r
648 2347 770 2402 nihilab
792 2347 955 2415 Aristotele,
1000 2355 1123 2408 intentus
1148 2351 1593 2426 nonnunquamcupiditatibus,
1623 2351 1784 2422 doloribus,
1860 2401 1862 2406 .

175 2441 224 2514 qni
237 2437 793 2509 unaaudieratPlatonem,magnopere
808 2434 953 2504 dissensit,
1000 2439 1195 2514 voluptatibus
1217 2440 1403 2514 perturbetur
1422 2457 1429 2494 ς
1446 2440 1568 2495 crantor
1591 2440 1619 2492 in
1642 2457 1677 2494 eo
1697 2441 1785 2496 mise-

173 2526 258 2600 copia
272 2524 387 2580 fortasse
402 2535 431 2580 et
442 2522 580 2580 varietate
601 2522 716 2578 dicendi
731 2540 812 2596 pares
825 2541 885 2576 non
897 2521 956 2577 sue·
1001 2528 1071 2582 riam
1094 2527 1246 2582 humanam
1266 2528 1362 2601 ponit,
1382 2525 1461 2599 quod
1475 2527 1534 2580 vita
1548 2525 1672 2599 morbis,
1689 2528 1784 2584 ruole-

174 2615 347 2672 runt.1dcm
367 2612 400 2668 de
421 2614 484 2670 rin.
501 2614 539 2679 Il,
559 2631 589 2666 ιι
608 2610 756 2667 Polemoni
778 2621 806 2666 et
818 2611 876 2683 jam
892 2621 956 2668 ante
1002 2617 1075 2686 stiis,
1090 2616 1223 2671 aerumnis
1237 2615 1362 2670 obnoxia
1385 2616 1437 2687 sit,
1457 2633 1520 2688 quae
1535 2614 1629 2669 urania
1645 2631 1680 2669 ex
1702 2633 1785 2669 conr-

175 2704 317 2760 Aristoteli
331 2720 363 2758 ea
377 2703 470 2776 prima
483 2703 543 2757 visa
557 2710 621 2756 sunt
636 2718 698 2774 quae
708 2700 794 2776 paulo
807 2711 873 2756 ante
886 2701 954 2758 dixi.
1001 2708 1080 2760 muni
1097 2704 1223 2780 quodam
1237 2704 1316 2760 fonte
1331 2692 1486 2780 profluant.
1501 2702 1587 2774 Quid.
1618 2703 1699 2776 quod
1716 2704 1783 2762 binc

175 2794 251 2867 Ergo
271 2802 336 2847 nata
356 2801 396 2847 est
419 2791 700 2846 sententiaveterum
722 2788 957 2845 Academicorum
1002 2795 1086 2850 etiam
1106 2793 1192 2848 animi
1218 2804 1246 2848 et
1268 2795 1399 2867 corporis
1431 2791 1644 2846 deformitatem
1671 2809 1787 2847 manare

175 2893 203 2937 et
223 2882 492 2956 Peripateticorum,
515 2891 547 2935 ut
569 2879 653 2936 finem
668 2881 812 2934 bonorum
831 2880 959 2937 dicerent
1003 2880 1095 2936 credit
1109 2890 1194 2954 atque
1207 2879 1279 2936 adeo
1293 2880 1366 2936 hanc
1382 2881 1473 2953 ipsam
1487 2879 1586 2933 mortis
1604 2895 1716 2934 causant
1734 2879 1787 2937 du·

176 2971 334 3026 seeundum
351 2979 483 3024 naturam
499 2969 608 3036 vivere,
625 2967 656 3022 id
681 2978 737 3036 est,
752 2968 858 3024 virtute
880 2968 959 3024 adhi·
1004 2969 1060 3038 cit,
1077 2987 1171 3042 neque
1189 2967 1347 3042 quidquam
1371 2985 1427 3024 esse
1451 2966 1532 3042 quod
1553 2967 1787 3023 omninosanurn

176 3061 235 3114 bita
254 3059 309 3114 frui
324 3059 423 3134 primis
446 3075 462 3112 a
486 3065 586 3112 natura
601 3055 683 3113 datis.
700 3055 783 3112 Conf.
801 3053 848 3113 lV.
872 3057 905 3124 6;
923 3059 956 3126 V,
1003 3059 1039 3112 sit
1053 3057 1108 3112 sibi
1123 3059 1271 3132 persuasit.
1289 3058 1396 3113 Deinde
1415 3075 1504 3131 quum
1522 3057 1643 3112 Crantor
1661 3067 1710 3112 aut
1733 3076 1787 3113 na·

177 3146 207 3208 5:
224 3149 303 3205 Tusc.
319 3149 352 3214 V,
369 3146 404 3202 ιθ
420 3156 449 3200 et
462 3143 511 3222 θι.
525 3143 631 3200 Verum
651 3162 682 3198 re
698 3143 849 3219 diligenter
864 3147 955 3200 consi·
1004 3157 1069 3201 tura
1084 3147 1124 3200 ita
1138 3157 1335 3220 comparatum
1351 3163 1410 3200 esse
1430 3144 1551 3214 dixerit,
1568 3155 1600 3198 ut
1616 3143 1745 3199 homines
1760 3146 1789 3200 in

176 3236 273 3292 derata
285 3234 448 3303 fatebimur,
465 3233 632 3290 Crantorem
645 3249 698 3286 suo
710 3233 800 3289 Marte
813 3233 842 3287 in
856 3231 956 3308 pltilo-
1004 3236 1123 3289 miseriis
1145 3244 1303 3307 versentur,
1326 3243 1375 3290 aut
1398 3235 1525 3306 ipsorum
1550 3232 1635 3307 culpa
1659 3231 1690 3286 id
1709 3233 1787 3288 acai-

174 3325 280 3398 soplriae
303 3323 452 3398 praeceptis
481 3320 591 3394 aliquid
621 3339 751 3378 novasse.
778 3322 845 3377 Fuit
869 3323 958 3390 enim,
1006 3321 1078 3376 disse
1095 3318 1155 3398 (33)
1174 3340 1181 3380 ε
1199 3319 1280 3377 Plato
1305 3321 1449 3396 quidquid
1467 3320 1602 3376 acerbum
1615 3321 1644 3374 in
1659 3321 1717 3376 vita
1728 3320 1787 3376 lru-

176 3421 313 3483 quantum
329 3411 417 3466 animi
428 3409 485 3464 mei
503 3407 666 3480 conjectura
679 3407 813 3481 colligere
825 3425 959 3480 possum,
1003 3428 1088 3464 mana
1110 3421 1166 3478 est,
1182 3409 1218 3465 ad
1240 3411 1350 3484 generis
1373 3409 1463 3464 nostri
1485 3419 1615 3464 auctores
1640 3407 1790 3462 inferiores

176 3501 278 3572 saepius
292 3498 402 3555 infirma
422 3510 509 3573 atque
524 3514 598 3573 aegra
620 3497 796 3566 valetudine,
819 3517 909 3570 quam
931 3509 959 3554 et
1005 3497 1074 3552 deos
1094 3498 1182 3553 refert
1207 3497 1280 3572 (34).
1305 3499 1486 3573 Quamquam
1503 3509 1599 3552 autem
1627 3497 1686 3551 lraec
1710 3497 1791 3551 aliter

177 3588 274 3643 morbi
297 3605 394 3659 causa,
419 3598 452 3642 ut
478 3604 563 3660 supra
586 3584 723 3656 vidimus,
744 3586 775 3638 in
804 3587 960 3660 AEsculapii
1005 3595 1091 3659 atque
1113 3604 1129 3640 a
1151 3585 1324 3660 philosopho
1346 3599 1511 3654 narrantur,
1538 3586 1705 3659 accipienda
1732 3603 1789 3642 csse

179 3675 315 3751 templum
340 3674 507 3732 concessisse
523 3675 620 3748 ibique
635 3672 812 3748 aliquamdiu
827 3692 956 3728 commo·
1004 3673 1112 3747 liquet,
1133 3674 1313 3750 exploratum
1339 3684 1434 3729 tamen
1459 3673 1613 3740 habemus,
1641 3673 1789 3727 Platonem

176 3776 256 3819 ratus
275 3783 333 3820 esse
354 3777 381 3820 ct
393 3762 651 3837 juvenislrydrope
665 3762 782 3818 affectus
796 3781 960 3837 supremum
1005 3763 1228 3838 haudquaquam
1243 3762 1408 3818 hominibus
1420 3781 1520 3818 corum
1535 3761 1639 3835 quibus
1654 3778 1789 3834 premun-

177 3853 252 3908 dicm
284 3854 386 3908 obiisse
414 3861 546 3906 narretur
568 3847 640 3926 (ιη).
667 3851 767 3925 Neque
791 3850 961 3926 negligenda
1006 3861 1052 3905 tur
1068 3852 1334 3925 malorumculpam
1350 3849 1518 3905 attribuisse.
1534 3849 1791 3922 ltaquenelapsus

177 3942 259 3998 nobis
273 3953 338 3998 sunt
356 3944 441 4016 ipsius
454 3941 541 3996 verba
553 3938 624 4014 (κθ),
637 3958 652 3995 e
667 3940 773 4014 quibus
785 3957 882 4014 cogas,
895 3958 960 3994 eum
1007 3939 1124 4015 quidem
1140 3941 1256 4010 animae,
1273 3957 1359 4013 quem
1380 3937 1489 3995 Phedr.
1511 3957 1541 4013 p.
1567 3935 1625 4003 alrd
1641 3936 1790 4005 describit,

179 4031 271 4086 morbi
281 4041 410 4088 naturam
421 4030 563 4104 cognitam
572 4029 714 4086 habuisse.
726 4029 820 4100 Quare
833 4029 960 4106 existimo
1008 4027 1044 4084 ad
1057 4029 1186 4084 humanae
1199 4039 1306 4084 naturae
1324 4028 1505 4083 vitiositatem
1520 4025 1675 4082 trahendus
1686 4037 1737 4084 est.

179 4173 239 4184 ——0
450 4173 857 4182 ...ι-*-
883 4172 901 4184 ι’
922 4169 1789 4184 —n-—n———n-r-——u—-ffl--n——a

209 4247 259 4310 (25)
275 4249 311 4298 Cf.
326 4247 435 4311 inprimis
455 4246 498 4298 lib.
513 4246 544 4296 de
556 4246 675 4296 moribus
689 4247 719 4296 ad
734 4245 828 4296 Niuom.
845 4248 880 4306 ll,
897 4253 921 4297 6.
937 4250 960 4296 7.
1008 4246 1099 4296 ἅπαντα
1114 4249 1137 4297 ἐν
1151 4253 1216 4310 αὐτῷ
1229 4248 1298 4304 θνητὰ
1311 4247 1416 4297 ιἰθοίνοιιοί
1427 4264 1461 4298 τε.
1478 4247 1522 4295 Ιίκί
1533 4251 1580 4296 uir
1591 4245 1632 4309 μὲν
1644 4245 1711 4295 θείων
1722 4246 1791 4300 αὐτὸς

170 4323 210 4355 ’-
221 4317 273 4382 (26)
290 4317 345 4368 Vid.
364 4319 451 4380 fragm.
474 4323 497 4368 8.
516 4344 547 4353 -
561 4315 613 4381 (27)
629 4317 698 4380 Diog.
715 4319 796 4366 Lauri.
820 4317 861 4376 lV,
878 4320 906 4366 27
920 4319 962 4366 καί
1008 4323 1112 4379 γίγνεται
1123 4317 1339 4380 θημιονςιγθς,τῶν
1349 4317 1373 4366 di
1391 4318 1479 4374 θνητῶν
1496 4317 1538 4372 τὴν
1548 4315 1638 4377 γένεσιν
1647 4320 1695 4372 τοῖς
1709 4316 1793 4364 ἑαυτοῦ

178 4389 322 4452 κατέστρεψε
328 4389 373 4452 πρὸ
380 4383 525 4450 Πολέμωνος
537 4389 577 4437 καί
588 4389 720 4452 Κράτητος,
732 4389 850 4449 bipartiti]
860 4388 962 4437 διαθέσει
1008 4389 1136 4450 γεννημασι
1147 4389 1294 4452 δημιουργεῖν
1304 4389 1453 4450 προσέταξεν.
1469 4389 1499 4435 Οἱ
1513 4387 1537 4435 θὲ
1549 4387 1703 4449 μιμούμενοι,
1715 4403 1791 4449 παρσ-

179 4460 291 4517 νοσήσος.
305 4459 398 4524 -’(28)
411 4458 466 4508 vid.
481 4457 572 4522 fragm.
589 4462 625 4508 13.
638 4485 670 4495 -
680 4459 731 4520 (29)
743 4457 830 4507 Cicero
843 4459 917 4506 Tusc.
931 4458 962 4516 ll,
1008 4461 1118 4517 θαθόντες
1128 4461 1204 4524 ἀρχὴν
1213 4462 1290 4523 ψυχῆς
1302 4460 1430 4514 ἀθάνατον,
1441 4457 1467 4506 τὸ
1477 4456 1535 4519 μετὰ
1546 4461 1615 4520 τοῦτο
1624 4454 1707 4512 atrata
1721 4460 1794 4516 σῶμα

180 4535 220 4580 ²5·
235 4555 266 4567 ·-
352 4531 359 4544 ’
1008 4532 1067 4596 air]
1080 4531 1272 4595 περιειθρνινσσν
1283 4530 1364 4592 bynu-d
1374 4547 1400 4578 aa
1413 4534 1460 4578 ιιᾶν
1476 4528 1504 4576 τὸ
1520 4531 1591 4588 σῶμα
1605 4525 1795 4574 torreretur·

211 4599 262 4662 (30)
273 4598 358 4650 Cicero
367 4599 465 4650 Tuscul.
479 4598 520 4650 lib.
529 4601 562 4658 ll,
576 4613 629 4662 cap.
645 4601 680 4648 ff.
695 4628 720 4640 -
739 4597 863 4660 (3llVide
876 4599 961 4662 fragm.
1010 4603 1068 4656 εἶδος
1086 4603 1109 4651 ίν
1126 4602 1190 4663 αὐτῷ
1202 4604 1279 4666 ψυχῆς
1297 4599 1497 4663 προσῳκοδόμονν
1510 4597 1537 4646 τὸ
1561 4595 1657 4654 θνητόν.
1675 4595 1739 4644 datr&
1753 4595 1795 4643 καὶ

181 4671 231 4719 def
244 4675 280 4718 ίθ.
294 4697 326 4706 -
340 4672 390 4732 (32)
405 4671 474 4720 Plato
488 4671 575 4721 Pbaed.
588 4683 643 4733 pag.
660 4674 700 4719 66.
715 4671 742 4719 Β.
758 4669 843 4718 οὐκοῦν
854 4668 963 4732 ἀνάγκη,
984 4637 988 4724 ί
1009 4674 1126 4728 ὰνοιγκοιίοι
1137 4673 1161 4722 fr
1172 4674 1251 4734 laureis
1263 4674 1391 4733 παθήματα
1404 4671 1474 4733 ἔχον,
1486 4673 1579 4730 πρῶτον
1591 4667 1632 4729 μὲν
1642 4665 1741 4723 ἡδονήν,
1755 4665 1794 4725 με’·

181 4741 240 4804 ἔφη,
251 4742 277 4789 la
294 4739 388 4790 πάντων
400 4742 489 4791 τούτων
502 4741 661 4806 παρίστασθαι
672 4741 740 4796 δόξαν
755 4740 845 4789 τοιάνδε
854 4740 905 4788 τινὰ
916 4743 964 4794 ἰοῖς
1009 4761 1089 4805 γωων
1103 4748 1176 4792 κακοῦ
1187 4744 1276 4806 δέλεαρ,
1286 4743 1367 4790 ἔπειτα
1381 4741 1468 4797 λύπας,
1483 4738 1576 4798 ἀγαθῶν
1586 4735 1670 4796 φυγάς,
1683 4735 1717 4783 ἔτι
1730 4733 1751 4782 δ’
1760 4733 1791 4782 αθ

180 4813 283 4868 γνησίως
293 4811 441 4872 φιλοσόφοις,
453 4811 514 4859 ὥστε
524 4811 565 4860 καὶ
573 4810 629 4872 πρὸς
637 4810 750 4866 ἀλλήλους
763 4808 851 4858 τοιοῦτ’
861 4809 921 4858 ἄστει
931 4809 965 4856 lr‘·
1010 4813 1091 4877 θάῥρος
1103 4814 1143 4861 καὶ
1158 4810 1242 4875 μόθον,
1252 4811 1335 4874 ἄφρονε
1346 4807 1482 4869 ξνμθοιίλω,
1493 4807 1566 4866 θυμθν
1577 4805 1600 4853 δὲ
1610 4801 1794 4864 ὃνσπσραμύθη.

180 4897 243 4940 γειν,
262 4881 298 4930 ὅτι
312 4883 445 4931 Κινθννιύει
465 4897 502 4930 τοι
522 4881 605 4945 ὥσπερ
619 4879 722 4942 ἀτραπός
735 4896 768 4935 τις
785 4880 885 4943 ἐκφέρειν
903 4881 965 4942 ἡμᾶς
1009 4899 1063 4944 τον,
1073 4883 1156 4932 ἐλπίδα
1170 4881 1191 4930 δ’
1205 4883 1374 4946 ςύπιιράγωγσν
1395 4879 1505 4936 αἰσθήσει
1522 4893 1547 4925 τι
1559 4874 1638 4936 ἀλόγῳ
1655 4875 1696 4922 κοί
1708 4873 1796 4935 ἐπιχει-

180 4953 240 5012 μειὰ
253 4953 379 5013 τοῦλόγου
392 4953 455 5015 trra
477 4953 574 5014 σκέψει,
585 4951 634 5012 ὅτι,
645 4951 689 5007 ἕως
704 4952 732 4998 ἂν
747 4955 774 4999 ιθ
787 4955 857 5012 σῶμα
872 4949 965 5014 ἔχωμεν
1009 4959 1067 5018 ρητῇ
1087 4955 1173 5008 παντὸς
1194 4953 1276 5016 ίρωτι·
1290 4948 1488 5012 ίυγκεμοσάμενοί
1504 4945 1525 4994 τ’
1544 4945 1604 4994 αὐτὰ
1619 4943 1752 5003 ἀναγκαίως
1766 4946 1794 4994 ιθ

179 5033 220 5071 καί
231 5023 408 5087 θνμπεφυρμίνη
419 5021 434 5084 ᾖ
444 5025 512 5084 ἡμῶν
524 5027 539 5081 ἡ
554 5023 621 5085 ψυχὴ
637 5022 696 5082 μετὰ
705 5025 747 5069 τοῦ
756 5021 864 5070 τοιοῦτον
875 5027 965 5082 κακοῦ,
1009 5025 1091 5080 θνητὸν
1101 5025 1166 5085 γένος
1178 5023 1309 5078 ξυνέθεσοιν.
1321 5021 1367 5069 Καὶ
1378 5019 1418 5068 διὰ
1428 5022 1503 5065 τοῦτο
1515 5015 1545 5073 δὴ
1558 5013 1681 5073 σεθὸμενοι
1695 5013 1794 5072 μιαίνειν

180 5093 208 5140 0¹3
225 5093 258 5154 titi
276 5108 333 5142 ¹1⁰ss
351 5094 495 5155 θ’·ηεώμῑθα
514 5095 600 5148 ἱκανῶς
617 5091 645 5140 οὗ
661 5091 828 5158 ἐπιθυμοῦμεν·
846 5093 921 5156 σομὲν
940 5094 964 5142 δὲ
1008 5095 1036 5142 σθ
1051 5093 1155 5153 θεῖον,ὅ
1173 5093 1239 5154 τιμὴ
1254 5096 1323 5140 πᾶσα
1337 5091 1366 5150 ’ν’,ν
1379 5087 1483 5148 ἀνάγκη,
1499 5085 1570 5148 χωρὶς
1583 5083 1672 5133 ἐκείνου
1684 5084 1793 5132 κατοικί-

180 5171 252 5212 τοῡτο
263 5163 323 5212 eluar
332 5163 359 5214 τὸ
371 5163 500 5220 ἁληθὲὲι-
514 5163 564 5224 (38)
575 5160 638 5209 Vide
650 5161 736 5224 fragm.
751 5165 774 5210 a.
785 5188 816 5198 —
829 5161 880 5227 (34)
897 5163 966 5214 Pittto
1009 5169 1088 5221 ζουσιν
1099 5166 1130 5220 είς
1142 5163 1213 5220 ἀλλην
1226 5167 1268 5211 τοῦ
1280 5165 1390 5222 σώματος
1402 5158 1495 5214 οἴκησιν
1504 5157 1531 5205 τὸ
1543 5153 1644 5216 θνητόν,
1658 5155 1742 5217 ίσθμθν
1753 5155 1793 5203 καὶ

181 5233 244 5283 Tim.
266 5246 321 5296 pag.
338 5235 376 5281 69.
391 5245 413 5282 c.
435 5233 494 5282 ἀλλὰ
506 5231 583 5281 πάντα
599 5237 672 5280 τοῦτο
689 5235 782 5291 πρῶτον
794 5234 964 5296 διεκόσμησεν,
1009 5235 1063 5296 ὅρον
1077 5233 1299 5293 θιοικοθσμήσειντες
1309 5236 1350 5290 τῆς
1362 5245 1388 5278 τε
1401 5229 1501 5292 κεφαλῆς
1511 5228 1552 5279 καὶ
1564 5233 1606 5278 τοῦ
1618 5226 1795 5289 cardamati-

181 5303 263 5356 ἔπειτα
276 5305 303 5354 ἐκ
314 5303 403 5354 τούτων
415 5309 462 5355 πᾶν
480 5303 534 5353 uida
552 5303 725 5364 ἱννεστήσοτο,
738 5305 797 5366 ζῷον
809 5307 833 5355 ἒν
846 5308 896 5368 ζῷα
910 5305 966 5368 ἔχον
1010 5305 1067 5367 χένσ
1077 5303 1162 5366 μεταξὺ
1173 5301 1332 5364 arbiramur
1343 5299 1379 5360 είη
1390 5299 1470 5365 χωρίς.
1483 5323 1515 5336 ·-
