3976 5948
285 386 344 447 lis
945 387 1202 462 ,mausolus

325 519 518 598 (Plutarchus
543 519 580 579 de
598 519 765 580 Stoicorum
789 537 912 600 repugn.
934 541 997 601 cap.
1023 533 1060 594 α4
1107 524 1152 584 καλ
1170 525 1226 592 ταῖς
1247 521 1343 589 ἕνικαῖς
1356 519 1475 580 πτώσεσι
1495 519 1629 602 χρώμενος
1644 521 1743 606 ipsese
1758 549 1771 576 ι
1788 531 1842 582 πᾶν
1858 524 1895 584 τὸ

285 610 343 667 vol.
359 606 443 682 xlii,
460 629 528 686 pag.
546 611 603 682 374
616 609 664 671 ed.
682 607 801 670 Hutten.
820 608 876 668 Hic
895 629 961 668 curu
985 611 1061 670 alio·
1107 613 1135 672 δν
1148 613 1165 686 ἢ
1181 609 1277 689 ἀγαθόν
1293 612 1362 669 ἐστιν
1377 608 1486 682 ῆκακόν
1497 611 1584 685 ἐστιν,
1596 609 1614 682 ἢ
1628 609 1688 670 οὔτε
1701 614 1798 690 ἀγαθόν
1812 613 1892 671 ἔστιν

284 716 350 755 rum
376 697 637 776 philosophorum,
665 711 725 756 tum
755 696 927 758 Xenocratis
955 700 1062 778 placita
1108 700 1167 760 οὔτε
1181 698 1262 760 κακόν
1278 702 1358 761 ἰστιν.
1376 727 1388 750 ν
1402 697 1457 760 Καλ
1469 702 1520 759 τῶν
1531 700 1630 760 λοιπῶν
1645 698 1794 781 φιλοσόφων
1806 701 1896 781 χωρὶς

284 785 409 846 obscure
422 787 603 862 significavit
619 785 815 867 Chrysippus.
832 788 998 848 Dialecticae
1011 811 1061 848 au·
1108 788 1263 859 ἀποδείξεως
1277 787 1324 859 τὴν
1339 787 1464 861 τοιαύτην
1478 786 1603 868 διαίρεσιν
1620 789 1798 868 προσιεμένων
1811 790 1895 858 αὐτὸς

283 889 339 934 tem
363 875 542 953 principium
564 875 741 936 Xenocrates
762 877 848 936 duxit
863 897 880 935 a
896 881 982 958 φωνῆς
998 879 1061 937 sive
1108 879 1191 939 όδόκει
1207 878 1252 937 καῖ
1268 875 1399 944 ἀπόδειξιν
1416 876 1702 956 σομποιραλαμόιῖνειν.
1720 876 1895 957 Εῖγθιρῖστι

243 1007 247 1016 .
283 965 367 1024 νοτία
382 965 632 1038 consideratione,
647 986 706 1044 quo
720 969 840 1026 nomine
852 969 1059 1045 reprehensum
1107 993 1132 1028 τι
1146 965 1339 1048 κεχωρισμένον
1358 974 1470 1044 πρᾶγμα
1486 969 1538 1024 τῶν
1555 968 1661 1044 ἀγαθῶν
1676 964 1721 1026 καλ
1735 968 1827 1025 κακῶν
1842 967 1893 1025 καί

282 1071 345 1111 esse
381 1053 470 1112 τείσει
493 1053 679 1132 Porphyrius
707 1054 744 1113 ad
771 1053 883 1114 Musica
912 1054 1061 1114 Ptolemaei
1107 1060 1158 1116 τῶν
1176 1054 1243 1132 μήτε
1267 1055 1371 1131 ἀγαθῶν
1393 1051 1460 1130 μήτε
1482 1055 1587 1126 κακῶν,
1603 1055 1685 1112 ἐκεῖνο
1704 1052 1765 1125 litor
1789 1053 1893 1130 ἀγαθόν

282 1160 313 1219 p.
333 1141 422 1218 193.)
932 1176 940 1192 =
1107 1146 1177 1204 ίστιν
1199 1141 1279 1214 ῆοῦκ
1298 1141 1369 1202 ἔστιν
1386 1139 1490 1220 ἀγαθόν.
1508 1139 1563 1202 Καὶ
1579 1143 1603 1200 εἰ
1622 1139 1670 1214 μέν
1685 1139 1781 1218 ἀγαθόν
1797 1143 1890 1214 ἐστιν,

321 1250 359 1294 st.
384 1231 549 1312 Ξενοκράτης
563 1233 590 1292 θλ
607 1237 675 1312 τρεῖς
696 1255 774 1316 φησιν
796 1231 886 1300 οὐσίας
901 1224 968 1292 εἶναι
977 1277 986 1306 ,
1011 1231 1059 1304 τὴν
1106 1231 1133 1292 ῖν
1148 1235 1199 1290 τῶν
1214 1233 1292 1310 τριῶν
1307 1229 1459 1306 γενήσεται·
1472 1231 1494 1287 εἰ
1508 1229 1530 1288 δ’
1545 1232 1593 1290 οὒκ
1607 1229 1678 1289 ἔστιν
1698 1228 1815 1307 ἀγαθόν,
1828 1230 1891 1302 ἤτοι

283 1317 332 1394 μὲν
346 1319 540 1395 alodarius-ir
557 1321 582 1380 δῖ
595 1321 705 1395 νοητῆν,
719 1319 766 1394 τλν
783 1319 810 1380 δὲ
825 1319 944 1382 σύνθετον
958 1321 1004 1380 καί
1018 1321 1060 1380 δο-
1107 1318 1186 1378 κακόν
1204 1323 1274 1378 ἐστιν
1293 1317 1311 1389 ἦ
1332 1317 1391 1378 οὔτε
1410 1317 1491 1377 κακόν
1514 1319 1584 1376 ἐστιν
1601 1315 1660 1376 οὔτε
1683 1316 1779 1394 ἀγαθόν
1803 1319 1893 1376 ἔστιν·

282 1407 396 1484 ξαστήν,
410 1399 446 1468 ῶν
470 1409 597 1482 αἰσθητὴν
622 1409 668 1486 μὲν
684 1400 752 1469 εῖναι
771 1407 820 1482 τῆν
844 1410 914 1476 ίντδς
935 1413 1060 1488 οὐρανοῦ,
1107 1407 1158 1467 rire
1171 1405 1199 1466 Si
1214 1406 1295 1466 κακόν
1310 1411 1395 1480 ἐστιν,
1410 1404 1439 1464 ἓν
1461 1409 1512 1464 τῶν
1527 1408 1605 1486 τριῶν
1621 1403 1747 1483 ὑπάρξει,
1761 1403 1816 1463 εἴτε
1829 1405 1890 1466 οὔτε

281 1497 376 1568 νοητὴν
390 1495 417 1554 δὲ
430 1497 535 1554 πάντων
545 1499 597 1554 τῶν
612 1497 685 1565 ἐκτός
699 1498 809 1576 οὐρανοῖι
820 1539 829 1568 ,
841 1495 968 1568 δαῖσαι-ῆν
979 1495 1006 1555 δὲ
1016 1495 1061 1555 καλ
1107 1495 1203 1575 ἀγαθόν
1228 1498 1297 1555 ἐστιν
1312 1493 1372 1554 οὔτε
1388 1493 1470 1554 κακόν
1496 1496 1568 1566 ἔστι,
1583 1493 1662 1552 πόλιν
1686 1491 1714 1552 ῖν
1736 1496 1788 1552 τῶν
1810 1498 1890 1574 τριῶν

281 1583 402 1644 σύνθετον
416 1584 463 1655 τῆν
479 1587 559 1644 αὐτοῦ
577 1591 622 1644 τοῦ
637 1587 764 1664 οὐρανοῦ·
782 1583 863 1664 θρατδΙ
879 1583 926 1660 μὲν
940 1586 990 1663 γάρ
1005 1588 1060 1644 ἐστι
1106 1585 1309 1657 καταστήσεται.
1327 1587 1388 1644 Πᾶν
1410 1581 1461 1662 ἀρα
1479 1581 1509 1640 τδ
1533 1579 1561 1640 δν
1585 1581 1644 1654 ἤτοι
1659 1580 1756 1662 ἀγαθόν
1780 1585 1853 1641 ἔστιν
1873 1583 1889 1654 i

281 1671 465 1750 τῇαίσθῆσει,
481 1671 561 1743 νοητῆ
580 1670 607 1731 δὲ
618 1674 651 1730 δι’
668 1672 853 1751 ἀστρολογίας.
869 1673 977 1732 Τούτων
997 1672 1060 1750 με’ν-
1106 1673 1186 1733 κακόν
1205 1675 1275 1731 ἐστιν
1288 1719 1296 1750 ,
1309 1672 1326 1743 i.
1341 1671 1401 1731 οὔτε
1424 1671 1521 1750 ἀγαθόν
1536 1673 1606 1730 ἐστιν
1626 1669 1685 1732 οὔτε
1706 1671 1787 1730 κακόν
1805 1673 1888 1732 ἔστιν.

281 1781 323 1816 τοι
337 1765 426 1818 τοῦτον
440 1759 555 1838 ἐχόντων
567 1758 612 1819 τὸν
625 1759 735 1838 τρόπον,
750 1763 797 1830 τῆς
807 1759 854 1836 μὲν
867 1759 940 1828 ἐκτὸς
951 1762 1060 1840 οὐρανοῦ
1107 1761 1224 1840 Δυνοίμει
1245 1760 1272 1820 δὲ
1295 1759 1341 1820 καλ
1366 1751 1438 1828 οὗτος
1454 1759 1535 1838 χωρὶς
1559 1759 1712 1826 ἀποδείξεως
1734 1758 1891 1840 προσήκατο

282 1846 328 1905 καί
346 1851 438 1918 νοητῆς
453 1846 542 1912 οὐσίας
563 1846 696 1925 κριτήριον
713 1847 871 1926 ἀπεφαίνετο
886 1848 933 1920 τῆν
954 1848 1062 1921 ἐπιστῆ-
1107 1849 1154 1923 τὴν
1170 1847 1311 1930 διαίρεσιν,
1327 1848 1434 1927 ἐπείπερ
1448 1852 1461 1906 ό
1476 1851 1512 1914 είς
1526 1847 1692 1918 κατασκευὴν
1707 1849 1787 1919 αὐτῆς
1802 1873 1892 1929 παρσ-

283 1959 350 2010 μην,
363 1940 409 2008 τῆς
423 1935 450 1993 δὲ
464 1935 534 2002 ἐντὸς
550 1936 660 2016 οὐρανοῦ
674 1936 719 1994 καί
732 1938 857 2008 αἰσθητῆς
869 1934 915 2007 τὴν
929 1937 1061 2016 αἴσθησιν,
1106 1937 1212 2018 ληφθεὶς
1224 1935 1299 2014 λόγος
1311 1937 1361 2017 οὐχ
1375 1935 1459 2016 ἕτερός
1474 1937 1543 1996 ἔστιν
1554 1939 1646 2008 sitii?
1659 1934 1715 1994 ὅθεν
1731 1938 1754 1994 εἰ
1768 1937 1796 1994 ἐν
1809 1940 1892 2016 ἑαυτῆ

281 2024 328 2092 τῆς
343 2021 369 2080 tt
386 2026 481 2099 μικτῆς
501 2021 548 2092 τὴν
562 2021 652 2090 δόξαν·
667 2021 713 2080 καλ
729 2021 829 2082 τούτων
852 2025 944 2090 κοινῶς
965 2023 995 2083 τδ
1014 2025 1060 2102 μὲν
1107 2025 1265 2104 περιίοχηκε
1280 2023 1327 2096 τὴν
1341 2023 1457 2098 πίστινὴ
1471 2022 1619 2098 ἀπόδειξις,
1638 2024 1712 2084 ἔσται
1727 2023 1772 2082 καί
1786 2027 1804 2094 ἦ
1820 2025 1890 2083 διαί-

281 2107 324 2168 διδε
347 2115 392 2170 τοῦ
412 2113 616 2187 ἀπιστημονικοῦ
642 2111 719 2188 λόγου
743 2111 875 2190 κριτήριον
900 2112 1007 2191 βέόαιόν
1031 2137 1061 2173 τε
1110 2135 1177 2194 ρεσις
1190 2111 1217 2180 ii
1231 2115 1325 2182 ἑαυτῆς
1338 2110 1419 2181 πιστὴ
1436 2109 1473 2188 μὴ
1491 2109 1649 2191 διαφέρουσα
1661 2115 1707 2182 τῆς
1720 2109 1890 2179 ἀποδείξεως.

282 2197 409 2278 ὑπάρχειν
422 2198 467 2258 καί
483 2199 592 2272 ἀληθές,
606 2200 636 2256 τὸ
650 2198 677 2257 δὲ
693 2197 735 2256 διθι
748 2203 794 2270 τῆς
808 2199 953 2272 αἰσθήσεως
968 2199 1061 2271 ἀληθὲς
1150 2201 1273 2280 (Sextus
1287 2199 1454 2278 Empiricos
1473 2199 1541 2260 adv.
1557 2199 1646 2258 llari.
1667 2197 1721 2258 lib.
1740 2197 1794 2272 lli,
1820 2201 1890 2272 4-6,

282 2285 343 2363 μίν,
358 2290 407 2368 οὐχ
418 2286 486 2346 οὕτω
501 2286 529 2346 δδ
544 2291 579 2355 ῶς
590 2286 620 2346 τὸ
637 2287 680 2348 διδ
691 2292 738 2348 τοῦ
751 2290 953 2363 ἀπιστημονικοῖ
969 2290 1059 2368 λόγου,
1108 2308 1174 2369 pag.
1191 2289 1247 2364 692
1265 2287 1311 2346 ed.
1329 2286 1449 2360 Fabric;
1469 2306 1535 2365 pag.
1551 2287 1608 2357 546
1624 2287 1670 2347 ed.
1687 2287 1828 2364 miter.)

279 2373 310 2433 τό
331 2375 359 2434 δὲ
374 2377 493 2436 σύνθετον
516 2375 602 2436 κοινόν
618 2379 731 2452 ἀληθοῦς
746 2401 774 2436 τε
790 2379 835 2438 καῖ
852 2381 959 2460 ψευδοῦς
974 2379 1061 2460 iusp-
1146 2398 1184 2438 se.
1202 2379 1315 2436 Ἐκεῖνοι
1334 2374 1382 2454 μὲν
1403 2374 1455 2456 γὰρ
1474 2375 1536 2434 όταν
1561 2379 1643 2454 φῶσιν
1658 2374 1750 2455 ἑτέροις
1763 2373 1891 2452 λε’γεσθσι

279 2485 350 2542 χιιν·
362 2467 411 2536 τῆς
423 2466 474 2544 γὰρ
486 2463 562 2537 δόξης
575 2465 622 2536 τῆν
638 2464 686 2541 μίν
703 2488 760 2525 τινα
773 2469 859 2540 ἀληθῆ
875 2457 958 2540 εἶναι,
971 2467 1020 2540 τῆν
1033 2467 1061 2527 δὲ
1109 2465 1204 2544 ἀγαθὸν
1220 2462 1267 2535 τὴν
1282 2463 1352 2523 ἰδίαν
1367 2508 1375 2537 ,
1391 2462 1437 2524 καὶ
1456 2463 1548 2542 ἑτέροις
1561 2462 1591 2522 τό
1606 2464 1717 2544 μετέχον
1737 2466 1784 2534 τῆς
1798 2463 1887 2534 ἰδέας,

279 2553 372 2632 ψευδῆ.
388 2555 469 2614 Ὅθεν
484 2551 529 2612 καί
539 2561 607 2633 τρεῖς
623 2553 725 2632 Μοίρας
738 2555 950 2634 παραδεδόσθαι,
966 2553 1059 2636 Ἄτρο-
1110 2551 1292 2628 σημαινόμενα
1307 2549 1450 2610 ἐκτίθενται
1463 2551 1509 2610 καῖ
1524 2548 1594 2610 serit
1611 2551 1678 2612 πολδ
1694 2549 1817 2621 ἀλλήλων
1833 2552 1885 2610 διε-

279 2663 328 2700 πον
344 2641 391 2716 pir
405 2641 453 2712 τῆν
468 2644 519 2700 τῶν
534 2645 651 2718 νοητῶν,
666 2641 827 2718 ἀμετάθετον
845 2634 941 2717 οὖσαν,
958 2641 1060 2704 Κλωθὼ
1106 2643 1211 2714 στῶτα,
1228 2639 1273 2698 καλ
1288 2637 1420 2716 μηδεμίαν
1435 2637 1530 2718 ἔχοντα
1543 2639 1690 2700 κοινωνίαν.

281 2729 308 2788 δῖ
325 2728 436 2802 τὴντῶν
451 2732 600 2803 αἰσθητῶν,
613 2729 730 2808 Λάχεσιν
746 2730 774 2788 δὲ
788 2731 836 2802 τὴν
849 2735 899 2790 τῶν
912 2731 1056 2800 δοξαοτῶν.
1150 2729 1273 2807 (Sextus
1289 2728 1458 2806 Empiricos
1482 2727 1549 2790 adr.
1567 2729 1657 2792 Math.
1676 2728 1731 2790 lib.
1756 2725 1818 2800 xl,
1838 2729 1888 2798 οδ,

321 2817 442 2896 (Sextus
458 2817 620 2895 Empiricos
635 2818 700 2876 adv.
722 2818 812 2878 blath.
829 2817 880 2876 lib.
896 2819 961 2892 vti,
983 2829 1059 2894 ¹47·
1107 2837 1173 2896 pag.
1190 2818 1247 2892 696
1260 2818 1307 2876 ed.
1320 2815 1441 2889 Fabric3
1456 2838 1522 2894 pag.
1537 2819 1591 2876 551
1607 2819 1654 2879 ed.
1670 2819 1793 2881 Belrlrer.
1807 2818 1890 2876 Post·

282 2915 339 2980 riq
355 2925 421 2983 pag.
440 2915 495 2974 toa
511 2905 556 2965 ed.
579 2905 703 2978 Fabric;
720 2926 788 2984 pag.
807 2907 862 2965 223
874 2907 923 2966 ed.
938 2908 1056 2968 oetier.
1107 2925 1192 2984 quam
1209 2904 1315 2964 dixita
1337 2905 1458 2966 Platone
1480 2919 1508 2964 et
1526 2904 1689 2966 Xenocrate
1705 2907 1807 2966 multis
1822 2918 1902 2964 mo-'

279 2992 362 3051 Conf.
377 2993 438 3052 Cic.
453 2993 560 3064 Quaest.
579 2993 667 3053 dead.
684 2992 738 3052 lib.
756 2992 777 3063 1,
797 3013 859 3072 cap.
871 2995 918 3069 8.)
1105 2994 1152 3052 dis
1163 2995 1310 3054 nominari
1326 2993 1455 3069 bonum,
1469 2997 1512 3055 sic
1528 2999 1646 3074 pergit:
1663 2997 1758 3056 ἐκεῖνοι
1773 2997 1822 3076 μὲν
1838 2997 1888 3076 γδρ

320 3101 358 3142 ss.
373 3080 525 3160 ’ίδιαίτερον
547 3081 574 3139 δὲ
589 3081 663 3161 παρὰ
677 3078 735 3148 τοὺς
751 3081 872 3150 ἀλλουςθ
889 3081 1058 3164 Ξενοκράτης
1106 3083 1186 3158 κτλ.)

277 3357 349 3409 abiis
361 3358 495 3407 tractatum
509 3355 791 3422 traducere;sedquum
802 3355 837 3406 ite
844 3358 958 3407 scemate
975 3355 1056 3406 diale-
1134 3361 1173 3407 55.
1190 3359 1306 3407 Seorsum
1323 3369 1381 3406 vero
1400 3370 1415 3406 a
1434 3356 1531 3406 casteria
1551 3359 1703 3408 Xenocrates
1716 3362 1742 3410 el
1754 3359 1889 3425 singularis

279 3445 350 3496 ctlcs
371 3446 492 3510 pronepti
513 3443 676 3505 tradiderint,
693 3447 722 3495 ut
732 3444 776 3510 qul
798 3459 851 3496 eam
869 3447 931 3496 iuter
950 3457 1059 3496 summas
1102 3445 1196 3494 numeri
1206 3443 1303 3494 casibus
1315 3447 1387 3494 utens
1398 3444 1495 3495 dicebat
1507 3459 1514 3490 ε
1526 3445 1660 3510 Quidquid
1669 3453 1716 3508 est,
1731 3435 1773 3498 oet
1786 3448 1887 3500 bouum

278 3533 432 3596 maximeque
441 3531 590 3582 neeemarias
606 3531 736 3582 facultates
749 3531 877 3594 baberent,
889 3536 988 3584 nonest
1000 3546 1056 3596 pro·
1104 3534 1146 3583 uel
1153 3534 1252 3584 crolum
1264 3536 1310 3595 est,
1321 3534 1363 3584 uel
1370 3547 1453 3599 oeque
1465 3535 1562 3586 benum
1572 3551 1653 3602 neque
1666 3539 1778 3589 reulum.
1792 3543 1887 3598 Quum-

215 3681 219 3688 ·
277 3619 358 3672 babile
370 3618 483 3670 homines
497 3618 606 3669 unirenu
617 3619 819 3683 contemplatione
830 3621 963 3682 occupatos
975 3655 983 3681 ‚
995 3631 1057 3680 qua·
1103 3636 1151 3685 que
1169 3623 1257 3688 reliqui
1271 3623 1411 3686 philosophi
1428 3623 1482 3672 sine
1495 3623 1703 3674 demonstratione
1720 3626 1796 3676 talem
1818 3625 1884 3676 diri-

277 3709 313 3760 les
326 3707 408 3760 auimo
419 3707 541 3771 isumus,
554 3709 650 3756 tantum
663 3720 679 3755 a
692 3719 753 3756 vero
765 3705 901 3756 aberrasse.
1103 3709 1196 3761 sionem
1210 3710 1378 3772 admitterent,
1393 3710 1447 3775 ipse
1459 3711 1534 3762 etiam
1558 3711 1631 3762 simul
1649 3713 1885 3764 demonstrationem

310 3804 349 3852 st.
367 3802 516 3851 Xenocrates
528 3801 579 3849 tres
590 3801 690 3849 naturas
700 3811 755 3848 esse
766 3795 808 3858 ait,
825 3810 900 3848 unam
910 3796 1056 3856 sensibilem,
1103 3811 1226 3849 assumere
1238 3797 1373 3850 videbatur.
1386 3801 1447 3848 Nam
1458 3798 1479 3848 si
1491 3803 1529 3850 est
1539 3797 1641 3864 aliiquid
1651 3799 1795 3850 diversurus
1810 3801 1886 3851 rebus

282 3891 357 3942 aliem
376 3889 567 3955 intelligibilem,
581 3888 679 3939 tertiam
688 3887 850 3952 compositam
863 3891 889 3937 et
897 3886 1055 3952 opinabilem,
1103 3885 1174 3936 bonis
1193 3887 1230 3937 rel
1249 3887 1322 3937 malis
1339 3886 1380 3937 rel
1390 3900 1469 3950 neque
1481 3886 1553 3937 bonis
1570 3901 1650 3951 neque
1668 3887 1827 3950 melis,illud
1843 3889 1885 3939 rel

275 3979 397 4044 equibus
415 3977 540 4030 sendbilis
552 3977 586 4028 sit
601 3976 664 4027 inira
678 3976 782 4039 cretum,
796 3974 953 4040 intelligibilis
973 3987 1057 4025 eoram
1102 3975 1193 4026 bonum
1204 3977 1250 4034 est,
1265 3977 1303 4026 rel
1319 3989 1368 4024 non
1380 3979 1419 4026 est
1431 3975 1520 4025 bonum
1538 3993 1544 4024 ε
1559 3977 1585 4026 et
1597 3975 1617 4025 si
1631 3974 1723 4025 bonum
1734 3977 1788 4035 est,
1804 3990 1884 4026 uuum

276 4069 389 4119 omnium
410 4080 466 4130 que
485 4069 543 4118 sunt
561 4079 634 4131 supra
654 4065 755 4126 colum,
777 4063 907 4130 opinabilis
930 4065 1013 4114 sutem
1033 4065 1059 4113 ct
1102 4061 1209 4114 etribus
1220 4063 1280 4114 erit:
1296 4063 1316 4112 si
1335 4077 1395 4113 rero
1410 4076 1457 4112 nou
1478 4066 1516 4113 est
1530 4064 1639 4126 bouum,
1655 4067 1700 4114 aut
1717 4063 1810 4113 malum
1825 4066 1881 4122 erit.

276 4156 411 4221 composita
424 4156 502 4220 ipsius
514 4155 582 4216 στολὴ
597 4157 636 4206 est
649 4155 715 4205 euim
734 4153 892 4220 aspectabilis
909 4152 1001 4214 sensu,
1013 4165 1057 4216 per
1108 4155 1153 4202 aut
1165 4137 1244 4215 neque
1261 4151 1352 4202 malrnn
1370 4165 1449 4216 neque
1459 4153 1550 4201 bonum
1567 4171 1572 4201 ε
1588 4151 1632 4202 sed
1650 4152 1702 4202 sire
1716 4151 1810 4202 uuum
1828 4157 1881 4214 est,

277 4245 434 4311 astrologiam
447 4259 506 4296 vero
518 4245 544 4296 in
557 4244 742 4310 intelligentiam
761 4243 836 4294 cadit.
851 4245 913 4302 Qus
928 4255 1008 4306 quum
1023 4241 1057 4292 ita
1102 4253 1204 4292 unume
1218 4241 1296 4291 tribus
1309 4240 1365 4302 erit,
1380 4240 1433 4292 sire
1444 4252 1524 4304 neque
1538 4239 1629 4291 bouum
1640 4252 1717 4305 neque
1731 4240 1826 4291 iudum
1833 4247 1881 4302 est,

279 4337 449 4394 siut‚naturre
461 4345 535 4396 super
546 4332 637 4382 coelum
648 4333 736 4381 locato
744 4333 770 4381 et
782 4329 940 4394 intelligibilis
946 4329 1057 4394 iudicem
1102 4343 1189 4380 rursus
1203 4343 1280 4380 unum
1301 4343 1315 4380 e
1338 4329 1418 4380 tribus
1439 4329 1490 4380 iret.
1510 4327 1637 4392 Quidquid
1662 4329 1737 4391 igitur
1763 4333 1812 4390 est,
1842 4331 1882 4381 rel

276 4419 403 4472 mustituit
417 4417 552 4480 scientiam,
567 4417 731 4467 intractatum
741 4417 825 4466 subm
838 4415 925 4480 posito
940 4419 967 4466 et
978 4415 1056 4465 seusi-
1102 4417 1194 4468 bonum
1208 4421 1247 4470 est
1257 4419 1294 4468 rel
1307 4419 1413 4481 malum,
1428 4417 1467 4468 rel
1483 4431 1564 4481 neque
1576 4417 1668 4469 bonum
1681 4431 1760 4481 neque
1776 4421 1881 4470 malum.

278 4509 335 4560 bilis
356 4522 464 4571 sensum,
479 4506 564 4558 mutu
580 4505 685 4570 denique
707 4503 852 4570 opinionem.
871 4506 951 4569 itque
971 4517 1002 4555 ex
1019 4504 1057 4553 bis
1102 4507 1149 4556 Seli
1163 4509 1275 4572 potentia
1287 4510 1313 4558 et
1326 4508 1366 4558 bic
1379 4508 1432 4558 sine
1445 4506 1655 4558 demonstratione
1668 4507 1815 4558 divisionem
1834 4509 1881 4560 ad·

276 4597 440 4648 eommuuiter
462 4594 583 4659 judicium
604 4593 698 4644 rabone
722 4593 833 4645 scientio
853 4595 950 4659 propria
969 4593 1057 4644 nixum
1101 4595 1184 4658 misit,
1198 4595 1312 4658 quoniam
1327 4597 1390 4646 ratio
1405 4597 1435 4646 ad
1447 4609 1500 4646 rem
1518 4595 1669 4660 probandam
1683 4595 1758 4646 allata
1772 4596 1805 4646 ab
1830 4597 1884 4660 ipsa

277 4689 373 4738 certum
385 4689 476 4737 essaei
492 4698 578 4736 rerum
588 4724 594 4749 ‚
606 4683 651 4736 sed
665 4683 726 4734 illud
736 4682 803 4748 quod
817 4696 891 4734 sensu
906 4683 1001 4734 nitatur
1010 4696 1055 4734 re·
1101 4695 1149 4732 non
1166 4681 1256 4734 dilisrl.
1281 4685 1438 4748 Quapropter
1458 4682 1480 4732 si
1501 4695 1591 4746 reapse
1613 4683 1687 4733 idem
1707 4684 1765 4734 lacit
1778 4684 1883 4734 demon-

280 4779 455 4842 mquidem,
469 4781 550 4829 alnou
560 4779 630 4828 ilaul
641 4775 700 4827 illud
713 4775 780 4840 quod
790 4789 834 4840 per
844 4775 965 4826 rationem
979 4772 1056 4824 scien·
1101 4773 1198 4834 stratio,
1214 4771 1260 4821 erit
1273 4772 1348 4822 etiam
1361 4785 1405 4835 per
1418 4785 1445 4821 se
1457 4771 1582 4822 credibilis
1597 4770 1701 4835 divisio,
1716 4771 1809 4838 quippe
1825 4786 1883 4837 qua

276 4870 319 4922 tire
338 4869 462 4936 propriam
483 4869 541 4930 θοις
561 4867 724 4932 compositum
743 4880 804 4917 vero
819 4879 948 4917 commune
961 4863 1017 4915 reri
1030 4864 1056 4912 et
1101 4873 1116 4910 a
1131 4860 1338 4911 demonstratione
1350 4875 1398 4910 nou
1411 4859 1541 4925 discrepet.

275 4959 332 5010 iatri
345 4972 422 5011 esse:
441 4971 498 5009 uam
507 4958 648 5022 opinionum
660 4956 720 5006 alias
733 4968 787 5006 esse
803 4952 1053 5015 venustissimus.
1133 4951 1171 4995 56.
1194 4945 1232 4996 lili
1251 4946 1317 4997 enim
1336 4947 1435 5010 quaudo
1452 4947 1574 4998 allinuaut
1589 4947 1659 5000 aliter
1673 4949 1723 5000 diei
1739 4949 1833 5002 bonurn
1849 4955 1879 5002 ut

275 5041 395 5104 Quocirca
407 5041 481 5092 etiam
500 5042 550 5091 tres
565 5041 655 5089 Parcas
671 5051 726 5089 esse
738 5036 868 5098 traditum,
879 5037 988 5098 Atropon
1004 5033 1052 5083 do·
1104 5033 1195 5097 idean,
1208 5035 1279 5087 aliter
1300 5039 1328 5085 ut
1340 5037 1461 5100 particeps
1472 5035 1548 5099 idere,
1561 5037 1697 5102 significata
1713 5043 1840 5105 exponunt
1856 5045 1882 5092 et

273 5129 365 5183 minem
385 5143 467 5182 rerum
484 5127 687 5192 brielligibilium‚
709 5127 795 5190 utpote
815 5137 871 5187 qua
895 5121 1055 5172 immutabilis
1100 5123 1206 5172 mullum
1221 5122 1322 5175 interae
1334 5123 1458 5186 euantis,
1472 5127 1499 5174 et
1517 5137 1574 5188 qus
1588 5123 1650 5176 nibil
1670 5125 1764 5178 babent
1775 5127 1841 5180 iuter
1853 5143 1881 5181 se

276 5217 318 5280 slt,
337 5218 427 5270 ciotbo
440 5216 606 5280 sensibilium,
622 5214 740 5267 [aubedo
753 5213 920 5278 opinabilium.
1100 5223 1237 5262 commune.
