3938 5968
508 392 730 457 ETHlCOllUM
752 390 1091 456 Nicomeden-:ortuli
1115 391 1403 455 panamensis,

187 523 201 555 ’ί
216 520 317 604 Οίγδιρ
330 522 522 605 ἀποδεχόμενοι
535 525 681 603 ἀλλήλους,
696 526 733 604 μὴ
746 528 875 595 συζῶντας
890 523 929 598 di,

144 603 215 674 εὖνοί
228 616 293 672 εἰσιν
309 615 432 686 ἀλλήλοις
447 617 546 690 μᾶλλον
560 616 577 687 ’λ
593 616 674 698 φίλοι.

189 703 215 728 ”
228 701 313 764 Οὐδὲν
330 701 383 784 γδρ
397 702 478 771 οὕτως
495 703 550 764 ἐστὶ
565 704 647 787 φίλων
658 708 694 774 ὡς
707 706 737 767 τδ
752 707 841 780 συζῆν.
858 702 929 765 Οότε

142 791 194 872 γδρ
209 794 232 852 ei
245 791 288 850 διδι
299 791 329 852 τὸ
342 791 474 873 χρήσιμον
491 791 615 855 δύνανται
628 793 665 870 μὴ
679 803 819 857 συνοικεῖν·
836 795 930 860 ἐνδεεῖς

145 881 194 962 γάρ
208 880 280 948 όντες
302 881 425 953 ἀλλήλων
449 883 552 943 δέονται
570 885 695 958 ἀλλήλοις
712 891 843 968 χρῆσθαι,
871 882 928 943 toi

36 985 39 993 ’
144 970 252 1030 δυνατὸν
269 969 330 1030 ἀνευ
344 977 389 1031 τοῦ
414 981 552 1030 συνοικεῖν·
567 973 627 1034 οὕτε
649 976 672 1034 οί
697 975 741 1034 διδι
764 973 812 1048 τὴν
832 971 928 1045 ἡδονὴν
989 1026 995 1038 ,

142 1061 233 1139 πολλῷ
253 1061 364 1139 μᾶλλον·
384 1059 443 1120 οὔτε
459 1063 482 1120 oi
499 1063 593 1142 κυρίως
609 1065 696 1145 φίλοι,
713 1064 804 1133 οἵτινές
826 1065 891 1124 εἰσιν
903 1063 927 1122 οί

142 1149 277 1238 μακάριοι·
302 1149 425 1222 ἀλλήλων
442 1151 489 1228 μίν
502 1152 553 1232 γάρ
575 1155 623 1212 οὐκ
638 1153 703 1212 εἰσίν
719 1152 832 1230 ίνδεεῖς,
858 1148 930 1223 ἡδεῖς

142 1239 171 1300 δέ
186 1242 250 1299 εἰσιν
272 1241 407 1312 ἀλλήλοις.
428 1242 482 1302 Καὶ
498 1243 540 1301 διὰ
553 1250 629 1303 τοῦτο
652 1245 689 1322 μὴ
703 1242 852 1322 συνδιάγειν
873 1237 925 1299 ε’θό·

142 1331 212 1405 λειν,
226 1329 375 1410 ἀμήχανον·
392 1333 421 1390 οὗ
432 1331 483 1412 γὰρ
497 1332 528 1405 δὴ
548 1331 667 1410 μονώτας
681 1331 753 1400 τινάς
767 1332 826 1400 τοὺς
841 1354 927 1410 μακα·

143 1417 212 1498 ρίους
235 1408 301 1476 εἶναι
321 1418 468 1499 προσήκει,
493 1421 561 1480 ἀλλά
590 1419 693 1501 ἀνάγκη
716 1421 773 1500 μετ’
804 1419 927 1490 ἀλλήλων

141 1498 210 1567 εἶναι
230 1508 284 1574 τοῖς
300 1508 388 1575 αὐτοῖς
402 1507 550 1589 Ι,γαίροντας
576 1513 664 1570 Τοῦτο
677 1509 703 1569 δὲ
722 1509 752 1568 τδ
763 1519 817 1578 τοῖς
838 1510 926 1576 αὐτοῖς

141 1595 243 1676 Ιγὀιίρειν
258 1598 303 1656 καὶ
323 1596 370 1668 τὴν
387 1597 520 1678 ἑταιρικὴν
535 1598 624 1678 φιλίαν
639 1603 711 1660 ποιεῖ
724 1599 772 1673 τὴν
787 1603 839 1659 τῶν
851 1597 926 1672 νέων,

142 1682 204 1744 ὅταν
218 1685 279 1764 περὶ
292 1683 322 1742 τὸ
333 1684 397 1743 αὐτδ
412 1687 590 1756 σπουδάζωσι.

183 1774 220 1800 ¹⁴*
236 1773 363 1834 Μάλιστα
377 1774 425 1852 μὲν
437 1765 481 1833 οὖν
495 1779 551 1834 ἐστι
565 1774 640 1853 φιλία
655 1779 734 1848 ἡτῶν
748 1778 865 1856 ἀγαθῶν,
876 1799 925 1836 κα-

141 1863 226 1944 θάπερ
243 1863 370 1930 πολλάκις
392 1863 503 1944 εἴρηται.
521 1865 601 1924 Δοκεῖ
620 1864 670 1944 γὰρ
692 1864 800 1946 φιλητδν
816 1864 864 1940 μὲν
881 1865 926 1924 καί

145 1953 247 2032 αῖρετδν
262 1952 292 2011 τδ
306 1953 396 2020 ἁπλῶς
409 1953 454 2012 καί
470 1953 566 2033 κυρίως
581 1952 690 2032 ἀγαθόν,
711 1951 728 2024 ἢ
747 1951 807 2026 ἡδό·
824 1951 928 2033 ἑκάστῳ

143 2043 170 2100 δὲ
186 2040 294 2118 φιλητὸν
311 2039 356 2100 καί
375 2042 476 2120 αίρετδν
499 2043 529 2102 τὸ
544 2043 615 2122 αὐτῷ
631 2039 739 2120 ἀγαθόν·
754 2039 807 2100 θδὲ
829 2042 925 2120 ἀγαθὸς

141 2127 187 2188 τὸν
201 2128 298 2206 ἀγαθόν
317 2129 387 2208 φιλεῖ
401 2129 434 2187 δι’
455 2129 535 2212 ἄμφω
547 2135 641 2189 ταῦτα·
657 2129 687 2188 τὸ
702 2126 753 2210 γάρ
769 2128 867 2207 ἀγαθὸν
879 2132 927 2188 αὖ·

140 2221 186 2278 τοῦ
200 2217 245 2275 καί
257 2217 348 2285 ἁπλῶς
370 2215 415 2276 καί
430 2219 526 2298 κυρίοις
541 2217 638 2299 ἀγαθόν
653 2219 725 2296 ἔστι,
745 2216 841 2298 καὶτῷ
858 2217 927 2302 φίλῳ

142 2305 238 2383 ἀγαθόν
256 2308 336 2365 ἔστιν·
351 2304 420 2365 ῶστε
435 2309 449 2364 ὁ
465 2306 561 2384 ἀγαθδς
581 2305 688 2388 φιλητός
708 2309 777 2382 ἐστι,
796 2306 841 2364 καί
864 2307 927 2366 κατ’

1702 393 1762 454 tea

1007 531 1130 583 Nimirum
1151 531 1195 597 qui
1211 532 1276 583 iuter
1300 546 1326 582 se
1347 531 1445 598 probati
1467 528 1612 604 acceptique
1632 531 1765 587 suntme

976 597 1058 645 umen
1068 595 1193 645 communi
1209 595 1269 645 vita
1288 595 1467 646 corrsuetudine
1485 592 1670 654 devinciuntur,
1688 593 1764 644 bene-

975 659 1025 708 voli
1039 657 1119 722 magis
1135 658 1181 709 sibi
1193 672 1270 722 quam
1286 657 1359 707 amici
1372 661 1439 709 sunt.

1006 720 1074 772 Nibil
1088 720 1153 770 enim
1163 723 1201 771 est
1213 720 1350 770 amicerum
1360 723 1412 771 tam
1424 719 1552 786 preprium
1561 734 1638 789 quam
1651 719 1710 770 vitae
1723 733 1765 772 so-

975 795 1065 846 eletate
1083 795 1205 861 conjungi.
1222 797 1285 846 Nam
1301 809 1346 846 neo
1359 795 1396 847 illi
1407 796 1452 860 qul
1471 795 1589 848 utilitatis
1603 807 1678 845 eausa
1690 796 1765 847 amici

974 871 1092 924 dicuntur
1104 888 1157 925 esse
1170 888 1218 924 nen
1228 887 1278 924 una
1289 873 1375 924 rivere
1389 876 1513 938 possunt:
1528 889 1608 940 qnnm
1622 872 1687 922 enim
1702 871 1765 921 alter

974 949 1053 999 altero
1062 953 1148 1013 egeat,
1161 950 1225 1000 alter
1237 963 1338 1014 quoque
1352 949 1430 1000 altero
1441 949 1480 999 uti
1489 963 1587 1000 neeesse
1602 948 1685 1006 babet,
1696 945 1764 1011 quod

975 1039 1028 1076 sure
1040 1026 1227 1076 consuetudinis
1238 1027 1412 1091 conjunctione
1431 1025 1484 1076 fieri
1503 1026 1612 1091 nequit:
1634 1024 1764 1087 multoque

974 1103 1058 1154 minus
1070 1117 1134 1167 quos
1159 1103 1275 1168 voluptas
1293 1103 1419 1168 conjungit
1437 1102 1502 1154 :sed
1529 1115 1573 1152 uec
1596 1103 1642 1166 qui
1666 1099 1764 1165 proprie

974 1180 1047 1230 arnici
1063 1183 1135 1240 surrt,
1149 1179 1197 1244 ipsi
1210 1179 1327 1230 nimirum
1345 1178 1448 1231 felices:
1461 1179 1593 1230 lleetenim
1608 1179 1672 1228 alter
1685 1178 1764 1228 altero

975 1270 1022 1308 non
1034 1260 1119 1320 egeat,
1133 1257 1197 1306 alter
1214 1259 1297 1306 tamen
1310 1255 1382 1305 alteri
1400 1259 1439 1306 est
1458 1254 1593 1320 jucundus.
1611 1259 1693 1314 Quare
1712 1255 1764 1304 lieri

974 1335 1076 1398 nequit,
1089 1339 1117 1384 ut
1132 1347 1180 1383 una
1190 1333 1274 1384 rivere
1284 1333 1363 1382 nolint
1378 1351 1385 1381 ι
1398 1332 1535 1384 solitariam
1547 1331 1611 1382 eninr
1625 1331 1704 1381 vitam
1718 1332 1764 1380 hos

974 1403 1062 1468 degere
1074 1419 1123 1455 non
1142 1405 1270 1462 convenit,
1288 1417 1351 1468 quos
1364 1403 1447 1454 felices
1464 1403 1584 1462 dicimus,
1608 1403 1652 1454 sed
1664 1403 1764 1452 omnino

974 1490 1074 1526 necesse
1087 1480 1125 1527 est
1142 1491 1191 1526 una
1206 1475 1290 1526 vivere
1309 1487 1352 1524 eos
1370 1474 1413 1538 qui
1435 1474 1523 1525 iisdem
1542 1474 1617 1524 rebus
1635 1473 1763 1524 delectan-

974 1549 1025 1597 tur.
1038 1549 1091 1596 lloe
1105 1550 1201 1604 autem,
1221 1549 1250 1595 ut
1265 1543 1352 1594 iisdem
1365 1546 1440 1595 rebus
1452 1544 1621 1594 adolescentes
1630 1544 1763 1608 gaudeant,

973 1632 1060 1668 eorum
1073 1618 1148 1668 etiam
1165 1615 1323 1667 sodalitatem
1337 1616 1480 1678 constituit,
1502 1630 1582 1681 quum
1600 1616 1687 1667 eadem
1705 1618 1763 1666 stu-

974 1688 1180 1824 ὼλῖῖαῖιθάόδῖςο
1193 1759 1309 1818 amicitia,
1322 1758 1534 1826 quemadmodum
1544 1759 1634 1826 saepius
1643 1737 1777 1818 diximus*

973 1853 1011 1900 est
1025 1849 1154 1900 bonorum.
1173 1848 1279 1900 Videtur
1293 1849 1359 1900 enim
1375 1848 1481 1900 amabile
1493 1852 1518 1900 et
1528 1848 1695 1914 expetendum
1708 1861 1763 1899 esse

973 1938 1040 2004 quod
1050 1939 1163 1989 absolute
1175 1942 1200 1989 et
1210 1938 1308 2004 proprie
1321 1939 1415 1989 benum
1430 1937 1619 2002 autjucundum
1631 1941 1670 1988 est
1683 1953 1689 1984 a
1705 1951 1763 1988 rur-

974 2040 1067 2092 susque
1081 2026 1171 2090 singuli
1184 2027 1290 2078 amabile
1302 2025 1416 2091 judicant
1440 2028 1465 2076 et
1487 2025 1669 2091 expetendum,
1694 2024 1763 2091 quod

973 2115 1033 2180 ipsis
1047 2119 1084 2166 est
1095 2117 1189 2166 boum
1204 2115 1261 2167 :vir
1275 2116 1355 2166 bonus
1367 2118 1453 2168 autem
1470 2115 1553 2166 virum
1565 2116 1658 2166 bonum
1670 2115 1702 2165 ob
1719 2115 1764 2166 bo·

972 2219 1030 2256 rum
1045 2208 1181 2270 utrumque
1190 2203 1271 2268 diligit
1285 2223 1291 2254 ι
1304 2205 1397 2254 bonum
1411 2204 1504 2269 qnippe
1514 2205 1593 2270 ipsius
1603 2207 1629 2255 et
1643 2203 1763 2268 simplici-

973 2297 1011 2344 ter
1024 2293 1185 2358 proprieque,
1197 2296 1222 2344 et
1236 2293 1315 2344 amico
1328 2297 1367 2344 est
1378 2294 1470 2344 benum
1483 2309 1489 2343 ι
1507 2293 1572 2344 unde
1586 2293 1762 2360 sequitnrbo·

973 2396 1033 2432 uum
1046 2381 1130 2432 νῖτυιιι
1143 2383 1251 2446 utraque
1275 2381 1307 2432 de
1322 2395 1397 2432 causa
1418 2395 1473 2434 esse
1487 2381 1620 2432 amabilem
1636 2399 1642 2430 ι
1654 2381 1761 2446 ideoque

973 2475 1050 2526 bones
1061 2473 1127 2524 viros
1139 2473 1198 2524 vitea
1214 2473 1333 2524 societate
1347 2473 1461 2538 conjungi
1477 2473 1540 2523 velle
1550 2473 1650 2522 ernnino
1660 2485 1759 2524 necesse

972 2567 1028 2616 est:
1042 2577 1121 2629 quum
1136 2562 1178 2614 alii
1191 2563 1247 2614 aliis
1256 2562 1420 2622 delectentur,
1440 2565 1495 2613 tum
1508 2566 1536 2613 ut
1550 2561 1689 2625 similibus,
1704 2565 1759 2614 tum

972 2656 1001 2704 ut
1012 2651 1157 2718 simpliciter
1171 2651 1259 2717 bonis,
1272 2654 1327 2703 tum
1347 2655 1377 2702 ut
1398 2650 1446 2702 sibi
1461 2650 1569 2703 invicem
1585 2651 1664 2702 bonis.

141 2393 305 2475 ἀμφοτέρους
319 2393 380 2462 τοὺς
394 2393 514 2475 τρόπους·
530 2388 577 2453 Ικαί
598 2395 641 2454 διὰ
656 2402 732 2456 τοῦτο
747 2396 826 2466 συζῆν
841 2395 925 2468 ἀλλή·

139 2485 195 2550 λοις
208 2481 267 2549 τοὺς
282 2481 439 2550 σπουδαίους
451 2492 525 2542 πᾶσα
536 2481 639 2564 ἀνάγκη
657 2481 806 2563 βούλεσθαι·
819 2482 926 2563 χαίρον-

140 2593 188 2638 τας
200 2568 343 2644 ἀλλήλοις,
360 2569 406 2630 καλ
416 2575 450 2638 ὡς
461 2570 577 2649 ὁμοίοις,
594 2573 685 2641 καλῶς
697 2573 803 2651 ἀγαθοῖς
818 2573 924 2652 ἁπλῶς,

139 2661 186 2720 καί
196 2664 230 2726 ὡς
247 2659 371 2732 ἀλλήλοις
388 2662 504 2740 ἀγαθοῖς.

182 2750 304 2832 (Scripsi
321 2772 329 2814 ε
345 2757 356 2787 ⁰
370 2750 536 2833 πρεοάῦται]
552 2752 643 2832 vulgo
657 2749 814 2836 πρεσῦόται.
828 2751 886 2834 -)

473 2933 542 3012 Κεφ.
564 2929 598 3002 ζ’.
1222 2925 1226 2932 ’
1298 2938 1359 3004 (λη).
1382 2939 1439 2992 vll.

291 3102 351 3170 Περὶ
361 3107 403 3164 τῆς
414 3117 442 3153 τε
453 3100 530 3168 φιλίας
541 3102 583 3154 καὶ
594 3106 636 3163 τῆς
651 3100 776 3167 ριλήσεως.
1207 3103 1239 3148 lte
1253 3101 1352 3149 amicitia
1366 3105 1389 3148 et
1401 3101 1523 3149 amatione.

182 3245 234 3274 m*
246 3245 324 3307 Ἐπεί
334 3246 361 3306 δὲ
373 3246 452 3328 ἀρετή
464 3250 562 3320 ἐστινὴ
579 3247 665 3329 φιλία,
677 3249 703 3306 ἐν
717 3246 792 3326 ποίαη
805 3245 832 3306 δὲ
844 3249 924 3329 ἀρετῇ
1002 3249 1086 3307 Quum
1099 3247 1183 3297 autem
1198 3246 1280 3298 vuius
1288 3245 1321 3296 sit
1334 3245 1452 3308 amicitia,
1461 3245 1487 3298 in
1497 3246 1759 3300 omniautemrirtute

140 3333 220 3402 πάθος
241 3359 268 3394 τι
286 3337 422 3416 θεωρεῖται
438 3334 483 3394 καί
498 3335 563 3413 ἕξις,
585 3334 711 3408 ζητητέον
725 3335 752 3394 τί
767 3337 838 3396 ἐστιν
851 3337 924 3416 ἐοςῇ
971 3334 1061 3400 aliquis
1076 3333 1183 3386 allectus
1193 3337 1309 3387 cernatur
1319 3339 1344 3386 et
1355 3336 1464 3398 babitus,
1474 3337 1638 3403 quarendum
1651 3337 1714 3403 quid
1730 3338 1758 3390 in

139 3424 213 3504 φιλίη
228 3424 328 3496 πάθος,
345 3423 390 3483 καί
401 3424 427 3484 τί
439 3423 498 3493 ἕξις.
514 3421 607 3486 ”uorsa
621 3424 706 3485 τοίνυν
725 3428 742 3497 ἡ
758 3423 805 3501 μὲν
821 3424 926 3505 φίλησις
970 3428 1079 3479 amicitia
1092 3427 1199 3479 allectus
1211 3428 1244 3479 sit
1258 3431 1284 3479 et
1295 3428 1357 3493 quid
1368 3429 1478 3481 habitus.
1494 3429 1590 3481 Similis
1600 3443 1658 3494 ergo
1667 3430 1760 3482 amatio

138 3512 234 3590 πάθει,
249 3518 266 3586 ἡ
284 3511 311 3570 δὲ
332 3513 405 3592 φιλία
427 3511 490 3581 ἕξει·
508 3514 589 3581 πάθος
604 3514 653 3591 μὲν
676 3513 728 3594 γάρ
745 3517 834 3592 ἐστιν,
851 3513 925 3574 δκαί
970 3517 1074 3570 aflectui
1089 3521 1141 3582 est,
1157 3517 1267 3570 amicitia
1281 3531 1342 3569 vero
1354 3518 1455 3575 ,habitui
1471 3539 1477 3570 ε
1492 3517 1601 3571 allectus
1614 3519 1706 3584 quippe
1723 3523 1760 3571 est

139 3602 178 3678 μὴ
191 3599 408 3682 προαιρουμένοις
426 3600 583 3679 συμόαίνει,
596 3601 647 3671 ἕξις
667 3599 735 3677 δά,,δ
749 3601 816 3680 μετδι
831 3625 925 3682 προαι-
970 3607 1005 3670 id,
1018 3607 1087 3674 quod
1100 3607 1248 3661 inconsultis
1259 3611 1336 3662 etiam
1351 3609 1422 3661 nobis
1432 3607 1523 3660 accidit
1533 3648 1539 3671 ,
1548 3609 1650 3660 habitus
1662 3613 1757 3672 autem,

139 3691 233 3771 ρέσεως
250 3689 367 3768 γίνεται,
380 3688 426 3748 καὶ
443 3695 503 3750 καθ’
523 3690 556 3764 ἣν
570 3691 638 3769 μετὰ
659 3689 836 3770 προαιρέσεως
853 3693 923 3772 ἐνερ-
969 3697 1038 3764 quod
1048 3699 1217 3750 cumconsilio
1225 3701 1385 3765 conjunctum
1395 3700 1442 3760 est,
1450 3701 1533 3762 etque
1541 3697 1696 3748 considerate
1709 3697 1759 3762 agi·

137 3787 244 3857 γοῦμεν·
257 3783 275 3852 ἡ
290 3777 338 3856 μίν
349 3767 393 3838 dds
406 3780 510 3862 φίλησις
525 3780 570 3840 καὶ
585 3783 602 3850 ἡ
618 3777 681 3860 πρδς
694 3778 727 3838 τδι
745 3779 837 3860 ἀψυχά
853 3783 922 3840 ἔστιν
969 3801 1026 3838 mus
1039 3788 1148 3852 :amatio
1159 3803 1217 3853 erge
1230 3789 1306 3840 etiam
1321 3787 1488 3838 inanimatum
1498 3800 1567 3836 amor
1576 3789 1630 3849 est,
1643 3785 1758 3836 omnino·

138 3869 247 3948 ἀγάπη,
266 3868 312 3928 καί
323 3866 389 3938 θλως
410 3869 466 3928 ὅθεν
487 3867 617 3929 οὐκέστιν
638 3869 839 3950 ἀντιφιλεῖσθαι·
852 3868 883 3928 τδ
895 3869 922 3929 δὲ
969 3889 1114 3942 queenrum
1132 3878 1250 3944 aquibus
1261 3875 1384 3929 redamari
1398 3888 1567 3940 nequeamus:
1582 3874 1632 3924 tale
1641 3873 1703 3940 quid
1713 3889 1752 3925 au·

137 3964 253 4018 τοιοῦτον
276 3957 367 4026 πάθος·
391 3961 419 4017 οὗ
444 3957 495 4037 γάρ
520 3959 654 4038 κρίναντες
677 3957 723 4018 καί
751 3957 923 4036 λογισάμενοι
968 3967 1020 4016 tem
1029 3965 1136 4017 allectus
1147 3969 1261 4016 est2nee
1272 3965 1337 4016 enim
1346 3966 1431 4015 nestro
1437 3962 1532 4028 judicio
1542 3965 1567 4014 et
1580 3963 1687 4027 cogitate
1697 3963 1756 4014 talia

138 4050 283 4128 ἀγαπῶμεν
293 4047 352 4106 οὐδὲ
366 4046 581 4128 προαιρούμενοι,
592 4048 651 4106 ἀλλ’
665 4047 762 4106 ἐκεῖθεν
774 4047 922 4124 κινούμενοι
969 4067 1082 4104 mamus
1090 4057 1135 4104 aut
1147 4053 1273 4114 consulte,
1292 4053 1337 4104 sed
1348 4052 1468 4103 instinctu
1479 4051 1549 4102 illius
1567 4054 1674 4113 tantum,
1687 4053 1757 4118 qued

138 4137 230 4214 μόνον,
245 4137 310 4217 ὅπερ
325 4135 382 4196 ἐστί
403 4140 525 4219 καθαρῶς
546 4136 636 4205 πάθος·
652 4139 669 4210 ἡ
683 4136 710 4196 δὲ
731 4136 805 4220 φιλία
826 4141 844 4209 ἠ
857 4138 921 4218 πρὸς
969 4144 1114 4210 simpliciter
1126 4147 1164 4196 est
1178 4145 1284 4197 allectus
1296 4165 1303 4198 ε
1316 4144 1495 4196 amicitiorem
1507 4147 1546 4198 est
1556 4159 1627 4196 emer
1638 4145 1757 4211 quoami·

137 4226 196 4294 τοὺς
208 4228 346 4309 φιλοῦντας
366 4225 457 4306 ἀγάπη
471 4225 536 4300 ἐστί,
550 4225 656 4295 θπάθσς
671 4227 728 4286 ἐστί
743 4226 810 4304 μετδι
823 4249 918 4308 προαι-
968 4247 1011 4286 ees
1025 4233 1210 4299 prosequimur,
1224 4233 1269 4301 qui
1282 4233 1389 4286 allectus
1403 4238 1510 4286 osteum
1531 4235 1633 4286 consilio
1656 4237 1757 4303 coniun-

138 4315 243 4396 ρέσεως·
257 4315 378 4398 κρίνομεν
389 4314 439 4397 γάρ
456 4318 489 4384 ῶς
510 4317 549 4376 δεῖ
569 4315 711 4398 φιλεῖντδν
724 4319 859 4397 φιλοῦντα,
876 4315 922 4376 καί
968 4325 1024 4374 ctus
1037 4337 1044 4372 ι
1055 4323 1147 4388 quippe
1158 4323 1300 4389 judicamus
1313 4323 1422 4375 amicum
1429 4323 1582 4390 diligendum
1594 4339 1656 4386 esse,
1673 4339 1755 4389 neque

137 4404 276 4482 κινούμεθα
295 4407 323 4464 οὐ
339 4407 417 4482 μόνον
431 4403 544 4484 ἔξωθεν,
577 4405 647 4465 ἀλλὰ
666 4405 711 4466 καί
732 4404 759 4475 ἐξ
773 4410 851 4483 ἡμῶν
873 4407 921 4466 αιί·
967 4411 1049 4464 solum
1060 4413 1228 4475 extrinsecus,
1245 4415 1290 4467 sed
1307 4416 1382 4467 etiam
1404 4419 1490 4481 sponte
1502 4418 1640 4481 nostraque
1660 4415 1755 4466 ratione

136 4497 188 4554 τῶν
201 4493 302 4554 καὶτοῦ
313 4496 451 4573 λογισμοῦ·
466 4499 483 4568 ἡ
499 4495 526 4555 δὲ
539 4495 607 4573 μετὰ
623 4494 752 4575 λογισμοῦ
766 4494 812 4556 καί
828 4519 921 4578 προαι-
966 4515 1097 4554 meremur
1112 4522 1118 4553 a
1136 4503 1179 4554 ille
1193 4507 1277 4556 autem
1292 4505 1336 4571 qui
1348 4519 1407 4556 eum
1420 4505 1515 4556 ratione
1527 4508 1553 4555 et
1571 4503 1674 4554 consilio
1694 4517 1755 4554 con-

137 4581 231 4662 ρὲσεως
251 4582 370 4658 κίνησις,
387 4583 431 4665 ἀφ’
445 4583 533 4656 ἕξεως·
558 4585 628 4646 ἔστιν
648 4584 732 4666 οίραὴ
752 4585 800 4664 μὲν
815 4585 920 4670 φίλησις
965 4591 1068 4657 junctus
1082 4596 1121 4644 est
1131 4597 1222 4654 motus,
1240 4593 1271 4646 ab
1286 4595 1373 4646 babitu
1386 4594 1550 4660 proticiscitur
1564 4614 1571 4646 ι
1583 4593 1650 4644 uude
1666 4593 1753 4658 sequi-

135 4669 228 4744 πάθος,
243 4671 300 4744 ἡδὲ
313 4671 386 4754 φιλία
399 4673 461 4743 ἕξις.
966 4685 1009 4733 tur
1022 4683 1171 4734 amationem
1184 4681 1319 4744 allectum,
1334 4684 1469 4736 amicitiam
1486 4697 1546 4735 vero
1564 4697 1618 4734 esse
1629 4681 1751 4735 habitum.

176 4759 242 4786 *nn
256 4759 320 4822 Ἔτι
342 4763 365 4820 oi
380 4762 449 4842 φίλοι
473 4765 611 4844 βούλονται
625 4773 678 4834 τοῖς
693 4763 856 4847 φιλουμένοις
882 4761 916 4824 τδι
998 4774 1120 4825 Praeterea
1137 4773 1254 4826 amicilia
1273 4788 1337 4840 quos
1349 4777 1433 4825 amant
1447 4774 1511 4824 bona
1525 4772 1609 4824 omnia
1621 4775 1750 4838 exoptant,

136 4853 232 4929 ἀγαθά,
244 4851 330 4910 αὐτῶν
338 4851 424 4926 ἕνεκα,
437 4855 466 4914 οὗ
478 4856 547 4915 κατά
558 4857 654 4933 πάθος,
667 4854 736 4916 elit
747 4859 806 4914 καθ’
814 4854 875 4924 ἕξιν·
888 4855 917 4914 οὗ
965 4859 1042 4926 idque
1054 4862 1155 4914 illorum
1169 4877 1260 4925 causa,
1276 4878 1325 4914 non
1340 4863 1527 4928 perturbatione
1539 4863 1624 4928 aliqua
1638 4861 1751 4920 incitati,

134 4940 185 5020 γὰρ
198 4937 298 5020 ἀλόγω;
309 4939 378 4999 alla
390 4942 554 5021 λογιζόμενοι
571 4941 807 5018 elucubrabat
829 4943 915 5023 βοόλε·
966 4951 1009 5002 sed
1019 4951 1148 5003 exhabitu
1165 4969 1171 5002 :
1193 4967 1242 5004 nen
1259 4954 1324 5004 enim
1334 4957 1442 5013 temere,
1457 4951 1549 5003 sedita
1563 4955 1592 5002 ut
1606 4950 1677 5017 prius
1691 4964 1752 5002 eau-

135 5030 424 5110 σθαιτοῖςφιλουμίνοις
434 5032 468 5090 τδ
477 5032 675 5112 ἀγαθδιέκείνων
682 5033 759 5093 ἕνεκα
769 5035 796 5092 ἐν
802 5037 840 5114 τῷ
847 5031 918 5114 λόγῳ
965 5053 1019 5092 sam
1036 5041 1189 5106 perpendant
1209 5045 1345 5108 :exoptare
1358 5046 1442 5094 autem
1459 5041 1546 5092 amicis
1559 5041 1624 5093 bona
1638 5040 1750 5106 ipsorum

165 5209 175 5234 '
192 5210 222 5260 Ol
239 5211 260 5260 δ’
277 5210 456 5276 ἀποδεχόμενοι
474 5215 526 5262 κτλ.
542 5237 574 5249 -
596 5213 626 5242 *⁴
640 5211 719 5263 caeto
739 5212 787 5279 γὰρ
807 5213 884 5270 οὕτως
901 5213 953 5264 ἐστὶ
971 5213 1045 5277 φίλων
1058 5215 1110 5262 κτλ.
1124 5237 1156 5250 ·-
1170 5213 1214 5245 θ’*
1231 5213 1346 5266 Μάλιστα
1366 5214 1410 5280 μὲν
1429 5213 1471 5265 οὗν
1488 5214 1541 5265 toro
1561 5213 1627 5278 φιλία
1647 5215 1699 5264 κτλΙ
1718 5237 1751 5250 -

135 5281 190 5310 *m
207 5281 291 5333 Ἔοικε
302 5284 346 5342 e’s
358 5283 401 5346 μὲν
416 5281 509 5348 φίλησις
521 5283 591 5335 πάθει
607 5285 659 5334 κτλ.
674 5309 704 5320 -
718 5284 786 5313 *m*
801 5287 849 5335 Καὶ
859 5288 981 5350 φιλοῦντες
994 5287 1037 5336 τδν
1056 5285 1123 5350 φίλον
1133 5288 1185 5336 κτλ.
1234 5354 1239 5362 Ι
