3958 5942
841 443 1089 510 FRAGMENTA.
1703 447 1759 507 231

155 576 225 634 όδοῖο
249 574 369 635 λείπεται
389 578 424 643 ὡς
444 575 531 647 ἔστιν,
552 575 636 656 ταύτῃ
658 575 681 634 δ’
700 577 744 636 διεδ
760 577 861 655 ση’ματ’
877 577 936 638 ίαει
983 578 1115 656 δυνάμενά
1135 602 1182 657 γε,
1196 582 1306 637 τοιαῦτα
1327 575 1355 636 δὲ
1370 579 1398 635 ai
1413 575 1515 653 οὐσίαι,
1530 576 1569 636 διδ
1589 576 1711 657 μίσγεται
1726 577 1760 637 ιδ

154 662 241 724 πολλθ
261 662 337 739 μόλ’,
360 665 396 731 ῶς
414 663 540 742 ἀγένητον
559 665 600 724 έδν
620 663 666 722 καί
688 663 831 744 ἀνώλεθρόν
856 665 935 723 ἔστιν.
982 664 1105 744 σώματα.
1148 665 1256 726 Τούτων
1278 664 1305 724 δέ
1326 663 1359 722 τδι
1379 653 1426 741 μὲν
1450 668 1498 744 θγρ
1500 621 1517 722 δ
1532 664 1705 742 κεραννυσθοιι
1717 665 1760 725 λέ

157 751 195 812 ὓύ
210 750 263 828 μην
279 750 339 811 οὐδὲ
353 752 505 829 σωματικόν
520 753 621 820 όλως
598 777 628 812 το
640 751 667 811 δν
677 750 706 812 δν
724 743 790 812 εἶναι
803 753 936 832 βούλεται,
981 777 1081 832 γομεν,
1096 753 1155 814 τίιδ
1141 754 1250 838 δέξηρδ
1266 759 1395 834 μεμῖχθαι
1409 744 1465 814 οἱον
1479 753 1621 836 σπέρματα
1635 753 1681 814 καί
1698 755 1761 832 πρό-

153 839 267 917 ιίπερά
251 837 338 920 ἀρδιοιί
340 863 397 898 ετον
427 840 492 900 αὐτό
517 863 580 922 φησι
606 839 702 918 λέγων·
724 841 784 900 οὐδὲ
808 840 935 919 διαιρετόν
982 843 1067 919 ὐατα,
1082 844 1174 904 λευκδν
1192 843 1220 903 δδ
1237 842 1282 904 καί
1296 841 1479 925 όνθριυπον’
1453 865 1483 902 ον
1500 841 1612 920 λέγομεν
1633 846 1763 955 μεμῖχθριι

153 929 233 1000 ἐστιν,
247 927 305 986 (atsi
326 939 379 987 πᾶν
398 931 469 988 ἔστιν
485 927 624 1006 όμοῖον,
606 951 674 988 ωστε
694 928 806 988 οὐδὲ”
771 953 809 1008 ιιρ
832 930 935 1009 οὐρανῷ
981 933 1038 992 οὐδὲ
1058 889 1208 1007 ίπιστημην
1226 933 1271 992 κιιδ
1290 930 1396 1012 ψυχήν,
1346 930 1466 1002 ήνύποί
1468 930 1585 1010 ρὲχεινδ
1602 929 1762 1007 μόνοιςτού-

153 1017 312 1098 ἐναρμόττει
326 1018 361 1076 τὰ
382 1041 436 1098 παρ
438 1020 542 1076 ἀὐτοῦ
563 1015 745 1093 λεγόμενῌ
726 1041 761 1084 aaa
781 1041 853 1084 τινας
872 1019 937 1074 ὑπο-
982 1044 1036 1087 τσις
1054 1021 1152 1080 τούτων
1176 1019 1277 1081 ἕκαστα
1298 1021 1358 1078 καθ’
1373 976 1409 1079 όν
1422 1017 1539 1094 λέγεται.
1583 1020 1653 1078 Ποῖα
1668 1016 1751 1077 δί’
1716 1041 1763 1094 μι-

152 1104 300 1182 λαμόένειν
321 1105 475 1184 θΕὐδημός
497 1128 575 1186 φησιν
593 1103 757 1172 ἀκούσαντας
771 1110 848 1166 τοῦτ
868 1105 934 1164 πιέν·
982 1131 1077 1186 μικται
1094 1109 1139 1168 καὶ
1159 1107 1230 1175 όπως
1249 1111 1314 1183 ὁμοῦ
1328 1109 1416 1166 πάντα
1431 1098 1476 1178 ἧν,
1495 1104 1631 1183 διώρισται
1646 1107 1762 1186 βελτιον,

150 1197 224 1252 τοθεν
245 1191 372 1254 εὐκύκλου
387 1193 500 1274 σφαίρης
517 1192 663 1270 ἐναλίγκιον
678 1192 789 1272 όγιιῳΛ
829 1193 935 1271 Οὐγδρ
983 1196 1113 1270 διιειδὴ’
1088 1220 1117 1256 ου
1128 1206 1181 1254 παν
1194 1194 1313 1254 παντί
1284 1195 1518 1274 μισγεται,σσπερ
1531 1193 1588 1252 ουδὲ
1600 1193 1699 1273 γίνεται
1711 1206 1763 1254 πᾶν

152 1280 446 1392 διαιρετδςόσύρανός,
466 1283 527 1340 ἀλλ’
546 1281 606 1342 οὐδὲ
622 1281 709 1358 ὅμοιος
733 1279 848 1363 σραέρσρ,
866 1281 994 1344 ἀλλδιέ
982 1284 1144 1353 ἐκπαντός·
1166 1287 1196 1345 ἐκ
1216 1292 1262 1345 τοῦ
1286 1287 1378 1344 λευκοῦ
1398 1283 1450 1362 γδρ
1468 1283 1497 1340 οὐ
1517 1282 1652 1362 γίνεταιγ
1656 1285 1763 1363 ραμμή,
1854 1335 1855 1339 ,

152 1377 251 1449 σφαῖρα
242 1368 337 1430 ’ἔστιν
353 1373 422 1445 η’
386 1394 438 1430 των
459 1373 575 1450 φυσικῶν
596 1368 786 1449 σἰκριύεσισίτη.
829 1369 936 1430 Versus
982 1373 1051 1433 δλλδ
1070 1371 1314 1453 μέλανῆραιόν.
1356 1375 1449 1432 'iusta
1463 1377 1515 1454 γὰρ
1526 1371 1674 1439 οἰκείως
1640 1397 1677 1453 τῳ
1691 1374 1764 1454 τόπιμ

153 1459 333 1518 Ριιπιιειιίιίεὶ
347 1459 486 1536 leguntur
498 1459 574 1519 Phil
591 1457 686 1517 Graec.
702 1457 766 1517 vot
785 1461 835 1537 ip.
856 1458 933 1538 126).
982 1463 1032 1522 ὐπὸ
1047 1485 1092 1523 του
1076 1461 1232 1570 Εὔδημον
1246 1461 1375 1538 λεγόμενα
1390 1462 1563 1542 παρεθέμην).

196 1567 232 1607 ιι.
254 1546 293 1606 Tit
312 1543 339 1606 δέ
360 1549 414 1624 μηδ
400 1548 490 1606 δέποτε
512 1549 740 1628 διακριθήσεσθαι,
761 1547 809 1606 οὐκ
833 1547 936 1613 είδότως
1022 1569 1060 1612 ιιι.
1081 1546 1191 1610 ”·“οτι
1161 1539 1513 1626 μενούνέναντίαςδεῖτδς
1530 1545 1613 1658 δρχδς
1627 1537 1693 1604 είναι
1712 1570 1764 1626 ρα-

155 1637 204 1712 μὲν
224 1637 342 1714 λέγεται,
353 1635 473 1750 ὀρθῶς
449 1659 476 1695 οε
495 1635 612 1715 λέγεται.
655 1635 699 1696 Τδι
711 1633 763 1716 γδρ
774 1634 877 1710 παθη
861 1636 936 1715 αχόι-
980 1639 1065 1720 νερόν.
1110 1638 1299 1718 Ἐχόμενονδ
1326 1635 1357 1694 δν
1379 1637 1419 1708 εἴη
1443 1635 1527 1716 λέγειν
1549 1636 1657 1715 πότερον
1678 1634 1763 1707 δύοη

156 1749 241 1802 ριστα.
285 1716 369 1785 Ei
338 1749 383 1785 ουν
397 1724 573 1805 έμεμικτο
545 1749 579 1784 τα
595 1725 728 1805 χρώματα
747 1725 792 1785 καί
815 1729 842 1783 αῖ
856 1725 935 1798 tta:
980 1728 1081 1808 τρεῖςῆ
1105 1727 1210 1793 πλείους
1224 1725 1288 1784 είσί·
1282 1724 1366 1802 ·μίαν
1387 1723 1500 1872 μδγγδρ
1516 1725 1564 1804 οὐχ
1587 1715 1647 1784 οἶόν
1662 1749 1709 1802 τε,
1724 1725 1764 1785 ότι

151 1814 196 1872 ε’θν
214 1815 396 1892 διακριθῶσιν,
411 1815 487 1875 έσιαι
502 1838 528 1874 τι
543 1815 635 1874 λευκον
651 1813 693 1885 6‘
684 1837 738 1892 υγιε
742 1813 793 1873 ινδν
810 1817 858 1894 οὐχ
876 1813 934 1874 ἔτι·
981 1819 1031 1897 οὐχ
1044 1815 1072 1876 δν
1085 1816 1119 1874 τό
1134 1815 1254 1886 έναντια
1270 1813 1435 1895 ἀπείρουςδ
1452 1837 1495 1888 ου,
1509 1814 1588 1875 ότι
1564 1837 1609 1872 ουκ
1624 1813 1763 1886 ἐπιστητον

153 1903 196 1980 ρόν
210 1926 236 1960 τι
252 1901 280 1962 δν
298 1903 355 1962 οὐδὲ
378 1905 468 1962 καθ’*
459 1901 640 1979 οιιοκειμένου.
683 1900 772 1962 Ὥστε
787 1903 883 1970 ἄτοπος
902 1902 935 1961 τδι
982 1905 1009 1964 ιδ
1034 1904 1063 1965 δν
1088 1904 1174 1964 έσται.
1225 1902 1283 1963 Μία
1304 1926 1333 1962 τε
1357 1902 1507 1970 ἐναντίωσις
1535 1905 1562 1960 ἐν
1590 1902 1670 1961 παντί
1695 1904 1764 1982 γένει

153 1991 268 2050 ἀδύνατα
283 1992 368 2063 ζητῶν
385 1994 399 2048 6
418 1997 489 2064 νοῦς,
502 1991 575 2072 είπερ
591 1991 711 2070 βούλεται
727 1989 775 2066 μέν
787 1992 932 2072 διακρῖναι,
982 1993 1034 2071 ἑνί,
1050 1997 1068 2066 ἡ
1084 1994 1106 2052 δ’
1122 1993 1198 2053 οὐσία
1212 1989 1240 2050 έν
1252 2013 1277 2048 τι
1291 1989 1374 2070 γένος.

151 2084 227 2138 τοῦτο
250 2078 278 2138 δὲ
298 2084 410 2152 ποιῆσαι
433 2079 559 2140 ἀδύνατον
581 2079 624 2138 καὶ
648 2081 717 2139 κατδι
737 2077 768 2139 τδ
788 2077 869 2138 τιοσδν
890 2073 936 2138 καί
1023 2081 1207 2162 (Aristoteles
1229 2079 1319 2157 Phys.
1341 2079 1392 2137 iib.
1410 2079 1423 2136 1
1438 2099 1502 2157 cap.
1522 2079 1539 2134 6
1561 2098 1627 2157 pag.
1650 2081 1715 2156 189.
1737 2100 1763 2138 a.

151 2166 220 2226 κατὰ
235 2166 265 2226 τὸ
285 2167 375 2244 ποιόν,
390 2167 460 2227 κατὰ
473 2168 520 2247 μὲν
533 2168 562 2227 ιδ
575 2169 657 2227 πσσδν
672 2167 714 2228 δτι
728 2169 776 2227 οὐκ
790 2170 862 2227 ἔστιν
874 2168 936 2228 tiat-
982 2193 1001 2248 9
1016 2171 1063 2229 ed.
1078 2171 1199 2228 laetanea.
1216 2165 1326 2246 Scripsi
1339 2179 1436 2225 autem
1452 2187 1518 2226 cum
1539 2165 1686 2227 veteribus
1706 2167 1766 2225 edi-

151 2278 242 2336 γιστον
262 2255 387 2336 μέγεθος,
408 2255 477 2316 κατδ
496 2255 524 2316 δέ
548 2255 579 2316 τδ
594 2255 668 2316 ποιδν
689 2256 729 2315 ότι
750 2257 888 2338 ἅχώριστα
902 2256 936 2316 aa
984 2257 1113 2318 tionibus
1127 2257 1195 2316 luiii
1210 2256 1286 2314 Pacii
1299 2267 1328 2312 et
1346 2255 1471 2314 aiioruin
1485 2252 1606 2332 ἀπείρους
1620 2253 1642 2312 δ’
1658 2252 1699 2330 οὐ,
1712 2253 1764 2327 ὅτι,

152 2345 235 2416 πάθη.
982 2371 1073 2428 quum
1094 2347 1171 2426 apud
1194 2345 1355 2402 Beikerum
1384 2343 1497 2418 legatur
1520 2342 1641 2420 ἀπείρους
1666 2343 1689 2400 δ’
1713 2339 1763 2402 ότι.

194 2425 379 2501 ίθΐίῦῑθίθίθὸ
392 2427 480 2504 Phys·
502 2425 553 2483 tib.
576 2427 588 2486 l
608 2445 672 2503 ⁰³1³·
699 2435 796 2504 iqpag.
822 2425 887 2486 1⁸6·
906 2425 935 2485 5·
982 2435 1147 2515 Simplicius
1171 2433 1220 2490 ioi.
1241 2441 1277 2500 6²
1299 2429 1329 2490 b.
1345 2429 1423 2488 ποίαν
1440 2421 1483 2490 οὐν
1501 2427 1664 2508 Ἀλέξανδρος
1678 2429 1766 2488 οὐσίαν

151 2514 188 2572 de
202 2515 384 2590 Anaxagora
399 2515 566 2592 Simplicius
582 2513 633 2574 iol·
650 2515 685 2587 37
704 2513 734 2572 b
757 2513 872 2582 εἰπόντος
894 2519 937 2573 τοῦ
983 2527 1095 2584 ἐνταῦθα
1109 2521 1156 2592 τὴν
1173 2517 1286 2579 κατὰτὸ
1301 2519 1390 2577 ἕωλον
1411 2509 1476 2585 εἶδος
1492 2519 1593 2590 sxotaq
1610 2519 1643 2578 st
1658 2515 1705 2594 μὲν
1719 2515 1767 2588 την

152 2601 341 2714 ’θναξιγόρου·
334 2603 440 2661 ·οὐδὲ
425 2623 502 2682 οισικρ
506 2603 588 2662 ίνετσιι
602 2601 686 2661 ουδὲ
671 2625 757 2680 αποκ
760 2627 840 2662 ινετσιι
851 2601 908 2681 ἕτε
910 2627 937 2662 ον
983 2613 1078 2693 κυρίως
1102 2610 1190 2667 οὐσίαν
1213 2607 1261 2679 τὴν
1276 2614 1333 2671 ταῖς
1355 2605 1449 2672 δλλαις
1466 2607 1637 2684 κατηγορίαις
1653 2605 1767 2684 ιἰντιδιῃ·

152 2691 267 2750 ἀπὸτοῦ
288 2691 476 2772 ετερουδιδιτο
491 2692 579 2752 τισίντοι
594 2695 620 2752 ἐν
634 2625 809 2766 πᾶσινείναι,
824 2691 870 2752 καί
886 2627 937 2752 οὐκ·
985 2700 1115 2782 ρημένην,
1128 2695 1264 2770 ἐλλιπλςό
1284 2693 1373 2770 λόγος·
1367 2695 1453 2753 ·ὲείδ
1442 2693 1515 2766 Ιπλν
1533 2696 1625 2760 κοινῶς
1639 2693 1765 2752 έπδπόν

151 2781 249 2885 λαχοῶ·
242 2777 350 2838 ·ὀύδέ
335 2780 519 2840 αποκέιιοττται
533 2779 682 2840 πελέκει
653 2804 712 2840 ουτε
729 2781 758 2842 ιδ
773 2782 901 2864 θερμδν’
886 2783 938 2841 απδ
983 2813 1035 2847 των
1050 2789 1102 2846 τῶν
1117 2786 1248 2863 γεννητῶν
1270 2783 1344 2842 εἰδῶν
1360 2781 1521 2892 λεγομένην,
1539 2805 1567 2840 ευ
1551 2773 1620 2839 'av
1635 2781 1707 2861 ἔχοι·
1722 2782 1767 2840 καὶ

153 2890 199 2925 του
182 2869 316 2974 ψυχρ”
287 2891 316 2926 ου
336 2866 429 2926 οὐτετ
414 2867 544 2949 τδψυχρ
537 2891 564 2927 ον
580 2868 632 2928 ἀπὸ
653 2893 699 2930 του
683 2875 825 2950 θερμοῦ,
844 2894 858 2929 ο
858 2870 938 2951 ὐγδρ
982 2875 1017 2936 ιδ
1031 2872 1199 3018 Εὐδήμσυδθὲ
1215 2877 1259 2930 τοῦ
1273 2869 1377 2932 Ρσδιου
1389 2893 1454 2951 προς
1465 2893 1564 2942 ταυτην
1578 2893 1623 2948 μοι
1638 2871 1706 2928 δοκει
1695 2867 1767 2940 τὴν

153 2945 266 3014 εἶναι
242 2958 353 3016 τοείλιιι
357 2954 422 3036 ρινὲς
444 2963 494 3016 καθ
496 2955 595 3030 ἀὐτό,
613 2965 705 3030 τοῦτο,
722 2957 815 3038 φησίν,
835 2961 882 3018 οὐκ
901 2963 939 3018 εἷ·
984 2963 1084 3022 ἔννοιαν
1099 2959 1178 3040 ρέρεσ
1179 2964 1237 3032 θ,αι
1254 2981 1276 3018 ιι
1268 2957 1337 3017 ’καί
1360 2961 1467 3038 ἀσαφῶς
1485 2957 1588 3040 ιίρηται
1608 2981 1653 3017 και
1643 2957 1766 3019 ίκεινιι

154 3045 236 3110 δότως
252 3041 299 3121 μέν
320 2981 435 3122 λέγρεται.
476 3046 517 3106 Οὐ
533 3043 584 3124 γδιρ
601 3045 645 3102 διδ
663 3045 745 3105 τδ
707 3067 794 3104 παντο
810 3049 836 3105 έν
858 3055 938 3106 πᾶσιν
985 3043 1066 3129 Ἔχει
1090 3045 1118 3106 δδ
1135 3045 1260 3112 οὐτυις·ι
1277 3047 1301 3103 εί
1319 3043 1381 3103 δέ’
1370 3067 1440 3103 εστιν
1458 3047 1620 3158 ένιιγτιότης,
1643 3043 1688 3104 δύο
1709 3045 1766 3103 τού-

154 3122 222 3192 είναι
236 3131 412 3210 συμὸαίνει
387 3157 417 3193 το
430 3131 676 3212 μὴδιακρίνεσθαι,
688 3131 827 3210 συμόαινει
839 3132 937 3210 μέντοι
984 3135 1146 3216 λέχιστον“’
1132 3158 1216 3195 εσται.
1259 3134 1312 3194 Δύο
1336 3133 1395 3191 66‘
1385 3136 1563 3210 υποκειμένων
1585 3137 1637 3192 τῶν
1657 3133 1770 3244 πρόγιων

154 3222 203 3282 Διδ
218 3221 268 3280 κδν
288 3220 325 3298 μὴ
348 3219 467 3294 εἰδότως,
485 3223 543 3282 ἀλλ’
561 3221 633 3297 ὅμως
651 3224 754 3296 ἀληθῶς
768 3222 887 3302 λέγεται·
906 3225 938 3282 τὰ
986 3223 1109 3284 ἐναντίων
1129 3223 1227 3283 τούτων
1249 3221 1340 3298 μέν’
1314 3246 1344 3280 ου
1346 3221 1418 3302 έδτερ
1419 3246 1447 3282 ον
1462 3213 1555 3282 οἷόντ)
1575 3213 1689 3281 ε’ἷναι
1664 3223 1769 3294 ουσίαν,

154 3309 205 3389 γὰρ
221 3309 308 3382 πσίθη,
323 3309 394 3369 τοῦτ’
412 3309 469 3368 ἔστι
489 3309 758 3388 τδισυμόεόηκόεα’
743 3334 880 3392 αχωριστοι
895 3337 941 3384 της
986 3309 1116 3384 ἐπειδὴ’
1091 3333 1137 3372 ουκ
1155 3311 1223 3370 ἔστιν
1239 3310 1389 3381 ἡούσία
1355 3333 1406 3368 των
1404 3245 1554 3372 ρἐναντίοιν.
1600 3311 1633 3372 Ei
1649 3309 1680 3380 δὴ
1695 3313 1709 3367 6
1723 3331 1769 3389 qu·

157 3401 247 3465 οὐσίας
262 3398 345 3470 ίστίν,
360 3390 411 3458 οἷον
427 3396 461 3456 ιδ
474 3397 605 3478 χρώματα
619 3399 665 3458 καὶ
681 3402 707 3458 αἱ
720 3399 799 3466 ἕξεις·
812 3402 941 3481 μεμιγμέ-
986 3400 1057 3467 σικδς
1078 3399 1116 3476 μὴ
1139 3399 1199 3478 περὶ
1218 3399 1325 3457 πάντων
1348 3405 1456 3473 σκοπεῖ,
1478 3397 1567 3477 διόπερ
1588 3398 1647 3457 οὐδὲ
1667 3399 1772 3475 ἀριθμεῖ

155 3511 201 3557 νης
221 3487 272 3567 γδρ
287 3492 334 3558 τῆς
349 3485 436 3554 οὐσίας
458 3490 503 3548 καὶ
524 3492 576 3547 τῶν
600 3487 810 3564 συμύεόηκότων
827 3488 901 3548 έδνδ
887 3491 942 3548 δια·
986 3488 1077 3548 πιίνεα
1100 3487 1134 3547 τίι
1154 3487 1236 3559 ὅντα,
1253 3485 1313 3546 οὐδδ
1333 3487 1349 3544 6
1352 3485 1417 3567 ρχδς
1436 3487 1524 3554 κοινός
1544 3485 1651 3546 πόντων
1665 3482 1771 3561 λαμόοί·

157 3579 236 3686 κριθῇ
251 3597 281 3633 το
268 3574 511 3652 συμόεύηκος
498 3599 574 3636 εστει
587 3577 674 3636 οὐκετι
686 3575 869 3655 συμόεθικος,
883 3579 941 3638 ἀλλ’
987 3600 1043 3654 νει,
1060 3576 1179 3636 sixt·
1144 3599 1196 3634 των
1218 3575 1313 3635 οὐσιῶν
1328 3575 1373 3633 καί
1399 3573 1498 3634 τούτων
1519 3578 1571 3634 τῶν
1594 3574 1769 3648 σωματικῶν,

157 3665 250 3735 οὐσία,
266 3659 312 3722 ότε
327 3667 387 3722 καθ’
404 3663 494 3722 αὐτδ“
485 3663 602 3744 υφεστιδς
619 3663 703 3724 καθ’
678 3687 726 3724 ουκ
741 3665 767 3723 έν
780 3667 943 3746 ὑποκειμένῳ
988 3655 1041 3724 οἷον
1055 3663 1145 3742 γένους
1159 3663 1228 3730 τινδς
1242 3663 1312 3736 ένός,
1330 3660 1368 3740 μὴ
1384 3661 1485 3738 γίνεται
1499 3661 1567 3721 66
1542 3683 1572 3720 το
1586 3661 1667 3770 τυχδγ
1681 3663 1711 3719 ἐκ
1727 3681 1772 3717 του

156 3752 186 3811 τδ
204 3743 309 3811 είναιέ
295 3750 369 3830 ἔχον,
384 3753 449 3832 όπερ
468 3754 592 3811 πάλιν’
566 3777 595 3812 ου
615 3753 673 3812 καθ’
693 3753 866 3830 ὐποκειμίνοὺ
882 3755 944 3816 έκσί·
988 3753 1131 3834 τυχόντος,
1150 3755 1208 3812 ἀλλ’
1224 3753 1345 3829 όμογενδς
1367 3743 1476 3829 οἷσνρ
1442 3753 1539 3830 χρῶμα
1563 3752 1593 3809 ix
1614 3747 1772 3828 χρώματος,

157 3845 245 3914 λεσεν,
256 3863 301 3900 και
291 3841 377 3921 ὅπερ
391 3839 514 3918 Ευδημσς
523 3842 611 3908 καλως
625 3841 808 3915 ἐπέστησεν,ι
820 3842 899 3902 οὐ’
864 3865 943 3958 μογον
989 3842 1069 3922 χυλδς
1084 3845 1114 3901 ἐκ
1125 3843 1207 3923 χυλσυ
1219 3839 1265 3900 καί
1278 3839 1312 3899 τδ
1330 3837 1411 3898 λοιπσι
1423 3839 1533 3914 ὁμοιως
1547 3837 1601 3896 οὐδ’
1616 3834 1678 3907 δνή
1698 3831 1772 3895 οὐσία

158 3928 192 3988 τδι
207 3929 329 4001 πέθη”
293 3953 346 3988 των
367 3931 463 3988 οὐσιῶν
484 3932 535 4008 οὐχ
549 3919 603 3989 οἷόν
622 3955 650 3990 τε
664 3929 796 4011 χωρίσαι,
813 3932 932 3992 sti’t
887 3933 944 3994 οὐδέ
990 3931 1088 4010 γίνοιτο
1106 3933 1136 3990 ἐκ
1157 3929 1195 4008 μθ
1214 3930 1308 3988 οὐσῶν
1322 3926 1381 3984 οὐδὲ
1404 3929 1482 4002 σῶμα
1497 3929 1527 3986 ἐκ
1548 3924 1585 4002 μὴ
1600 3923 1772 4001 censivam

158 4020 247 4079 πέντε
267 4022 335 4095 δμοῶ
356 4019 387 4078 τδ
407 4021 479 4092 ποίθη
500 4011 567 4078 εἶναι
588 4020 712 4094 δυνατόν,
728 4022 797 4080 ὥστε
815 4021 902 4082 πάντα
918 4027 944 4082 έν
991 4019 1039 4081 Ἐν
1063 4017 1205 4085 τούτοιςτδ
1227 4015 1343 4092 μένον
1289 4005 1343 4074 οἷον
1362 4013 1452 4092 γένους
1473 4013 1540 4082 τινδς
1554 4013 1596 4074 ένδ
1597 4040 1608 4082 ς
1582 4011 1708 4073 δκαλ
1683 4037 1713 4073 το
1734 4013 1773 4090 μὴ

160 4115 241 4167 πασιν
253 4097 329 4168 εἶναι
373 4113 414 4169 06
429 4107 481 4188 γὰρ
496 4107 641 4190 δὴθερμδν
656 4109 701 4169 καί
715 4109 868 4188 ίπιστήμη,
885 4112 945 4170 ἀλλ’
992 4110 1091 4188 γίνεται
1104 4106 1132 4166 δὲ
1152 4106 1182 4166 τδ
1201 4105 1280 4188 τυχδν
1304 4109 1333 4166 ἐκ
1353 4108 1400 4164 τοῦ
1415 4103 1557 4185 τυχόντος,
1581 4103 1640 4163 ἀλλ’
1653 4103 1774 4182 δμογενδς

159 4197 207 4256 ὅσα
223 4198 357 4279 ἐνδέχεται
372 4202 515 4278 μιχθῆναι,
532 4195 598 4266 όλως
613 4197 672 4270 δδὴ
693 4197 762 4275 μῖξις
781 4201 867 4258 έκ
832 4223 883 4258 των
898 4222 945 4258 κε·
993 4187 1046 4257 οἷον
1066 4199 1165 4277 χρῶμα
1185 4197 1214 4254 ἐκ
1233 4192 1377 4276 χρώματος
1399 4192 1489 4252 οὐσίαν
1511 4193 1632 4273 ιίλῆφθαι
1651 4189 1774 4269 σημαίνει

158 4286 342 4366 χωρισμίνων.
384 4289 434 4348 xm
437 4286 584 4368 ρδέίζετσι
609 4285 643 4346 τδ
664 4291 723 4344 καθ’
751 4285 818 4346 aazia
841 4287 947 4358 ὄνταῆ
994 4285 1054 4366 σιχί
1075 4286 1123 4356 τὴν
1145 4288 1171 4344 ἐν
1191 4284 1243 4350 τοῖς
1263 4281 1372 4342 δέκα’
1342 4305 1428 4362 γενεσι
1448 4279 1569 4361 πρόιτην·
1586 4283 1615 4340 οὐ
1636 4279 1687 4362 γάρ
1705 4281 1774 4338 ίοτιν

160 4453 235 4516 igitar
252 4453 277 4504 ii
296 4454 361 4518 quod
384 4455 482 4519 proprie
504 4457 543 4506 est
565 4468 622 4512 ens,
640 4467 688 4504 nen
708 4453 798 4504 aaaidit
814 4455 945 4518 cuiquam,
990 4453 1117 4519 qualitatis
1132 4451 1217 4504 habita
1230 4451 1339 4514 ratione,
1358 4449 1504 4516 quantitatis
1520 4449 1637 4514 quidem,
1655 4447 1774 4514 quianon

160 4542 206 4593 sed
217 4543 310 4606 atiqutu
322 4543 357 4594 itti
371 4543 438 4594 atiud
450 4543 549 4608 acaidit,
562 4556 607 4594 aar
620 4541 724 4610 tuquou
737 4545 829 4596 estens
839 4544 936 4610 propria
990 4544 1030 4595 est
1043 4541 1145 4595 nilnima
1161 4539 1320 4606 magnitudo,
1333 4539 1462 4606 qualitatis
1478 4541 1575 4601 autem,
1589 4537 1649 4602 quia
1667 4536 1775 4588 atteatns

162 4645 208 4682 οιιε
222 4631 436 4697 signifieatpotius
449 4645 524 4698 qaam
535 4633 659 4684 nonensi
990 4630 1166 4698 inseparabiles
1180 4633 1248 4684 sunt.

193 4721 231 4770 it.
248 4719 322 4779 Quod
330 4729 391 4770 νοιο
401 4718 548 4779 aiiinnatur,
560 4731 686 4782 nunquam
698 4717 780 4768 amnia
793 4719 946 4783 segregatum
1024 4725 1061 4771 1⁵.
1078 4723 1186 4784 Apparet
1205 4719 1281 4784 igitur
1295 4717 1408 4782 oportere
1421 4713 1545 4766 centraria
1560 4709 1679 4778 principia
1692 4723 1775 4762 rerum

160 4809 206 4870 iri,
221 4821 270 4860 ιιοιι
293 4809 399 4861 scienter
419 4807 522 4874 quidem
542 4807 689 4869 aiflnnatar,
712 4806 755 4858 sed
774 4807 843 4858 reete
865 4811 947 4858 unsa
991 4819 1054 4858 esse.
1087 4806 1203 4870 sequitur
1216 4805 1344 4869 deinceps,
1365 4806 1393 4854 ut
1410 4801 1536 4862 dieamus,
1551 4804 1635 4851 utrum
1659 4797 1775 4860 ι1ιισ,ιιο

158 4898 260 4951 dicitnr.
306 4899 418 4950 Aiieetns
439 4897 504 4950 enim
530 4897 707 4962 inseparabiles
735 4899 802 4949 sant.
843 4895 948 4955 Quando
991 4895 1054 4957 tria,
1074 4909 1106 4946 an
1121 4895 1194 4960 plara
1212 4892 1332 4958 principia
1349 4891 1406 4942 sint.
1446 4891 1528 4940 Unum
1543 4887 1609 4939 enim
1629 4886 1774 4952 principiam

158 4987 237 5052 igitar
249 4988 345 5039 naiores
358 4990 434 5054 atque
450 4986 552 5039 habitus
570 4987 638 5040 misti
649 4991 722 5052 sant,
733 4988 755 5040 si
767 4986 857 5039 tuerint
867 4997 948 5050 segre-
991 4997 1105 5037 essenon
1120 4985 1217 5050 potest,
1236 4981 1294 5046 quia
1309 4979 1432 5030 contraria
1444 4991 1493 5028 non
1505 4978 1564 5026 sant
1581 4988 1658 5026 unum
1674 4989 1681 5025 :
1696 4987 1777 5042 nequa

160 5077 212 5140 qati
224 5099 231 5127 :
244 5077 294 5128 erit
304 5075 401 5144 aliquid
411 5075 496 5129 alitam
505 5079 551 5128 aut
560 5089 662 5137 ειιιιιιιι,
675 5079 742 5142 quod
757 5091 788 5128 ne
799 5074 948 5127 insuhlecto
992 5087 1053 5124 νσιο
1065 5072 1174 5135 infinita,
1191 5071 1249 5137 quia
1261 5069 1287 5120 id
1300 5067 1367 5134 quod
1382 5070 1435 5130 est,
1448 5065 1496 5115 sab
1508 5063 1636 5117 seientiam
1654 5072 1773 5116 ενιιειιοιι

162 5165 264 5229 quidem
276 5165 404 5218 diversum
420 5165 556 5231 quidquam
571 5165 626 5218 erit.
661 5169 743 5225 Quare
755 5165 863 5216 absurda
879 5175 948 5212 mens
993 5163 1072 5214 cadet.
1106 5163 1160 5211 tina
1181 5171 1282 5226 quaque
1304 5155 1468 5208 eontratietas
1493 5157 1531 5206 est
1553 5151 1668 5206 inomni
1688 5165 1777 5220 quiere

164 5255 216 5316 est,
232 5265 261 5305 aa
274 5267 455 5319 quaerensque
465 5253 521 5306 fieri
531 5257 671 5318 nequeant,
688 5254 709 5306 si
722 5265 837 5319 separare
848 5250 948 5314 quidem
993 5263 1044 5302 ano
1057 5269 1065 5303 ι
1077 5249 1215 5302 substantia
1229 5260 1290 5300 ιειο
1302 5258 1381 5312 genas
1397 5243 1575 5310 sequaquam
1586 5257 1673 5297 unum.

165 5341 236 5407 vnit,
253 5340 302 5395 Ιιοο
321 5349 403 5396 autem
423 5343 521 5395 eitieere
534 5344 633 5408 nequit,
646 5347 697 5394 tam
716 5339 862 5406 quantitatis
875 5351 948 5403 quarn
971 5335 973 5340 “
