3938 5968
664 387 716 448 DE
736 388 978 454 AFFECTIBUS
1000 389 1126 452 LIBER.

61 523 146 594 ζῆλός
164 522 250 583 terti
266 525 353 604 ψυχῆς
376 523 483 602 λογικῆς
504 518 632 601 Θερμύτης
653 521 697 580 ἐπ’
711 523 803 604 ἀγαθῷ
820 523 864 582 καὶ

62 616 146 692 κακῷ
164 613 238 688 μετὰ
253 611 466 692 παραδείγματος
478 609 651 686 ἀξαπτομίνη.

107 701 277 775 Ζηλοτυπία
291 703 319 762 δέ
335 704 391 761 ἔστι
403 702 475 773 λύπη
494 701 538 760 ἐπὶ
555 703 593 782 τῷ
613 700 659 760 καὶ
674 699 762 768 ἄλλοις
775 701 865 781 ύπάρ-

62 815 144 872 χειν,
161 791 213 852 καί
228 791 291 869 ἡμῖν
307 789 448 870 ὑπάρχειν.

107 879 259 959 Δυσδυμία
275 878 303 938 δὲ
316 874 388 952 λύπη
409 879 451 936 ἐπ’
473 876 560 956 ἀλύτῳ
575 875 593 949 ἢ
608 877 756 960 δυσκινήτιρ
777 878 864 960 πράγ-

65 991 147 1026 υατι.

108 1055 250 1138 Συμφορά
266 1056 293 1116 δὲ
308 1055 379 1128 λύπη
402 1054 445 1114 ἐπὶ
458 1053 687 1138 συμπιρυρμίνοις
707 1059 806 1125 κακοῖς.

106 1145 214 1226 'Axios
230 1145 257 1206 δὲ
268 1144 340 1218 λύπη
358 1141 517 1225 βαρύνουσα.

107 1233 197 1315 Ἀχος
213 1233 242 1293 δὲ
254 1233 326 1306 λύπη
341 1233 458 1315 ἀρωνίαν
472 1235 630 1312 ἐμποιοῦσα.

107 1322 305 1406 Σρακελισμδς
316 1321 343 1381 δὲ
359 1325 416 1382 ἐστι
430 1321 502 1392 λύπη
518 1318 629 1401 σροδροί.
643 1344 654 1371 e

109 1411 252 1493 (Scripsi
267 1417 299 1467 ε·
321 1412 358 1489 τῷ
382 1407 504 1488 ἑτέρους]
525 1428 590 1467 curn
613 1407 680 1470 cod.
705 1427 737 1482 a;
756 1408 858 1469 cod.b

63 1506 120 1562 τῶν
137 1498 252 1578 ἑτέροις.
265 1531 305 1544 -
320 1495 332 1532 ⁵
346 1497 421 1568 ζῆλύς
437 1499 511 1576 ἐστι]
536 1518 601 1556 cum
618 1497 682 1556 cod.
699 1497 819 1571 a31c0d.
835 1497 865 1556 b.

64 1589 148 1660 ζῆλος
166 1585 227 1644 ε’πί.
244 1589 306 1631 —⁰
323 1585 440 1666 σρυδρεί]
457 1585 523 1646 eod.
540 1584 652 1665 σφόδρα.
663 1584 721 1663 -)

108 1675 221 1743 Πένθος
236 1673 264 1733 δὲ
277 1671 349 1744 λύπη
366 1675 410 1732 ἐπὶ
426 1671 512 1753 ἀώρου
524 1671 625 1739 τέλους.

109 1762 302 1842 Δυσχέρανσις
313 1761 340 1819 δὲ
355 1760 427 1833 λύπη
440 1760 465 1828 ἐξ
480 1760 602 1818 ἐναντίων
618 1761 761 1840 λογισμῶν.

109 1850 256 1930 Ὀχλησις
274 1848 301 1908 δὲ
313 1849 385 1925 λύπη
405 1847 636 1930 στενοχωροῦσαῆ
653 1841 819 1930 ἀναστροφὴν
836 1852 865 1908 ού

67 1940 198 2000 διδοῦσα.

109 2025 219 2100 Ὀδύνη
235 2024 261 2084 δὲ
275 2024 347 2097 λύπη
360 2023 512 2085 είσδύνουσα
526 2023 572 2084 καλ
586 2023 667 2093 ὀξεῖα.

66 2115 143 2176 Ἀνία
162 2115 192 2174 δὲ
214 2114 284 2187 λύπη
298 2115 324 2183 ἐξ
340 2116 535 2192 ἀναλογισμῶν.

110 2201 296 2278 Μεταμέλεια
310 2203 337 2261 δὲ
357 2201 430 2273 λύπη
447 2202 490 2260 ἐπὶ
508 2200 684 2282 ἁμαρτήμασι
709 2201 868 2282 πιπραγμέ·

67 2317 140 2366 νοις,
158 2289 209 2352 καί
224 2290 268 2349 διά
283 2315 308 2348 τι
326 2290 463 2370 γεγονός·

111 2379 256 2458 Σύγχυσις
269 2379 295 2437 δὲ
312 2377 385 2451 λύπη
399 2377 430 2438 τὸ
441 2377 525 2459 παρδν
542 2379 659 2459 διορᾷνι,
680 2377 710 2438 τὸ
727 2377 755 2438 δὲ
770 2379 867 2457 με’λλον

69 2474 99 2530 οὐ
124 2468 282 2529 κωλύουσα.
558 2488 562 2494 ·

112 2555 234 2634 Ἀθυμία
248 2553 275 2614 δὲ
289 2555 361 2628 λύπη
374 2556 562 2624 ἀπελπίζοντος
576 2547 612 2616 ὧν
633 2559 754 2634 ἐπιθυμεῖ
766 2559 866 2638 τυχεῖν.

111 2645 187 2717 Ἀση
205 2643 232 2703 δὲ
246 2643 316 2716 λύπη
330 2642 397 2720 μετὰ
413 2646 564 2724 ῥυπασμοῦ.

110 2733 236 2811 Νέμεσις
250 2731 277 2791 δὲ
294 2732 366 2805 λύπη
382 2732 425 2792 ἐπὶ
442 2733 623 2814 ἐπαιρομένοις
637 2734 711 2815 παρὰ
724 2733 753 2794 εδ
769 2739 868 2814 προσῆ-

70 2847 131 2884 κον.

113 2909 255 2992 Δυσρορία
270 2908 298 2968 δὲ
312 2908 383 2984 λύπη
397 2907 464 2987 μετὰ
479 2909 590 2991 ἀπορίας
605 2915 651 2970 τοῦ
665 2915 720 2978 πῶς
735 2911 864 2992 χρήσεται

69 3012 126 3069 τοῖς
139 3005 268 3080 παροῦσι.

114 3093 183 3156 Γύσς
202 3087 230 3146 δὲ
245 3091 337 3168 θρῆνος
348 3087 493 3166 ἀγόμενοςο
507 3085 576 3146 nard
590 3087 687 3168 λύπην.

112 3175 279 3257 Βαρυθυμία
303 3174 330 3234 δὲ
344 3176 418 3248 λύπη
445 3173 594 3256 βαρύνουσα
617 3177 662 3252 καὶ
683 3175 820 3236 ἀνάνευσον
840 3178 869 3237 σύ

72 3269 200 3328 διδοῦσα.

114 3359 240 3422 Κλαῧσις
262 3353 290 3414 δὲ
313 3351 457 3434 δισίιιρισις,
476 3353 666 3432 ίλυπουμίνου
686 3351 802 3424 νεύοντος
826 3357 868 3416 ἐπί

72 3445 103 3505 ab
117 3452 221 3524 χεῖρον.
790 3441 793 3448 '

114 3531 236 3611 (ίιροντις
248 3529 275 3589 δὲ
287 3531 412 3609 λογισμὸς
426 3528 603 3607 λυπουμένου.

116 3615 219 3689 Οἷκτος
235 3619 262 3678 δὲ
276 3619 347 3692 λύπη
363 3622 405 3679 ἐπ’
421 3618 566 3698 ἀλλοτρίοις
586 3622 686 3686 κακοῖς.

117 3710 251 3790 (Scripsi
264 3730 272 3768 :
285 3719 296 3748 ι
312 3707 357 3768 καὶ
370 3709 413 3768 ua
425 3733 451 3766 τι
462 3706 565 3785 γεγονός
576 3709 585 3786 ]
595 3730 662 3768 curm
674 3709 739 3766 cod.
758 3711 866 3782 a3cod.

74 3801 104 3862 b.
124 3805 161 3868 ὥς
177 3799 223 3859 διαί
237 3821 263 3858 τι
282 3797 415 3877 γεγόνασι.
433 3795 498 3843 —¹'
517 3797 589 3871 λύπη
607 3797 637 3855 τὸ
657 3796 740 3878 παρὸν
761 3798 866 3878 διορᾷν]

77 3887 259 3958 εοάἀ.,λύπη
281 3887 383 3967 διυρᾷν,
408 3892 477 3931 -⁰
501 3885 643 3962 ἀγόμενος]
660 3907 725 3945 συιπ
741 3887 807 3946 cod.
834 3908 865 3963 ες

75 3979 140 4035 εοιι.
164 3977 194 4034 b.
216 3973 356 4053 ἀγόμενον.
380 3973 443 4020 -‘¹
472 3972 621 4053 διάιιρισις[
648 3973 721 4032 codd
761 3971 867 4054 διάκρυ-

76 4089 127 4133 σις,
147 4099 188 4112 -

195 4065 207 4144 )
382 4149 474 4212 basau
491 4151 559 4222 εἴδη.

116 4248 233 4330 Ὀκνος,
255 4247 384 4328 αἰσχύνη,
413 4247 508 4326 δεῖμα,
531 4245 602 4316 δίσς,
630 4245 763 4326 ἔκπληξις,
787 4249 867 4308 κατά·

77 4339 188 4416 πληξις,
204 4335 309 4409 δειλία,
321 4335 460 4418 elopodiae
472 4381 480 4410 ,
493 4346 506 4372 ⁸
531 4336 647 4417 ἀγωνία,
667 4336 810 4415 μέλλησις,
824 4340 869 4420 dp·

78 4430 180 4510 ῥωδία,
194 4426 318 4508 θύρυύος,
333 4425 534 4503 δεισιδαιμονία.

120 4519 251 4597 (Scripsi
269 4539 275 4574 :
291 4519 304 4548 ¹
318 4517 475 4597 ψυροδέεια,
500 4516 567 4576 cod.
591 4511 728 4598 ψυροδεία.
743 4516 808 4595 -)

350 4601 430 4684 Ὅροι
453 4607 504 4663 τῶν
520 4607 606 4667 εἰδῶν.

121 4691 221 4761 Ὀιινος
252 4694 299 4770 μὲν
325 4683 369 4751 ola
401 4695 457 4750 ἐστι
481 4692 560 4774 ρύύος
589 4693 735 4774 μελλούσης
763 4695 869 4778 εὐεργε-

82 4785 176 4852 eleas

124 4870 249 4953 Αἶσχύνη
265 4869 292 4930 δὲ
305 4869 383 4951 ρύύος
398 4868 510 4940 ἀδοξίας.

123 4965 210 5035 Δεῖμα
222 4959 249 5019 δὲ
266 4958 345 5041 ρύὸυς
362 4958 537 5040 ὑφορώμενος.

124 5049 187 5117 Δίας
201 5049 229 5108 δὲ
245 5049 324 5130 ρύύος
339 5047 504 5116 outreoubest³

123 5132 270 5212 Ἐκπληξις
295 5139 323 5198 δὲ
342 5137 422 5221 ρύύυς
448 5137 534 5200 ἕνεκεν
557 5137 700 5212 ἀσυνήθους
726 5137 871 5221 φαντασίας

86 5226 178 5284 δεινοῦ.

1641 399 1697 459 li'll

913 531 947 582 tis
970 534 995 583 ει
1013 531 1096 582 festivi
1121 545 1127 575 :
1150 531 1194 580 aut
1215 529 1280 580 livor
1301 533 1340 581 εει
1361 533 1438 582 mimi
1457 533 1562 584 rationis
1580 536 1701 600 compotis

912 592 996 707 ξργγργ
1009 595 1074 644 bono
1087 597 1131 643 ant
1148 592 1215 643 malo
1233 593 1340 657 exempli
1354 589 1493 658 proie'rendi
1513 610 1589 646 oousa
1604 597 1700 648 intlam-

947 735 1103 788 Obtrectatio
1123 749 1183 788 vero
1199 737 1237 786 est
1251 735 1333 794 dolor,
1346 736 1415 801 quod
1438 738 1519 788 etalii
1536 739 1701 804 habentque

913 840 957 877 nos
975 826 1107 878 habemus.

943 905 1074 969 AEgritudo
1097 907 1183 955 antem
1200 903 1272 955 dolor
1294 917 1308 954 e
1335 917 1362 954 re
1384 904 1554 969 inexplicabili
1573 907 1613 958 vel
1634 906 1701 956 diiii-

913 993 993 1044 eultbr
1005 993 1091 1044 mobili
1105 997 1235 1057 acceptus.

944 1082 1080 1132 calamitas
1096 1085 1135 1132 εει
1148 1081 1218 1132 dolor
1237 1094 1252 1132 e
1265 1079 1375 1132 contusis
1392 1082 1466 1134 malis
1482 1089 1624 1149 perceptus.

944 1170 1058 1220 Molestia
1070 1173 1108 1220 est
1117 1169 1188 1220 dolor
1201 1169 1292 1234 gravis.

944 1261 1035 1310 lioeror
1048 1262 1087 1309 est
1103 1258 1173 1309 dolor
1187 1257 1314 1308 silentium
1324 1256 1424 1310 iaciens.

945 1347 1077 1398 iracundia
1086 1349 1125 1398 εει
1139 1347 1209 1397 dolor
1222 1360 1289 1398 aoer.

945 1695 1039 1744 Luctus
1051 1697 1089 1744 εει
1098 1693 1168 1745 dolor
1180 1707 1210 1744 en
1221 1693 1357 1744 immature
1370 1661 1451 1745 rnorte
1466 1699 1607 1760 perceptus.

945 1783 1095 1833 Stomachus
1110 1785 1149 1833 est
1167 1781 1238 1832 dolor
1252 1796 1284 1833 ex
1296 1783 1426 1834 contrariis
1447 1784 1556 1834 consiliis
1574 1787 1652 1834 ortus.

946 1871 1105 1922 perturbatio
1117 1875 1201 1922 autem
1219 1871 1290 1922 dolor
1309 1871 1381 1938 quasi
1394 1872 1420 1922 in
1437 1873 1563 1936 angustias
1576 1871 1702 1923 adductus

914 1937 952 1984 εει
968 1937 1011 1982 ant
1030 1933 1139 1984 reditum
1151 1933 1297 1998 praecidens.
1584 1971 1587 1976 .

944 2022 1062 2072 noxietas
1079 2036 1139 2072 vero
1157 2022 1227 2072 dolor
1239 2023 1397 2088 penetrabilis
1412 2025 1437 2073 ει
1454 2037 1517 2074 acer.

945 2113 1056 2164 Tristitia
1069 2115 1153 2164 nutem
1168 2113 1239 2163 dolor
1255 2126 1286 2164 ex
1300 2112 1490 2177 cogitationibus
1501 2115 1581 2162 ortus.

944 2200 1091 2252 Paenitentia
1108 2215 1168 2251 uero
1191 2201 1262 2251 dolor
1277 2205 1315 2250 εει
1336 2214 1349 2251 ε
1366 2201 1475 2265 peccatis
1486 2201 1602 2252 admissis
1620 2203 1699 2260 ortus,

914 2266 939 2312 ει
959 2277 991 2313 ex
1011 2267 1101 2314 evento
1115 2263 1200 2327 aliquo
1220 2267 1346 2327 aceeptus.

946 2350 1065 2402 Goniusio
1087 2357 1171 2402 autem
1185 2351 1256 2401 dolor
1269 2355 1307 2400 εει
1326 2351 1465 2424 prohibens
1477 2351 1617 2464 &nummus
1636 2364 1701 2414 prae-

914 2417 1008 2464 sentem
1026 2427 1110 2464 rerum
1135 2417 1228 2464 statum
1252 2425 1445 2478 perspiciamus,
1464 2427 1476 2463 s
1531 2427 1579 2463 non
1600 2412 1701 2462 obstans

914 2477 974 2542 quin
999 2476 1086 2527 lutura
1106 2475 1296 2540 praevideamus.

944 2555 1025 2604 Animi
1048 2555 1154 2620 dejectio
1176 2555 1247 2605 dolor
1263 2557 1302 2606 εει
1317 2553 1479 2619 desperantis,
1495 2568 1521 2606 εε
1532 2567 1562 2606 ea
1581 2567 1638 2620 qun
1654 2553 1700 2604 de-

914 2617 1007 2668 siderat
1023 2621 1215 2668 consecuturum
1229 2631 1291 2668 esse.

945 2696 1063 2747 Moestilia
1082 2700 1167 2746 autem
1182 2695 1253 2746 dolor
1269 2701 1307 2746 εει
1319 2709 1376 2746 oum
1389 2695 1505 2747 sordibus
1514 2696 1666 2760 conjunctus.

945 2785 1083 2848 indignatio
1104 2799 1164 2834 vero
1185 2783 1255 2834 dolor
1274 2785 1305 2835 ab
1322 2784 1463 2834 hominibus
1479 2784 1593 2836 indecore
1610 2798 1699 2849 super-

914 2863 1039 2914 bientibus
1049 2863 1120 2914 nobis
1135 2863 1234 2914 allatus.

946 2952 1103 3016 impatientia
1122 2956 1205 3002 aulem
1221 2951 1292 3002 dolor
1310 2955 1348 3003 εει
1369 2965 1427 3002 ευιυ
1442 2952 1597 3004 dubitatione
1617 2967 1702 3004 conso-

916 3040 1005 3099 ciatus,
1027 3041 1152 3105 quomodo
1169 3042 1244 3092 rebus
1261 3041 1427 3106 praesentibus
1441 3041 1474 3090 sil
1491 3041 1621 3093 utendum.

945 3129 1100 3180 Lamentatio
1114 3131 1151 3180 εει
1171 3130 1286 3194 ριειιυιυε
1298 3144 1313 3180 ε
1325 3128 1467 3180 dolentibus
1484 3129 1566 3180 datus.

946 3216 1078 3266 Morositas
1102 3220 1140 3266 εει
1165 3216 1236 3266 dolor
1254 3217 1345 3282 gravis,
1371 3217 1465 3266 nnllam
1492 3215 1564 3266 nobis
1589 3219 1702 3282 requiem

914 3305 984 3355 dans.

946 3395 1031 3444 Fletus
1049 3396 1087 3444 εει
1104 3393 1232 3444 moerentis
1251 3392 1384 3458 judicium,
1405 3393 1450 3458 qui
1472 3391 1504 3444 ed
1525 3392 1649 3444 deteriora
1662 3392 1702 3442 in-

915 3484 1000 3536 olinat.

947 3571 1095 3624 sollicitudo
1109 3575 1194 3621 aulem
1208 3571 1335 3621 mor-enus
1353 3571 1471 3635 (agitatio
1483 3573 1529 3621 εει.

948 3661 1075 3712 Μίεεεειίο
1092 3674 1152 3710 vero
1165 3659 1235 3710 dolor
1248 3673 1279 3711 ex
1291 3659 1377 3710 alienis
1387 3659 1460 3710 malis
1471 3662 1595 3724 aceeptus.

1209 4147 1292 4197 Metus
1307 4144 1407 4196 ronne..

947 4251 1075 4316 segnities.
1092 4253 1181 4318 pudor,
1194 4267 1280 4318 pavor,
1307 4252 1389 4310 timor,
1410 4250 1587 4308 υοιιειειιιειίο,
1601 4251 1696 4315 stupea

917 4343 1056 4402 timiditas,
1072 4341 1177 4392 formido
1198 4355 1281 4406 angor,
1298 4341 1424 4392 cunctatio
1438 4340 1592 4401 sollicitudo,
1605 4341 1702 4391 tumul·

917 4435 967 4494 tus,
978 4433 1129 4497 superstitio.

1182 4631 1327 4678 Fennorum
1336 4626 1499 4677 definitiones.

948 4717 1068 4782 segnities
1080 4718 1183 4783 quidem
1195 4723 1234 4769 est
1243 4723 1326 4768 metus
1337 4717 1430 4767 futuras
1443 4715 1623 4768 beneticentiae.

949 4882 1033 4932 Pudor
1058 4885 1142 4932 aulem
1161 4883 1199 4931 est
1217 4879 1326 4930 infamias
1338 4883 1430 4930 metus.

950 4975 1029 5022 l‘avor
1041 4975 1123 5022 autem
1136 4974 1220 5021 melus
1235 4973 1374 5034 suspectus.

947 5063 1030 5113 Timor
1042 5077 1101 5126 vero
1113 5065 1197 5112 melus
1216 5065 1358 5126 perpetuus.

949 5153 1122 5204 Consternatio
1138 5153 1180 5203 ἐει
1193 5154 1277 5203 metus
1295 5150 1327 5202 ab
1346 5149 1446 5202 insolita
1459 5148 1562 5214 periculi
1580 5148 1667 5216 speeie
