4020 5950
229 351 269 415 ης
770 399 774 408 .
950 347 1142 414 slttusm

230 481 274 540 τόν
295 479 402 562 αίθίρα·
421 484 435 540 ό
450 478 477 538 δὲ
497 479 602 560 ούρανθς
617 478 724 540 πάντων
741 479 835 548 κοινός.
851 481 887 542 At
907 479 954 558 μίν
969 473 1013 540 σύν
1059 502 1120 560 cap.
1142 483 1189 540 ιθ.
1205 511 1270 556 -,
1286 477 1405 558 Ἀθηνᾶ]
1421 477 1545 538 Procius
1561 479 1594 536 in
1608 479 1720 556 Crutyi
1742 499 1766 538 c.
1787 483 1843 550 184

229 567 314 640 τοίξεις
330 569 375 628 καί
390 567 511 645 δυνοίμεις
526 568 571 626 καί
584 575 694 649 σφαῖραι
705 571 756 628 τῶν
774 568 875 628 lutrio
887 570 952 628 θεῶν
966 569 1014 628 oii-
1061 589 1120 648 seq.
1135 583 1164 630 et
1183 570 1214 628 in
1227 567 1306 628 Tim.
1329 587 1358 646 p.
1375 569 1413 636 48
1434 581 1463 626 et
1479 567 1526 627 51.
1549 566 1594 626 Gi.
1610 570 1756 628 Cornutus
1776 589 1841 650 cap.

230 683 280 726 τοις
297 657 414 740 εἴρηνταί
427 680 456 716 τε
470 657 516 717 καί
532 656 672 734 ῦμνηνται.
691 657 695 664 ’
1060 678 1108 718 ao.
1120 689 1159 702 -
1169 663 1182 704 θ
1192 653 1292 736 Ἄρος]
1305 655 1427 714 Procius
1437 656 1458 716 l.
1472 676 1498 716 c.
1513 667 1541 714 et
1551 654 1699 716 Cornutus
1711 675 1776 736 cap.
1791 678 1842 720 21.

273 748 389 825 (Pauca
415 748 541 806 notanda
564 769 571 806 ι
587 752 598 782 ⁸
615 745 674 828 mpi
692 747 743 805 τῶν
764 746 947 827 ῦπαρκοσμίων
969 747 1014 806 καί
1058 777 1098 790 -
1114 755 1124 782 ¹
1138 744 1251 824 ἁρμονία
1266 742 1314 820 μὲν
1329 745 1359 801 τὸ
1369 743 1464 810 κιίλλος
1478 744 1566 822 ποιεῖ]
1580 743 1703 804 Procius
1717 747 1748 804 in
1763 746 1842 808 Tim.

231 834 378 914 όγκοσμίων
400 833 486 915 θεῶν]
503 833 629 894 Eandem
650 835 817 914 bipartitam
836 835 1012 896 divisionem
1058 834 1111 895 iib.
1127 834 1169 893 lll
1190 854 1221 913 p.
1246 833 1321 910 1553
1338 833 1421 892 Pisto
1436 833 1468 892 in
1483 833 1596 912 Cratyi.
1611 855 1642 914 p.
1657 835 1714 894 316
1736 848 1764 893 et
1781 837 1843 896 Ari-

230 945 306 1005 saepc
320 927 452 1002 agnoscit
467 925 607 998 Procius,
631 924 683 1003 qui
703 937 799 984 tamen
816 925 847 984 in
868 925 1014 1002 theologia
1059 925 1177 984 stoteles
1187 922 1313 1002 itletaph.
1330 921 1416 995 iiiii,
1435 924 1462 982 3.
1473 954 1513 968 -
1527 928 1537 958 ¹
1551 925 1580 984 οθ
1593 923 1758 1004 κρύπτεται]
1771 929 1844 984 Pro-

230 1013 379 1072 Piatoniea
389 1026 515 1090 quatuor
528 1033 635 1091 genera
650 1013 734 1092 ponit
744 1055 752 1085 ,
762 1012 888 1086 ’νοητοός,
899 1013 1012 1094 νοτρούς,
1059 1013 1121 1072 cius
1136 1012 1224 1072 theol.
1237 1011 1310 1070 Piat.
1322 1010 1375 1074 iib.
1395 1011 1408 1068 l
1427 1030 1492 1088 cap.
1510 1011 1561 1070 αδ.
1579 1012 1640 1060 -t
1655 1011 1779 1072 Διόνυσον
1795 1015 1844 1090 μὲν

231 1099 438 1182 ῦπαρκοσμίους,
455 1101 621 1180 όγκοσμίους.
636 1100 699 1148 -i
715 1105 784 1180 τρεῖς
796 1100 889 1180 ἔχουσι
908 1102 1013 1182 τάξεις]
1059 1103 1085 1158 όν
1097 1100 1159 1178 Διί]
1171 1100 1294 1160 Procius
1309 1101 1340 1159 in
1356 1099 1435 1161 Tim.
1449 1121 1477 1178 p.
1492 1101 1548 1169 334
1564 1114 1593 1160 et
1604 1103 1637 1161 in
1650 1100 1762 1180 Cratyi.
1774 1119 1839 1181 cap.

231 1189 273 1252 Ci.
292 1189 471 1250 lamblichus
487 1191 523 1250 de
535 1203 623 1269 myst.
640 1209 728 1268 segm.
743 1189 770 1247 ll
785 1211 849 1270 cap.
867 1213 883 1264 7
899 1205 928 1250 et
940 1191 1013 1251 Pro·
1063 1191 1130 1261 184.
1147 1191 1224 1250 ilinc
1242 1192 1295 1268 qui
1316 1190 1407 1266 vulgo
1425 1189 1549 1250 habetur
1568 1192 1705 1251 vitisator
1718 1191 1791 1250 deus
1805 1193 1843 1250 ab

229 1281 292 1338 eius
306 1278 395 1340 theol.
413 1279 483 1338 Piat.
501 1280 553 1339 lib.
568 1280 607 1338 vl
622 1300 685 1358 cap.
705 1300 739 1338 ιι
758 1301 787 1358 p.
809 1289 878 1350 404.
898 1311 939 1326 -
958 1288 968 1316 c
989 1285 1015 1342 oi
1057 1276 1269 1358 Olympiodoro
1281 1279 1317 1338 ad
1331 1277 1486 1338 Philebum
1499 1299 1528 1357 p.
1547 1301 1601 1339 201
1619 1280 1666 1341 ed.
1682 1279 1842 1341 Stailbaum

229 1366 276 1444 μὲν
293 1357 361 1426 εἶναι
374 1371 478 1426 ποιοῦσι
492 1367 535 1428 τόν
553 1366 671 1446 κόσμον]
684 1388 743 1426 non
757 1381 885 1445 quatuor
894 1369 1014 1429 ordines
1060 1367 1227 1427 nominatur
1252 1365 1381 1446 respiret
1400 1365 1456 1434 θεὸς
1471 1369 1518 1436 τῆς
1541 1370 1656 1448 ψυχικῆς
1673 1367 1718 1426 καί
1733 1369 1843 1448 ύπαρκο-

228 1457 292 1516 θεῶν
307 1453 472 1535 όγκοσμίονν,
487 1456 538 1516 sed
554 1457 685 1536 quinque
697 1470 836 1516 memorat
844 1457 966 1516 Procius
982 1459 1013 1518 itt
1058 1453 1135 1530 σμίου
1156 1454 1281 1534 κράσεως.
1295 1465 1363 1500 -l
1385 1453 1542 1527 Ἀσκληπιόν
1565 1453 1593 1513 δὲ
1618 1457 1645 1514 ir
1672 1453 1838 1536 Ἀπόλλωνι]

228 1544 370 1604 Timaeum
383 1567 413 1624 p.
427 1545 462 1603 51
480 1544 576 1605 πολλαί
592 1544 638 1623 μὲν
654 1545 755 1606 ίνιαίων
773 1548 838 1606 θεῶν
853 1547 1013 1628 σἰναραίνον-
1058 1544 1155 1606 Proci.
1169 1545 1202 1604 in
1217 1546 1295 1604 Tim.
1312 1542 1365 1604 iib.
1383 1543 1396 1600 i
1416 1563 1482 1622 pag.
1498 1551 1545 1622 49.
1563 1542 1705 1622 Syriantts
1718 1542 1751 1602 in
1766 1541 1839 1602 Ari-

232 1656 276 1692 ται
292 1631 396 1710 τόξοις,
412 1637 609 1714 ρρουρητικῶν,
626 1633 833 1714 δημιουργικῶν,
851 1637 1011 1714 ἀναγωγῶν,
1058 1645 1126 1693 slot.
1137 1632 1264 1712 Metaph.
1277 1629 1419 1702 Παιήωνῆ
1436 1630 1533 1712 Σωτὴρ
1546 1630 1702 1704 Ἀσκληπιὸς
1711 1630 1759 1702 τὴν
1771 1629 1842 1690 θείαν

229 1722 399 1794 συνεκτικῶν,
411 1721 607 1801 ταλασιουργῶν.
620 1719 683 1768 -i
695 1720 817 1801 διὀθικα]
830 1722 898 1802 Viri.
915 1723 1011 1782 Proci.
1059 1721 1127 1802 ἔχων
1139 1721 1278 1802 ἰατρικήν,
1292 1720 1324 1781 δι’
1335 1711 1366 1792 ἧς
1380 1724 1446 1787 θεοῖς
1457 1743 1484 1780 τε
1499 1719 1544 1780 καί
1557 1723 1654 1802 ψυχαῖς
1666 1720 1712 1780 καί
1723 1718 1840 1798 σύμααι,

228 1809 317 1872 theol.
328 1809 403 1871 Piat.
416 1810 471 1872 iib.
486 1809 524 1868 vl
540 1831 606 1890 cap.
623 1832 672 1870 αα.
688 1810 734 1871 Ci.
748 1812 881 1872 liermics
893 1815 925 1872 in
938 1815 1010 1874 Piat.
1058 1809 1111 1876 τοῖς
1133 1807 1180 1888 μίν
1198 1808 1239 1870 tel
1261 1807 1291 1868 τό
1315 1810 1447 1888 προσῆκον
1463 1807 1606 1886 imitus,
1621 1813 1674 1876 τοῖς
1692 1807 1720 1868 δὲ
1740 1806 1801 1868 ὅταν
1822 1797 1840 1888 ᾖ

228 1898 342 1958 Phaedr.
356 1919 385 1976 p.
404 1899 460 1957 ιοθ
487 1899 533 1960 ed.
561 1901 621 1959 Ast.
636 1931 676 1946 -
695 1907 707 1936 ⁰
724 1899 789 1968 Ζεύς
810 1900 855 1959 καὶ
876 1904 1012 1963 Ποσειδῶν
1057 1896 1156 1956 δεκτόν.
1168 1908 1232 1944 -1
1246 1894 1293 1968 riv
1309 1895 1411 1976 Κρόνον
1422 1894 1451 1956 ii
1463 1896 1587 1978 Δήμητρι
1599 1895 1705 1978 osiel]
1720 1897 1841 1956 Procius

227 1987 300 2066 ieri]
315 1985 382 2046 vid.
397 1987 495 2048 Procl.
515 1987 604 2048 theoi.
617 1988 692 2050 Piat.
705 1988 759 2049 iib.
772 1988 810 2046 vl
825 2009 886 2069 cap.
901 2011 950 2052 aa.
964 1992 1009 2053 cl.
1057 1985 1145 2046 theol.
1168 1988 1245 2048 Piat.
1265 1986 1334 2066 Vp.
1353 1989 1410 2061 267
1431 1988 1490 2046 κατ’
1507 1984 1606 2068 'Oppia
1625 1989 1664 2067 τῷ
1678 1985 1726 2064 μὲν
1748 1986 1842 2068 Κρόνῳ

227 2074 375 2136 Cornutus
393 2075 430 2134 de
442 2088 499 2136 nat.
515 2076 595 2138 deor.
612 2097 675 2156 cap.
692 2090 754 2136 aet
775 2099 821 2138 ιι.
837 2077 1011 2160 -ίἯραι-
1057 2079 1170 2136 συνοῦσα
1195 2071 1261 2136 Ῥία
1275 2075 1411 2148 καλεῖται,
1433 2073 1476 2133 τὸν
1500 2072 1527 2134 tl
1548 2073 1600 2134 Δία
1623 2075 1779 2155 παράγουσι
1796 2074 1843 2134 καί

227 2159 303 2246 στος]
317 2161 382 2221 vid.
405 2162 506 2224 Proci.
523 2165 554 2222 in
569 2165 649 2228 Tim.
666 2185 697 2244 p.
725 2175 760 2236 44
777 2180 806 2225 et
823 2165 913 2227 titeoi.
935 2167 1010 2226 Plal.
1058 2163 1195 2241 μετόιΔιθς
1208 2161 1494 2245 ίμραίνουσα,τούςτα
1509 2161 1708 2231 όλουςκαίτοῦς
1722 2163 1843 2244 μερικοῦς

227 2249 282 2312 llo.
298 2249 336 2307 vl
352 2269 416 2329 cup.
436 2271 487 2308 aa.
505 2251 551 2310 Ci.
572 2251 719 2312 Cornutus
733 2273 796 2334 cap.
816 2274 852 2330 ¹9
867 2267 896 2312 et
910 2254 1011 2333 Olym·
1058 2252 1215 2333 θιακόσμοος
1228 2256 1279 2313 τῶν
1294 2256 1378 2326 θεῶν,
1391 2252 1534 2334 Δημήτηρ.
1549 2251 1595 2314 Ci.
1608 2256 1640 2312 in
1651 2253 1763 2330 Cratyi.
1775 2273 1840 2332 cap.

227 2339 344 2418 piodor.
368 2340 404 2398 ad
424 2339 498 2400 Piat.
515 2340 631 2403 Phileb.
646 2363 678 2421 p.
695 2345 750 2401 281
776 2343 821 2402 ed.
840 2341 1011 2401 Stolibsum.
1061 2344 1115 2402 166
1132 2364 1164 2424 p.
1176 2345 1214 2420 96
1231 2343 1423 2419 Boissonad.)

235 2433 291 2474 ..t
308 2427 440 2510 Δημήτηρ
457 2429 468 2508 ]
485 2428 528 2488 Ci.
557 2430 683 2490 Procius
700 2431 791 2491 theol.
808 2430 882 2490 Piat.
900 2429 953 2490 lib.
976 2431 1011 2488 Vi

228 2535 292 2596 cap.
309 2538 340 2576 ιι
355 2530 385 2576 et
397 2519 427 2576 in
441 2517 552 2596 Crutyi.
566 2538 631 2597 cap.
653 2521 706 2577 163
723 2539 755 2598 p.
772 2519 809 2598 95
827 2519 1011 2592 iloissonad„
1251 2570 1255 2578 .
1389 2511 1455 2588 Κεφ·
1479 2507 1510 2578 i'·

226 2606 295 2665 item
312 2606 458 2670 Cornutus
473 2627 537 2686 cap.
552 2609 599 2666 αθ.
613 2639 653 2653 -
668 2610 680 2647 ¹²
695 2609 762 2667 Vid.
782 2607 880 2668 Proei.
897 2608 928 2666 in
942 2608 1012 2666 Cra·

227 2695 281 2772 ryl.
299 2716 329 2773 p.
350 2715 406 2772 179
439 2695 521 2754 Adde
537 2693 698 2754 Cornutum
720 2716 782 2773 cap.
809 2697 824 2752 3
846 2708 874 2754 et
897 2694 1009 2754 lirnob.

226 2781 281 2842 lib·
294 2783 336 2841 lii
350 2803 414 2862 ⁰³4)-
433 2785 481 2844 30·
498 2815 538 2830 -
552 2781 560 2826 ί
575 2783 641 2842 Vid·
658 2784 754 2846 Pl'00i·
771 2785 802 2842 in
816 2784 927 2862 Cfaiyi·
945 2805 1009 2864 cap·
1098 2791 1183 2852 Αὐτὸν
1206 2791 1234 2850 δὲ
1256 2793 1299 2853 τόν
1320 2791 1419 2871 κόσμον
1440 2792 1571 2875 όρθαρτόν
1589 2817 1619 2854 τε
1634 2795 1679 2854 καὶ
1694 2795 1835 2873 ἀγέννητον

231 2872 399 2943 171ec180
414 2891 468 2930 nec
487 2891 546 2930 non
563 2871 651 2931 theol.
668 2871 743 2933 Piat.
759 2871 814 2932 lib.
829 2873 867 2932 v1
881 2891 944 2952 cup.
967 2893 1010 2948 ¹7·
1057 2867 1125 2940 ι’ίιαι
1150 2881 1263 2956 ἀνάγκη.
1288 2879 1435 2960 Ἀρθοιρτον
1462 2881 1525 2958 μίν,
1547 2881 1587 2941 ότι
1604 2884 1651 2942 uix
1670 2882 1725 2942 ἔστι
1749 2884 1840 2954 τούτου

227 2958 289 3006 ···¹‘
311 2959 335 3017 ti
359 2957 386 3018 δί
408 2957 579 3036 appetetur]
601 2959 743 3038 syrianus
768 2980 776 3019 :
803 2957 893 3040 iim?
916 2963 1009 3038 ὅμου·
1056 2966 1197 3050 ρθαρίντος
1218 2967 1235 3040 ἡ
1254 2969 1360 3052 χείρονα
1374 2967 1391 3040 ὴ
1406 2969 1542 3050 κρείττονα
1561 2973 1687 3048 ποιῆσαι,
1702 2969 1719 3042 ἢ
1733 2971 1777 3031 τόν
1792 2974 1840 3030 αύ-

226 3047 297 3112 clxi<
312 3046 355 3106 διὰ
374 3049 426 3106 τῶν
441 3049 533 3112 ἑαυτοῦ
558 3051 750 3125 utillimos&
766 3051 885 3128 ἆθῑθμῶν
900 3049 947 3120 Τόν
962 3051 1009 3108 ili·
1056 3057 1119 3130 τόν,
1141 3053 1319 3136 ἣόκοσμίαν.
1337 3058 1407 3119 ’Ait'
1425 3061 1448 3118 εί
1472 3055 1520 3135 μίν
1542 3057 1665 3137 χείρονα,
1679 3059 1760 3126 κακὸς
1780 3061 1841 3118 tte

228 3158 286 3216 ραν,
300 3134 412 3207 οὖτῑνςή
434 3133 508 3218 φύσις
522 3135 564 3194 itit
577 3139 630 3195 τῶν
646 3140 739 3208 inoffi<
759 3139 875 3217 φυσικῶν
891 3139 1009 3217 ἀριθμῶν
1056 3143 1200 3224 κρείττονος
1214 3153 1302 3228 χεῖρον
1324 3148 1420 3205 ποιῶν·
1440 3148 1463 3205 τί
1478 3145 1505 3204 ii
1522 3146 1673 3226 κρείττονα,
1689 3147 1842 3218 όθύνατοςό

226 3225 260 3286 τὰ
277 3227 370 3297 sauss<
389 3223 498 3303 ipplto
510 3223 743 3306 tspouppipece.
758 3224 814 3283 sed
829 3225 881 3304 qui
893 3224 941 3284 hic
960 3225 1008 3304 ip·
1058 3233 1095 3316 μὴ
1110 3231 1158 3305 τὴν
1172 3233 1257 3316 ἀρχὴν
1273 3233 1303 3294 τῦ
1324 3243 1441 3316 κρεῖττον
1457 3233 1584 3306 ποιήσας·
1598 3236 1621 3293 si
1635 3235 1663 3294 δὲ
1678 3234 1720 3294 τὸν
1738 3237 1838 3318 αὐτόν,

226 3315 348 3393 μόζονττς
369 3327 519 3384 vocantur,
543 3334 594 3374 eos
608 3315 733 3375 ProeIus
753 3315 841 3374 theol.
865 3315 935 3374 Plat.
952 3315 1006 3376 lib.
1058 3321 1146 3400 μάτην
1169 3321 1332 3394 ποιήσαντί
1355 3322 1382 3382 δί
1406 3320 1554 3400 ἀκοσμίαν,
1574 3323 1633 3381 ἀλλ’
1652 3324 1711 3382 οὐδὲ
1735 3323 1839 3384 θκούιιν

226 3402 263 3462 vl
281 3423 343 3484 esp.
356 3423 393 3461 αν
409 3401 479 3467 θεοὺς
495 3402 673 3481 despumet<
684 3403 821 3483 appellnt·
837 3434 877 3448 -
892 3401 900 3438 ¹
916 3401 1010 3462 Ἀπόλ-
1054 3409 1168 3490 τοῦτόγι
1178 3409 1259 3487 θίμις.
1302 3410 1451 3490 Ἀγίννητον
1464 3409 1491 3469 Bi
1502 3407 1639 3488 ίκανόιμέν
1649 3409 1731 3480 δεῖξαι
1741 3415 1838 3472 ταῦτα·

225 3493 300 3574 λων]
320 3492 419 3581 Proci.
437 3492 525 3552 theoi.
550 3493 627 3550 Pial.
646 3491 702 3552 lib.
719 3491 756 3548 vl
772 3511 836 3568 cap.
859 3511 892 3549 ra
905 3505 934 3550 et
952 3511 1008 3569 αα,
1055 3502 1079 3558 αἰ
1093 3496 1145 3579 γόιρ
1168 3497 1206 3576 μὴ
1222 3498 1369 3578 φθείρεται,
1385 3497 1441 3558 οὐδὲ
1464 3497 1568 3578 γίγονεν
1584 3503 1611 3534 ··
1633 3497 1789 3572 irretiisse
1810 3501 1840 3560 τὸ

225 3582 294 3644 ilem
311 3581 342 3644 in
357 3579 467 3659 Cratyi.
482 3601 543 3658 cap.
563 3590 630 3654 174,
649 3583 703 3654 ¹75
718 3593 826 3654 81177·
841 3579 924 3638 Adde
941 3579 1009 3639 Cili·
1054 3589 1187 3670 γινόμενον
1202 3587 1350 3673 ρθείριται,
1365 3585 1464 3648 καθότι
1483 3587 1585 3665 όνιίγκη
1599 3585 1642 3646 διὰ
1656 3586 1705 3660 τὴν
1718 3593 1763 3649 τοῦ
1779 3593 1839 3650 θεοῦ

227 3687 330 3744 nutum
344 3695 419 3754 cup..
429 3676 477 3738 32.
492 3706 533 3724 -
547 3679 569 3710 '¹¹
584 3673 740 3756 Ἀφροδίτη]
758 3673 882 3735 Procius
896 3673 928 3733 in
942 3674 1008 3736 Cra·
1054 3678 1205 3756 όγαθότητα
1220 3676 1292 3744 όντος
1305 3683 1350 3736 τοῦ
1372 3675 1472 3753 κόσμου
1498 3674 1537 3734 ἀεί
1557 3699 1585 3735 τε
1603 3669 1647 3736 τόν
1664 3675 1721 3737 θτθν
1742 3677 1839 3757 ἀγαθόν

226 3767 278 3844 tyi.
296 3783 359 3845 cap.
385 3767 438 3834 184
457 3779 486 3824 et
506 3767 537 3825 in
554 3766 630 3825 Tim.
654 3785 685 3844 p.
706 3764 760 3822 155
782 3776 921 3826 extrema.
938 3799 975 3809 -
994 3771 1007 3799 '¹
1055 3755 1122 3827 circu
1136 3765 1181 3826 καί
1196 3765 1240 3824 τὸν
1253 3765 1350 3843 κόσμον
1362 3764 1488 3846 ὑπάρχειν
1500 3765 1527 3804 i·
1538 3763 1628 3845 ὥσπερ
1643 3764 1710 3847 ἡλίῳ
1726 3765 1774 3844 μὲν
1793 3766 1839 3828 καί

225 3853 348 3934 Ἑρμῆς]
364 3854 459 3916 Ριοσί.
481 3853 520 3916 th.
545 3855 591 3916 Pi.
608 3854 631 3918 i.
649 3874 689 3926 c.;
710 3852 859 3912 Cornutus
878 3871 940 3931 cap.
959 3853 1007 3913 16.
1054 3855 1117 3936 πυρί
1128 3855 1318 3936 συνυφίσταται
1331 3857 1422 3932 ρῶςν,
1440 3853 1547 3932 σώματι
1561 3854 1589 3914 ii
1607 3855 1678 3916 σκιαί.
1689 3857 1750 3916 Τῶν
1766 3855 1793 3916 δί
1810 3855 1837 3915 iv

226 3953 287 3988 —⁰
299 3941 414 4022 Ἑστία]
433 3943 557 4002 Procius
573 3943 659 4002 lheoi.
680 3943 753 4002 Piat.
769 3941 823 4003 lib.
838 3941 875 3999 Vi
891 3961 953 4021 cup.
971 3963 1007 4000 aa
1055 3943 1093 4022 τῷ
1111 3942 1205 4024 κόσμῳ
1220 3943 1352 4020 σωμάτων
1367 3940 1401 4000 τόι
1415 3941 1462 4020 μὲν
1480 3947 1539 4003 νοῦν
1553 3949 1674 4020 μιμεῖται
1688 3945 1734 4003 καί
1748 3942 1838 4025 κύκλῳ

225 4045 253 4090 et
269 4033 300 4090 in
320 4030 431 4106 Cratyi.
457 4051 519 4110 cap.
545 4033 611 4100 130.
631 4031 678 4094 Ci.
704 4030 849 4092 Cornutus
869 4051 932 4110 cap.
959 4033 1007 4092 αθ.
1056 4031 1166 4090 κινεῖται
1180 4029 1206 4108 ⁶,
1217 4029 1251 4090 τόι
1267 4030 1294 4089 δὲ
1308 4029 1413 4112 ψυχήν,
1425 4030 1471 4090 καί
1486 4029 1527 4091 ἐπ’
1539 4030 1652 4108 εὐθείας,
1664 4037 1717 4112 πῦρ
1730 4031 1777 4110 μίν
1792 4035 1838 4093 καὶ

225 4119 313 4180 uviri.
331 4117 368 4180 Vi
386 4117 462 4180 Fast.
481 4141 513 4181 r.
531 4141 598 4198 299·
616 4120 736 4180 Aristot.
759 4121 795 4180 de
809 4121 886 4180 coeio
903 4119 958 4182 lib.
981 4119 1007 4177 ii
1055 4117 1106 4200 θὴρ
1116 4119 1187 4196 ἄνω,
1202 4117 1275 4198 γῆδό
1288 4119 1333 4178 καί
1347 4119 1416 4202 θδωρ
1430 4119 1518 4180 καίτοι·
1531 4123 1582 4180 τῶν
1597 4119 1625 4180 δὲ
1637 4119 1741 4200 κύκλῳ,
1755 4123 1772 4194 ἡ
1787 4117 1836 4198 μὲν

1152 2661 1208 2724 Περὶ
1228 2665 1267 2719 vl<
1280 2659 1371 2722 φῦαειος
1384 2665 1427 2710 τοῦ
1442 2659 1536 2724 κόσμον
1549 2662 1590 2710 καὶ
1604 2662 1744 2722 ἀιδιότητος.

223 4287 249 4336 et
267 4297 352 4336 eorum
368 4286 561 4350 unumquodque
576 4299 608 4336 ex
629 4286 732 4352 primis.
746 4294 834 4346 mediis
848 4289 874 4338 et
890 4287 1008 4338 extremis
1053 4287 1122 4338 verbi
1137 4299 1213 4338 cause
1229 4287 1351 4338 Bacchum
1364 4289 1437 4348 tori,
1454 4288 1623 4353 AEsculapium
1636 4287 1754 4352 Apollini,
1774 4287 1837 4340 Gra-

223 4375 334 4436 eoustet,
350 4373 449 4424 illorum
468 4373 677 4426 administratores
690 4374 822 4426 duoneolm
840 4389 894 4426 esse
907 4389 1007 4427 accuse
1052 4376 1100 4428 tias
1124 4377 1222 4429 Veneri.
1256 4378 1324 4436 Quin
1343 4377 1419 4430 eliam
1437 4379 1511 4430 orbes
1530 4391 1617 4430 eorum
1637 4383 1749 4444 spectare
1763 4379 1836 4441 llcel,

223 4466 271 4514 est.
303 4461 423 4514 tlundnm
438 4463 513 4528 igilur
532 4467 662 4528 procreant
673 4464 777 4529 Jupiter,
790 4467 933 4530 Neptunus,
946 4466 1005 4516 Vul·
1053 4469 1136 4518 vesto
1148 4469 1258 4528 θοιταιιι,
1271 4468 1374 4531 Neptuni
1392 4467 1718 4530 aquam,Junoniseerem,
1732 4468 1837 4518 vulcani

224 4565 314 4614 canus,
333 4551 442 4602 animant
458 4552 548 4616 lieres,
568 4555 648 4614 Juno,
660 4553 754 4615 Diana,
769 4553 888 4620 adaptant
904 4553 1006 4620 Apollo,
1051 4553 1148 4620 ignem3
1166 4569 1210 4608 ser
1230 4559 1314 4607 sutem
1333 4555 1472 4620 superiores
1491 4555 1554 4618 illis,
1569 4556 1661 4618 quibus
1679 4554 1753 4619 vulgo
1771 4557 1835 4606 assi·

223 4643 321 4705 venus,
342 4641 495 4706 Mercurius,
517 4641 659 4692 custodiunt
678 4645 769 4705 vesu,
789 4641 913 4706 Minerva,
930 4645 1003 4693 Mars.
1052 4647 1165 4709 guantur,
1175 4643 1224 4696 dlis
1241 4644 1318 4696 tribui
1329 4647 1431 4710 possunt
1446 4665 1452 4696 :
1470 4657 1526 4695 num
1538 4641 1676 4708 Apollinem
1692 4647 1718 4697 et
1732 4643 1835 4695 Dianam

222 4731 318 4782 llorum
328 4733 412 4782 autem
423 4731 529 4783 occulto
544 4730 734 4797 significationes
750 4731 775 4782 ln
792 4731 880 4783 stalriis
898 4730 1007 4784 animad-
1051 4746 1096 4797 pro
1108 4733 1159 4786 sole
1171 4737 1198 4784 el
1209 4733 1267 4785 lune
1278 4731 1355 4798 scalpi
1365 4734 1531 4785 eonvenitzat
1541 4733 1639 4790 Saturni
1647 4733 1733 4785 orbem
1742 4733 1836 4796 cererl,

224 4823 363 4872 venantur.
395 4820 491 4886 Etenim
510 4821 597 4886 Apollo
610 4821 690 4884 lyram
703 4821 733 4871 ad
755 4825 904 4892 concentum
921 4825 1005 4888 aptat,
1052 4821 1168 4873 itineres
1188 4822 1306 4874 etheron
1330 4821 1449 4872 vindicari
1474 4825 1595 4887 oportet:
1618 4821 1711 4872 ooelurn
1729 4820 1837 4886 denique

224 4909 299 4961 annis
317 4909 442 4962 instructa
456 4913 495 4961 est
507 4911 634 4972 Minerva,
657 4909 725 4960 nuda
739 4910 889 4975 conspicitur
904 4915 1005 4976 Venus,
1051 4910 1164 4962 omnibus
1190 4923 1320 4962 commune
1338 4913 1386 4962 est.
1419 4909 1558 4961 Duodecim
1576 4923 1633 4976 ergo
1654 4909 1758 4962 deorum
1783 4911 1835 4961 tam

222 5010 299 5062 prum
310 5003 443 5052 concentus
452 4999 660 5065 pulchrituunam
669 5001 764 5065 gignat,
777 5000 819 5052 illa
828 5013 887 5052 vero
898 5003 923 5052 in
933 5001 1007 5054 rebus
1051 4997 1150 5050 ordines
1161 5011 1235 5064 quern
1251 4999 1381 5050 facultates
1392 5003 1419 5050 et
1430 4999 1503 5051 orbes
1520 4999 1555 5050 ila
1576 4999 1649 5050 simul
1661 5001 1685 5050 ln
1707 4996 1837 5056 annuitur

222 5088 411 5152 aspectabilibus
425 5089 568 5140 uonlateal.
601 5089 647 5140 liis
661 5089 808 5154 primoloco
826 5089 947 5164 mundum
965 5095 1006 5144 te-
1051 5089 1194 5152 tradnntur,
1209 5089 1282 5140 simul
1298 5089 1449 5142 canninihus
1462 5087 1623 5141 celebrantur.

222 5173 337 5226 notibus
346 5214 352 5239 ,
362 5179 464 5228 cosroe
475 5189 574 5242 quoque
583 5176 642 5230 deor
656 5177 686 5230 lis
695 5179 775 5232 inesse
786 5165 947 5235 seruolum
958 5183 1005 5244 est,
