3976 5948
809 431 858 490 DE
885 429 1124 492 XENOCBATE.
1700 430 1755 487 103

146 562 237 637 latur,
262 563 418 641 praemium
440 561 624 641 propositum
640 577 700 622 erat
716 563 743 622 ei
758 565 810 642 qui
831 565 927 644 pluri·
974 566 1055 643 qnod
1070 565 1159 626 semel
1174 585 1191 622 a
1206 563 1306 639 regula
1317 574 1345 620 et
1359 561 1579 639 praescriptione
1594 565 1661 622 vitae
1675 564 1757 622 aber·

147 671 227 710 mum
243 650 385 724 bibisset,
410 669 519 710 corona
534 669 640 725 aurea,
658 671 744 728 quam
760 657 867 714 meruit
882 674 928 713 so·
974 658 1068 712 ravit?
1083 654 1197 732 lnjuria
1211 671 1282 728 ergo
1297 650 1431 709 nonnulli
1449 651 1503 708 hac
1523 651 1690 710 narratione
1712 653 1758 710 in-

148 738 256 798 daliutu
266 737 549 798 victorXenocrates
556 738 780 804 Chalcedonius.
798 742 929 800 «Omitto
974 743 1053 801 ducti
1064 743 1290 802 immoderatum
1306 752 1420 818 pastum
1434 751 1593 818 potumque
1604 737 1759 798 Xenocrati

148 841 252 886 caetera
276 846 341 905 quae
366 848 431 886 curn
456 827 588 886 Athenaei
619 828 719 888 verbis
739 832 927 892 concordant.
973 829 1129 908 objiciunt.
1145 829 1309 905 Gregorius
1320 829 1399 887 enirn
1410 827 1609 886 Nazianzenus
1625 829 1685 906 (3ο)
1701 830 1761 908 dpe-

148 917 284 994 Denique
294 917 438 996 Diogenes
451 915 586 976 Laertius
599 917 658 994 (30)
672 917 728 980 lib.
742 919 792 994 Ill,
807 921 825 978 8
840 921 883 980 sic
894 919 931 978 de
975 918 1072 997 ραγίαν
1096 922 1123 977 ei
1152 916 1310 997 exprobrat
1332 916 1500 994 pariterque
1523 916 1672 974 edacitatis
1693 936 1758 976 enm

151 1004 314 1064 Xenocrate
339 1024 376 1064 :a
401 1023 551 1084 quumque
574 1005 605 1063 in
629 1005 753 1066 bibendi
774 1009 931 1067 certamine
974 1007 1126 1068 insimulat
1136 1009 1257 1068 Nonnus
1278 1007 1351 1088 (33).
1374 1007 1479 1064 Verum
1497 1006 1550 1064 hos
1566 1006 1692 1065 refutare
1707 1007 1759 1067 s'u-

148 1094 227 1172 apud
250 1095 423 1172 Dionysium
445 1093 625 1170 (longiorum
640 1093 688 1154 dic
704 1096 776 1154 sesto
791 1097 843 1174 qui
859 1117 931 1174 quo·
975 1117 1184 1179 per-vacaneum
1198 1107 1252 1158 est.

149 1183 247 1241 tannis
272 1181 437 1251 celebratur
460 1199 548 1240 aurea
570 1201 679 1242 corona
697 1197 771 1244 esset
789 1187 929 1262 donatus,
1017 1187 1206 1246 Xenocratem
1215 1181 1434 1263 Ciceroliliiis
1446 1195 1617 1240 annumerat
1629 1183 1761 1259 philoso-

150 1283 301 1330 exeuntem
321 1271 493 1350 apposuisse
503 1270 584 1330 illam
601 1271 738 1332 Mercurii
753 1287 869 1354 statuar,
879 1276 931 1336 ubi
977 1277 1058 1356 phis,
1074 1278 1126 1356 qui
1137 1289 1233 1334 aetates
1246 1291 1313 1332 suas
1327 1273 1359 1330 in
1372 1285 1512 1350 perpetua
1523 1273 1760 1349 peregrinatione

152 1358 257 1418 lloreas
275 1377 393 1436 quoque
414 1377 526 1438 ponere
546 1359 696 1424 solebat.»
714 1361 780 1421 Jarn
802 1383 873 1422 vero
892 1365 932 1423 le·
977 1377 1216 1436 consumserunt,
1233 1375 1266 1421 ut
1288 1361 1377 1420 semel
1400 1360 1511 1434 egressi
1535 1379 1683 1436 nunquam
1707 1361 1760 1419 do·

151 1461 227 1506 stum
249 1448 333 1507 illum
348 1447 426 1505 diem
441 1448 493 1506 τῶν
507 1449 585 1508 Χοῶν
610 1449 732 1510 Athenis
755 1465 849 1511 acturo
871 1471 933 1512 esse
979 1475 1057 1514 urum
1075 1451 1260 1513 reverterim.
1275 1449 1367 1519 Quam
1380 1467 1440 1504 rem
1458 1447 1497 1504 ita
1511 1467 1542 1505 se
1552 1446 1659 1505 habere
1674 1468 1760 1507 neum

153 1538 312 1613 quotannis
345 1549 457 1595 veteres
490 1539 651 1614 scriptores
679 1551 831 1601 testantur.
862 1540 933 1600 Vide
980 1565 1038 1603 non
1055 1543 1151 1615 ridet,
1171 1539 1310 1619 quoniam
1325 1555 1391 1594 eum
1409 1549 1522 1594 mature
1543 1537 1644 1595 relicta
1667 1541 1761 1615 patria

154 1624 314 1684 blena-sium
323 1626 355 1683 in
365 1623 477 1683 Gracia
489 1625 589 1683 feriata
601 1647 628 1686 ν.
640 1625 820 1708 Ἄνθιον-(ρῳ,
833 1627 931 1687 llohn-
978 1647 1046 1712 post
1059 1631 1165 1690 multos
1179 1647 1272 1687 annos
1286 1627 1380 1685 natale
1396 1624 1542 1701 Bithyniae
1564 1625 1659 1683 solum
1676 1645 1760 1704 repe-

153 1717 233 1774 kenii
263 1716 496 1792 Disputationem
535 1716 571 1774 de
610 1716 689 1776 lestis
723 1718 933 1795 Dionysiorum
981 1721 1063 1779 tiisse
1084 1738 1118 1777 ea
1133 1729 1246 1788 mente,
1260 1714 1350 1773 utibi
1366 1727 1598 1786 consenesceret,
1616 1734 1759 1792 nusquam

152 1803 263 1882 Oposc.
276 1803 342 1864 Vol.
357 1802 696 1882 l,pag.aoli·a15,('ar.
712 1807 761 1869 llr.
774 1807 933 1866 Hermanni
981 1808 1115 1883 legimus.
1143 1805 1325 1881 Quamquam
1357 1815 1451 1859 autem
1482 1801 1539 1859 alia
1563 1801 1627 1878 ejus
1657 1803 1761 1861 itinera

152 1893 253 1970 Antiq.
277 1912 353 1954 sacr.
371 1892 601 1970 (gottesdiemrt.
619 1893 866 1974 Alterthi'tmerls
884 1895 933 1954 58.
964 1912 966 1916 ·
980 1897 1165 1972 ignorantur,
1178 1905 1351 1952 tamencum
1365 1889 1440 1966 Syra
1459 1889 1647 1969 usasadiisse
1661 1905 1761 1950 notum

152 1979 253 2057 ltaque
267 2000 327 2039 narn
341 1995 385 2040 est
397 1982 477 2060 quod
491 2001 556 2041 cum
569 1982 742 2042 sasarrbono
756 1985 792 2043 ad
803 1985 932 2043 Athenaei
980 1997 1034 2046 ests
1056 1983 1152 2054 Quum
1176 1983 1254 2040 enim
1279 1993 1323 2037 ter
1347 1979 1377 2036 in
1401 1978 1530 2036 Siciliam
1557 1979 1706 2056 profectus
1725 1982 1763 2038 sit

153 2069 248 2128 locum
264 2070 383 2128 citatum
400 2071 555 2148 Syracusis
569 2093 687 2151 quoque
700 2075 757 2134 tale
771 2075 874 2134 festum
888 2095 934 2133 ce·
980 2073 1082 2146 Plato,
1098 2073 1185 2129 unios
1199 2068 1314 2127 itineris
1328 2067 1439 2125 socitnu
1453 2065 1542 2124 fuisse
1556 2064 1761 2140 Xenocratem,

153 2156 295 2216 lebratum
311 2175 375 2217 esse
385 2157 545 2218 credamus.
560 2159 647 2218 Recte
660 2161 737 2218 enim
751 2160 886 2220 Kuhnius
898 2160 934 2220 ad
982 2163 1128 2238 Diogenes
1150 2157 1295 2232 Laertius(
1307 2156 1355 2232 35)
1370 2154 1553 2214 testificatur.
1569 2153 1623 2212 Sed
1642 2157 1673 2214 in
1697 2157 1763 2214 aulo

152 2245 297 2304 laertium
324 2250 454 2324 notavit,
477 2246 533 2306 hoc
547 2249 629 2306 nulla
646 2252 835 2328 antiquorum
855 2253 934 2310 testi·
984 2250 1118 2328 Dionysii
1142 2248 1282 2306 eximium
1304 2245 1372 2302 fidei
1391 2257 1419 2300 et
1435 2243 1563 2313 amoris,
1579 2262 1639 2319 quo
1657 2263 1763 2322 praece·

156 2335 322 2392 moniorum
339 2336 508 2393 auctoritate
530 2337 724 2397 demonstrari
747 2357 843 2417 posse.
860 2339 934 2398 Hinc
981 2352 1095 2415 ptorem
1121 2331 1363 2413 amplectebatur,
1381 2332 1529 2407 specimen
1549 2329 1639 2388 dedit.
1658 2329 1763 2388 Simul-

155 2420 289 2491 ellicitur,
309 2423 335 2480 si
358 2441 428 2480 vera
451 2424 551 2481 retulit
570 2422 715 2498 Timaeus,
737 2445 773 2484 ex
797 2426 878 2504 eujus
900 2428 939 2486 li·
983 2425 1217 2506 atqucvidelicet
1228 2420 1389 2496 Dionysius
1400 2419 1515 2477 Platoni
1530 2417 1675 2497 dixitl36)
1687 2438 1694 2473 :
1706 2422 1761 2474 col-

153 2509 216 2568 bris
231 2511 328 2570 caeteri
342 2530 394 2570 sua
405 2512 571 2590 petierunt,
585 2513 759 2592 Dionysium
778 2515 938 2591 aliquando
959 2519 962 2586 )
985 2529 1042 2580 laem
1056 2526 1109 2580 tihi
1121 2525 1228 2596 aliquis
1241 2517 1346 2574 secabit
1353 2559 1363 2590 ,
1379 2513 1556 2572 Xenocrates
1568 2532 1650 2572 suum
1667 2526 1763 2570 osten-

153 2598 280 2658 Athenas
303 2599 465 2678 proiectum
490 2602 636 2680 apparatis
658 2603 753 2680 epulis
776 2625 842 2663 com
864 2605 938 2664 alios
984 2613 1055 2670 dens
1069 2607 1220 2688 respondit
1234 2627 1241 2663 ι
1253 2625 1334 2663 nemo
1347 2606 1380 2660 id
1388 2609 1560 2679 priusquam
1575 2601 1763 2670 hoerlecr'det,

154 2687 322 2766 excepisse,
347 2700 407 2747 tum
424 2687 614 2748 Xenocratem
631 2691 851 2771 philosophum.
878 2692 937 2750 Nec
985 2683 1044 2778 qno
1059 2697 1138 2756 dicto
1150 2715 1181 2755 sc
1193 2691 1399 2770 dignissimum
1410 2709 1472 2747 esse
1482 2689 1534 2766 qui
1548 2687 1620 2745 tanti
1633 2687 1766 2762 philoso-

156 2787 249 2834 tamen
265 2795 418 2856 perperam
434 2777 470 2836 de
484 2775 593 2838 Laertii
609 2779 674 2838 loeo
696 2781 841 2858 judicavit
856 2779 937 2839 ttuh-
986 2788 1038 2868 phi
1051 2801 1080 2846 σι
1093 2783 1257 2863 discipulus
1271 2793 1300 2838 et
1314 2799 1410 2838 comes
1423 2790 1517 2850 esset,
1533 2777 1603 2834 satis
1617 2775 1764 2852 probarit.

156 2865 240 2937 nius,
264 2867 317 2943 qui
339 2867 486 2942 vulgatam
514 2870 687 2946 scripturam
716 2869 759 2928 sic
775 2883 883 2944 tuetur,
906 2883 937 2928 ut
1025 2873 1163 2953 Ejusdem
1191 2869 1307 2948 generis
1332 2866 1406 2926 illud
1430 2878 1489 2940 est,
1511 2862 1591 2941 quod
1619 2865 1767 2923 memoriae

158 2953 264 3028 exigua
278 2954 439 3014 mutatione
455 2955 527 3014 lacta
542 2955 601 3032 legi
623 2955 726 3034 jubeat
749 2977 758 3018 t
778 2957 831 3024 τοῖς
856 2979 937 3016 κατα·
986 2963 1085 3043 prodit
1116 2959 1257 3019 AElianus.
1292 2955 1362 3014 Nam
1398 2971 1487 3029 quum
1516 2949 1693 3008 Xenocrates
1717 2951 1768 3008 ali-

157 3043 256 3118 σχοῦσι
266 3040 339 3121 παρὰ
354 3040 491 3101 Διονυσίου
509 3043 529 3101 i.
543 3063 571 3100 e.
584 3064 640 3120 per
652 3063 699 3101 eos
715 3051 763 3120 qur·
772 3066 792 3101 α
806 3049 939 3117 Dionysio
986 3049 1106 3130 quando
1122 3047 1153 3106 in
1167 3045 1291 3125 patriam
1304 3043 1360 3100 iter
1376 3039 1508 3114 lecisset,
1521 3036 1704 3116 Speusippus
1719 3058 1768 3095 ao-

158 3135 239 3184 mr'ssr'
248 3130 378 3186 Athenas
391 3135 584 3207 appulissem,
598 3144 631 3190 ut
646 3151 704 3190 non
719 3134 782 3211 ipse
797 3147 939 3211 tyrannus
989 3153 1045 3197 tem
1060 3147 1229 3213 aegrotaret,
1245 3128 1416 3189 Aristoteles
1436 3128 1586 3185 Platonem
1602 3123 1662 3201 jam
1685 3139 1766 3184 octo·

157 3219 295 3276 convivio
309 3217 493 3294 interfuerit,
520 3220 570 3278 sed
585 3221 649 3298 ejus
671 3221 768 3280 amici.
793 3221 850 3280 Sed
866 3243 940 3300 quo-
988 3227 1138 3303 genardum
1150 3235 1178 3281 et
1190 3219 1369 3280 obliviosum
1383 3215 1544 3294 propositis
1557 3212 1768 3290 quaestionibus

162 3306 241 3364 niam
254 3305 421 3366 Ruhnkenii
436 3307 605 3385 conjectura
618 3312 709 3386 magis
724 3311 862 3370 convenit
876 3332 941 3370 curn
987 3317 1029 3374 ita
1043 3311 1235 3372 conturbasse
1251 3307 1354 3382 sertor,
1369 3320 1401 3365 ut
1419 3323 1508 3362 senex
1527 3303 1622 3360 locum
1638 3321 1721 3360 soum
1738 3301 1769 3360 in

160 3397 204 3453 rei
221 3403 308 3471 gestae
322 3397 464 3454 relatione
477 3417 541 3475 quae
557 3411 599 3456 est
614 3401 691 3478 apud
703 3400 862 3474 Timaeum,
874 3400 943 3460 huic
990 3403 1145 3462 Academia
1159 3399 1338 3474 relinqueret
1357 3417 1391 3456 ac
1406 3393 1487 3452 domi
1509 3411 1574 3450 cum
1592 3391 1694 3447 amicis
1710 3411 1768 3448 ιιιιι·

161 3483 262 3541 alhum
280 3483 407 3561 adjicere
430 3483 573 3544 calculum
594 3505 653 3544 uon
676 3487 820 3547 dubitavi.
844 3490 942 3547 Enim·
987 3506 1079 3552 neret.
1096 3488 1207 3548 Tribus
1224 3484 1375 3544 mensibus
1389 3494 1456 3563 post
1468 3479 1562 3539 redux
1575 3477 1768 3550 Xenocrates,

161 3589 234 3628 vero
250 3573 357 3629 scimus
372 3570 562 3630 Xenocratem
577 3573 608 3630 in
626 3575 778 3633 Academia
797 3573 893 3634 sedem
910 3595 943 3634 ac
989 3580 1043 3638 hac
1058 3597 1155 3638 rerum
1169 3576 1328 3634 mutatione
1341 3574 1486 3642 offensus,
1497 3581 1558 3626 tum
1574 3567 1768 3646 Speusippum

161 3660 345 3719 domicilium
361 3659 499 3720 habuisse
513 3673 542 3719 et
556 3662 660 3721 studiis
675 3663 805 3722 deditum
822 3662 943 3742 publico
991 3664 1191 3743 reprehendit,
1207 3662 1287 3740 quod
1303 3658 1449 3720 Aristoteli
1465 3657 1615 3726 cessisset,
1629 3668 1688 3712 tum
1712 3654 1772 3712 Sta-

159 3746 221 3806 iere
245 3747 390 3822 caruisse,
415 3768 475 3808 uno
499 3749 547 3808 die
569 3765 690 3830 excepto
713 3771 772 3829 quo
793 3751 880 3812 homo
901 3753 943 3812 la·-
989 3753 1093 3829 giriten
1107 3749 1293 3827 objurgatum
1309 3744 1472 3804 Academiae
1486 3739 1588 3818 spatiis
1601 3737 1687 3815 ejecit
1702 3739 1770 3798 Pla-

157 3833 295 3897 boriosus
312 3838 470 3916 ‹yttounnis
485 3838 516 3897 in
537 3852 601 3898 astu
616 3859 647 3898 se
664 3841 837 3914 contulerit,
859 3837 946 3899 Libe·
991 3855 1145 3918 tonemque
1160 3839 1191 3896 in
1203 3837 1349 3912 integrum
1359 3830 1486 3891 restituit
1502 3829 1572 3905 (37).

158 3923 329 3998 ralibus,ut
344 3947 490 3986 novorum
509 3930 705 4004 tragoedorum
720 3927 862 3986 solemnia
876 3948 945 3986 con·
1031 3929 1101 3986 l‘ost
1115 3924 1247 3985 Platonis
1264 3935 1387 3979 mortem
1403 3917 1501 3996 primo
1512 3913 1698 3991 Olympiadis
1717 3917 1771 3971 108

160 4015 313 4072 decoraret
340 4015 410 4093 (31).
438 4014 519 4074 Licet
544 4017 635 4092 igitur
659 4016 707 4075 die
732 4017 804 4074 festo
825 4015 947 4075 Athenis
993 4038 1069 4076 anno
1091 4013 1258 4074 Aristoteles
1273 4011 1310 4069 ad
1332 4005 1479 4068 Hermiam
1504 4019 1677 4083 tyrannum,
1701 4005 1771 4063 artri-

164 4115 254 4180 super
282 4105 384 4162 vinum
411 4117 439 4162 et
463 4103 564 4182 epulas
588 4107 619 4163 in
643 4103 765 4164 bibendi
790 4106 948 4164 certamine
994 4127 1059 4166 cum
1074 4119 1103 4163 et
1113 4101 1290 4180 discipulum
1299 4117 1395 4168 suurn,
1408 4095 1513 4154 comite
1526 4093 1688 4152 Xenocrate
1704 4092 1772 4174 (33),

163 4191 257 4250 victor
281 4193 368 4252 suerit
389 4191 583 4266 Xenocrates,
604 4195 672 4272 quis
695 4195 723 4254 ei
745 4195 819 4253 vitio
839 4208 946 4270 vertet,
994 4195 1143 4274 proiectus
1157 4204 1216 4264 est;
1230 4189 1332 4266 ibique
1348 4185 1506 4245 triennium
1522 4182 1608 4242 ambo
1628 4195 1774 4258 transege-

552 4333 1772 4362 Μ

162 4441 212 4500 Ego
221 4438 337 4489 eodlcum
348 4439 453 4503 vestigia
467 4441 534 4492 sarh
547 4443 612 4490 tecla
625 4438 709 4490 habui.
724 4469 753 4480 -
766 4441 815 4501 (30)
826 4441 947 4505 Diogenes
993 4451 1066 4503 genes
1079 4436 1191 4488 Laertius
1201 4435 1244 4485 lib.
1256 4437 1299 4494 lv,
1315 4437 1340 4483 11
1352 4431 1457 4488 ιῑπὸντσς
1467 4431 1492 4480 et
1502 4429 1628 4481 Διονυσίου
1641 4429 1697 4491 πρὸς
1708 4429 1772 4478 uta.

161 4509 274 4561 laetiitts
286 4510 330 4560 lib.
345 4513 388 4570 lV,
402 4516 416 4560 ll
431 4514 470 4560 καί
481 4515 563 4576 χρυσῷ
575 4511 683 4575 στιφᾶνῳ
696 4512 822 4574 τιμηθέντα
832 4511 869 4560 ἐπ’
880 4513 945 4575 dilus
990 4527 1055 4560 τωνα
1069 4513 1102 4566 ὡς
1125 4509 1248 4572 ἀφαιρήσει
1265 4523 1299 4562 τις
1316 4505 1387 4554 αὐτοῦ
1405 4505 1445 4553 τὸν
1463 4503 1592 4568 τράχηλον,
1606 4501 1687 4563 παρὼν
1707 4499 1773 4552 ebro<

160 4583 308 4639 πολυποσίας
325 4587 373 4637 τοῖς
394 4583 446 4630 κατ’
466 4583 515 4640 lace
531 4583 605 4632 Xouol
624 4583 688 4646 παρὰ
708 4582 840 4645 Διονυσίῳ,
856 4583 946 4638 ἐξιόντα
990 4583 1030 4629 καί
1045 4581 1118 4636 δείξας
1133 4581 1172 4628 τὸν
1184 4578 1257 4637 litor,
1276 4577 1319 4626 otiu
1330 4577 1358 4625 ἄν
1368 4592 1411 4637 γε,
1425 4575 1483 4636 ἔφη,
1503 4590 1537 4628 τις
1549 4571 1661 4635 πρότερον
1676 4570 1771 4619 τούτου.

160 4656 232 4704 θεῖναι
246 4653 304 4720 πρὸς
313 4650 353 4702 τὸν
371 4653 491 4716 ἱδρυμένον
504 4655 606 4717 Ἑρμῆν,
623 4651 819 4718 hiericontinae
836 4655 946 4711 καὶτοὺς
989 4681 1021 4694 -
1032 4651 1083 4716 (37)
1107 4650 1167 4700 Vide
1185 4647 1313 4712 Speusippi
1333 4645 1411 4695 vitam
1432 4647 1487 4694 nol.
1510 4647 1551 4692 93.
1571 4667 1604 4679 -
1621 4637 1672 4702 (88)
1686 4637 1773 4686 Strabo

161 4724 268 4780 ἀνίσνσὺι
288 4723 377 4774 stato.
395 4724 509 4789 scripsie
528 4725 667 4777 Ruhnkenii
679 4726 879 4787 conjecturare:
892 4727 945 4777 κατ’
990 4723 1033 4774 lib.
1050 4725 1116 4783 xlll,
1130 4735 1155 4784 p.
1170 4725 1216 4770 (tto
1231 4719 1331 4768 ίνταῡία
1350 4718 1374 4766 δὲ
1387 4717 1427 4764 καί
1443 4713 1598 4778 'Ae‘mltt
1612 4710 1715 4772 δῑίῐρῑψό
1734 4705 1773 4793 fl&

163 4797 213 4851 ίτοι
221 4797 297 4846 Χουσὶ
307 4795 372 4860 παρὰ
385 4795 502 4860 Διονυσίῳ
515 4811 560 4861 pro
574 4797 673 4862 vulgata
687 4797 793 4849 lectione
806 4803 854 4855 τοῖς
868 4815 944 4848 ιιοιτιι-ι
989 4796 1031 4853 την
1051 4795 1107 4858 πρὸς
1122 4790 1230 4856 Ἕρμιίοιν
1243 4792 1283 4840 τὸν
1303 4790 1412 4852 τύραννον
1431 4783 1536 4870 κηδείαν).
1556 4783 1604 4832 'lla
1621 4779 1772 4872 ahman

166 4871 253 4928 σχοῦσι
272 4865 336 4929 παρὰ
359 4867 483 4930 Διονυσίῳ.
513 4869 571 4918 vid.
588 4867 726 4919 llubulaenii
745 4872 836 4934 opusc.
855 4871 904 4920 rol.
924 4871 945 4930 l,
989 4861 1259 4927 eiroirttmteatttilwv
1277 4861 1339 4915 τινὸς
1356 4857 1460 4913 οἰκέτης·
1480 4852 1631 4917 lwetot&
1656 4851 1772 4938 {litum}

165 4949 221 5000 pag.
239 4940 284 4986 21³
302 4936 341 4987 etl.
357 4937 478 4988 arietem.
494 4938 663 5000 -(31)Vide
679 4953 754 5004 sopra
768 4940 896 5004 speusippi
911 4940 946 4989 ri·
988 4935 1123 5000 ἠκροάσατο
1132 4934 1173 4985 acl
1182 4933 1308 4988 Πλάτωνος
1317 4931 1357 4980 καὶ
1367 4927 1549 5008 Ἀριστοτέλους·
1561 4923 1771 5013 irerettpvfltle

163 5009 217 5055 tatu
229 5011 280 5056 nol.
296 5012 334 5058 82.
347 5033 376 5045 ·-
391 5008 442 5071 (³²)
457 5008 591 5073 Gregorius
603 5011 769 5062 Nazianzenus
781 5014 844 5061 orat.
859 5017 873 5062 8
886 5011 943 5061 adr.
990 5005 1093 5068 δεσπότῃ
1105 5001 1301 5066 συνιτυράννηστ,
1316 5005 1409 5064 πρῶτον
1426 4999 1555 5060 lantepero
1565 4999 1613 5049 τοῖς
1623 5008 1674 5055 περι
1696 4998 1771 5054 Arup-

162 5076 288 5126 lulianum
300 5089 353 5141 pag.
368 5079 406 5127 78.
425 5080 456 5128 D.
469 5078 508 5130 ed.
525 5078 602 5129 Paris.
619 5081 675 5129 anni
691 5083 761 5131 1609.
772 5106 805 5117 -
820 5081 871 5141 (33)
883 5083 947 5130 Non-
989 5077 1030 5123 νέα
1045 5077 1085 5124 καί
1100 5075 1187 5124 Ἄσσον
1200 5071 1311 5136 χωρίοις·
1329 5071 1408 5118 ἔπειτα
1423 5067 1538 5121 διεδέξατο
1554 5065 1652 5124 ἐκεῖνον,
1668 5063 1708 5112 recl
1727 5079 1770 5125 με·

162 5161 210 5198 tttts
225 5147 248 5195 ln
265 5148 412 5200 Colleolione
426 5150 586 5213 nonnarum
596 5149 767 5210 bisintinum,
780 5163 883 5213 quarum
896 5163 945 5200 tne-
989 5143 1171 5208 resipueretis
1180 5141 1369 5206 respectarem
1380 5139 1421 5188 aul
1431 5135 1577 5198 Ξενοκράτην
1587 5133 1627 5183 καὶ
1640 5132 1771 5195 ἐπεμελήθη

160 5219 233 5270 minii
253 5219 423 5270 Nazianzenus
438 5223 503 5271 orat.
520 5221 562 5272 ot.
578 5219 594 5284 ᾗ
610 5226 648 5272 23.
662 5246 695 5258 -
709 5221 760 5286 (34)
774 5222 861 5272 (ilceto
872 5223 944 5272 Tusa.
990 5219 1125 5277 atrones
1135 5216 1155 5264 δ’
1169 5213 1321 5276 Ἀριστοτέλει
1335 5211 1376 5258 ναί
1394 5207 1510 5270 irrerebat
1524 5207 1623 5267 ἀδελφοῦ
1641 5205 1769 5267 συνῴκισε.

161 5289 204 5344 llb
220 5292 251 5354 V,
269 5305 325 5354 etp.
338 5293 377 5341 37.
394 5315 426 5328 ··
438 5291 489 5353 (³⁵)
501 5291 563 5342 vtde
575 5304 648 5356 supra
662 5294 712 5342 noi.
725 5299 763 5342 2⁰.
775 5319 806 5332 -
821 5291 870 5354 (36)
883 5290 944 5341 Dio-
989 5288 1089 5349 Μέμνιον
1103 5286 1123 5336 δ’
1138 5286 1247 5340 ίῬόδιος
1259 5280 1440 5347 νπηρττῶντὰτι
1451 5283 1500 5336 τοῖς
1511 5278 1613 5343 nusae
1621 5277 1662 5326 aral
1671 5291 1771 5338 στρατη·
