3976 5948
762 435 1011 498 FRAGMENTA.
1628 439 1681 496 lli

80 574 190 652 ἕόδόμην
205 575 232 636 δέ
243 571 575 648 ’ἑπτακαιεικοσαπλασίαν
587 573 634 642 τῆς
646 571 760 650 πρώτης.
775 572 854 632 Μετὰ
901 588 961 632 tum
975 570 1166 654 aequalitatis]
1186 591 1240 651 per
1259 572 1423 650 sequidem
1437 571 1537 648 negari
1558 591 1617 630 nou
1635 593 1685 650 po·

78 662 101 720 it
123 667 206 722 ταῦτα
229 661 419 742 Ευνεπληροθτο
441 658 660 744 tintinabulum
680 661 853 740 neiepraisi-
900 669 976 736 test,
1002 664 1072 741 quia
1101 675 1205 720 cuncta
1227 663 1334 720 mentis
1357 681 1417 720 non
1444 662 1536 735 magis
1560 660 1685 734 cogitata

19 823 20 828 ν
77 753 116 809 ota
131 752 315 830 διαστήματα,
337 749 431 830 μοίρας
456 747 495 806 ist
519 751 616 808 ἐκεῖθεν
639 750 793 826 ἀποτέμνων
809 749 854 808 καὶ
901 770 1085 829 quamsensa
1107 771 1252 808 commune
1275 749 1388 828 aliquid
1412 748 1524 826 (ταύτό)
1551 747 1628 805 inter
1653 766 1685 806 se

77 841 148 908 τιθελς
161 843 197 906 είς
207 841 239 898 ab
254 839 353 918 μεταξὺ
369 837 485 910 τούτων,
501 835 570 895 ὥστε
585 838 611 895 ἐν
624 836 729 916 ἑκάστῳ)
742 837 852 908 διαστή·
901 839 1007 898 babent
1027 853 1056 898 et
1067 843 1230 896 discrimina
1246 839 1420 916 complura(
1438 835 1623 916 ἑτερότηταςλ;
1635 836 1684 894 sed

76 952 137 1004 ματι
151 929 196 986 δύο
208 919 276 986 εἶναι
301 926 461 1005 μισότητηις,
478 924 525 996 alr
539 923 587 1001 μὲν
603 927 692 1006 ταύτῷ
712 925 789 1005 μέρει
802 929 853 984 τῶν

75 1017 159 1095 άκρων
173 1018 258 1096 αὐτῶν
273 1014 453 1095 ὑπερέχουσαν
473 1011 519 1072 καί
533 1011 743 1094 ὑπερεχομένην,
763 1011 810 1086 τὴν
830 1014 853 1072 δ’

76 1105 122 1186 ίσῳ
139 1105 186 1185 μέν
201 1106 261 1164 κατ’
274 1103 385 1182 ἀριθμόν
403 1101 599 1210 ὑπερέχουσαν,
619 1102 668 1181 ἴσῳ
685 1101 712 1162 δὲ
727 1104 853 1182 ὑπερεχο-

76 1194 163 1270 μένην.
177 1191 328 1272 Ἧμισλίων
351 1191 388 1250 δέ’
400 1193 565 1250 διαστασεων
585 1190 631 1249 καλ
654 1188 791 1270 ἐπιτρίτων
809 1190 854 1248 καλ

77 1282 202 1360 ἐπογδόων
217 1280 364 1361 γενομένων
385 1282 416 1340 ἐκ
440 1277 540 1338 τούτων
562 1282 614 1338 τῶν
632 1281 735 1357 δεσμῶν
755 1281 781 1337 ἐν
798 1287 855 1346 ταῖς

74 1370 166 1450 πρόσθε
182 1369 351 1441 διαστάσεσι,
367 1372 405 1448 τῷ
419 1371 465 1426 τοῦ
486 1367 611 1446 ἐπογδόου
632 1367 798 1442 διαστήματι
820 1366 852 1425 τδι

75 1459 190 1540 ἐπίτριτα
217 1462 305 1518 πάντα
325 1457 532 1534 Ευνεπληροῦτσ,
556 1455 655 1514 λείπων
683 1458 769 1513 αὐτῶν
791 1454 853 1514 ἑκά-

75 1570 135 1606 στου
154 1547 259 1627 μόριον,
275 1550 321 1616 τῆς
334 1551 379 1604 τοῦ
388 1544 485 1626 μορίου
504 1541 602 1618 ταύτης
623 1543 785 1611 διαστάσεως
799 1546 852 1603 λει-

76 1635 181 1714 ρθείσης
201 1638 311 1714 ἀριθμοῦ
327 1635 390 1713 πρδς
409 1631 518 1714 ιίριθμδν
540 1633 652 1712 ἐχούσης
663 1631 722 1701 τοὺς
734 1633 807 1713 όρους
828 1632 853 1702 ἓξ

72 1724 117 1782 καὶ
138 1724 300 1796 πεντήκοντα
315 1723 360 1782 καλ
381 1721 520 1781 διακοσίων
541 1721 605 1801 πρδς
618 1720 679 1802 τρία
700 1723 744 1780 καὶ
758 1715 853 1790 τεττα-

75 1813 188 1891 ράκοντα
202 1811 248 1869 καί
275 1809 407 1890 διακόσια.
431 1809 503 1868 Vide
524 1810 599 1869 Phil.
622 1810 718 1868 Gtaec.
736 1809 850 1886 Fragtn.

73 1900 135 1959 i'ol.
151 1898 190 1970 ll,
210 1918 277 1976 pag.
300 1900 352 1956 162
369 1917 432 1974 seq.
450 1897 582 1974 Apparet
596 1916 682 1974 quant
701 1897 783 1955 Plato
797 1897 854 1956 lroc

73 1988 136 2047 loro
154 1987 283 2066 appellat
308 1988 356 2059 τὴν
369 1986 511 2064 ἀμέριστον
526 1984 632 2059 οὐσίαν,
648 2006 709 2044 eam
727 2005 742 2045 a
762 1987 852 2046 (iran-

74 2090 133 2136 tore
151 2076 199 2148 alp
225 2075 321 2147 νοητλν
348 2076 512 2148 nominari;
542 2095 629 2152 quam
650 2076 701 2134 ille
727 2075 853 2152 μεριστὴν

73 2178 170 2238 ructu,
186 2185 248 2224 eam
265 2164 302 2222 ab
326 2165 486 2242 interprete
504 2161 563 2242 περὶ
588 2163 620 2221 ad
642 2163 755 2234 αίσθητδι
770 2162 852 2230 δοξα-

73 2253 149 2329 σεήν,
173 2251 339 2324 παθητικήν,
365 2250 534 2328 μεταόλητήν
555 2251 624 2312 dici.
643 2249 753 2309 Probat
779 2251 854 2309 lianc

71 2343 292 2420 explicationem
316 2341 452 2398 Plotinus
473 2338 604 2398 Enncad.
628 2337 677 2410 li,
694 2338 749 2399 lib.
771 2338 851 2410 vul,

72 2451 132 2509 cap.
144 2452 158 2504 7
171 2450 238 2510 pag.
256 2429 312 2502 475
326 2429 372 2488 ed.
390 2428 475 2486 basil.
490 2426 641 2486 scribens:
659 2428 745 2497 διττῆς
761 2425 788 2485 δὲ
803 2426 855 2507 pt-

71 2540 133 2585 σεως
147 2519 246 2589 ταύτης
259 2515 338 2585 οὔσης
355 2517 401 2584 τῆς
417 2511 464 2591 μὲν
483 2517 594 2585 νοητῆς,
609 2516 655 2584 τῆς
668 2511 694 2570 δέ
708 2514 851 2588 αἰσθητῆς,

71 2605 173 2682 ἄμεινον
192 2603 241 2682 μέν
255 2607 327 2684 ψυχῇ
344 2605 370 2662 ἐν
384 2604 423 2682 τῷ
434 2605 521 2680 νοητῷ
537 2593 614 2662 sliat.
627 2600 722 2670 Quare
735 2601 854 2660 Procius

71 2693 99 2750 in
124 2691 205 2754 Tim.
237 2713 267 2771 p.
288 2693 341 2764 187
368 2691 401 2750 B.
429 2691 477 2752 ed.
504 2691 592 2749 llasil.
622 2689 706 2767 [pag.
732 2697 788 2758 iit
804 2689 850 2750 ed.

71 2780 262 2857 Sclrneider.]
277 2783 301 2839 oi
322 2777 349 2837 δέ
365 2781 572 2858 ριλσσοριθτερσν
588 2775 732 2852 ἁπτόμενοι
742 2779 793 2834 τῶν
811 2776 853 2836 λό-

69 2891 118 2946 γων
133 2873 178 2928 νοῦ
191 2867 239 2927 καλ
255 2865 399 2936 αἰσθήσεως
413 2864 495 2937 αὐτὴν
512 2863 595 2941 μέσην
610 2863 730 2944 λέγουσι,
745 2867 790 2923 τοῦ
806 2863 853 2942 μέν

70 2957 230 3034 ἀμερίστου,
255 2959 302 3026 τῆς
315 2954 343 3013 δὲ
359 2954 419 3034 περί
435 2955 487 3020 τοῖς
511 2951 626 3030 σώμασι·
647 2956 791 3031 μεριστῆς,
817 2955 853 3018 ὡς

73 3043 217 3109 Πλωτῑνος.
238 3042 322 3113 Quod
343 3062 431 3119 quam
444 3041 528 3100 valde
552 3039 709 3099 abhorreat
730 3060 746 3098 a
767 3059 853 3100 sensu

70 3131 229 3191 verborum
254 3132 401 3206 Platonis,
422 3151 482 3190 non
507 3143 550 3188 est
568 3129 731 3188 obscurum.
757 3129 852 3199 Quum

70 3219 145 3276 enim
160 3221 214 3278 ille
228 3221 441 3298 significasset,
466 3223 589 3278 animam
611 3218 713 3277 mundi
728 3238 786 3276 non
807 3237 854 3276 so·

70 3307 127 3364 lum
143 3312 324 3366 individuam
339 3328 402 3368 esse
413 3321 441 3366 et
452 3307 613 3366 barmoniae
628 3308 720 3366 instar
732 3305 790 3364 slbi
805 3329 854 3372 cof

70 3395 239 3467 haerentem,
255 3399 306 3456 sed
320 3399 418 3456 omnia
433 3417 552 3474 quoque
562 3415 687 3474 corpora
701 3415 853 3474 permean-

901 929 1050 998 Platonem
1069 928 1100 986 id
1115 929 1278 1007 exprimere
1297 929 1426 986 voluisse
1446 947 1505 984 non
1525 925 1683 984 estvcrisi-

899 1016 979 1076 mile.
991 1017 1109 1095 Quippe
1122 1016 1152 1074 τὸ
1167 1015 1261 1095 ἀμερές
1276 1015 1353 1074 idem
1366 1029 1409 1074 est
1424 1015 1503 1092 quod
1521 1013 1684 1087 iristitiam,

901 1117 1004 1162 natura
1014 1123 1129 1183 semper
1137 1103 1196 1163 sibi
1207 1117 1355 1182 constans,
1365 1105 1463 1162 omnia
1475 1102 1682 1180 complectens,

900 1193 1073 1267 individua,
1090 1193 1222 1264 infinita,
1239 1190 1362 1266 aeterna3
1373 1193 1501 1270 itemque
1514 1189 1545 1250 τδ
1559 1190 1682 1268 μεριστόν

900 1281 977 1358 idern
991 1281 1068 1339 valet
1082 1281 1192 1358 quodsi
1212 1278 1343 1361 ὑπερόπτης,
1365 1283 1535 1356 'constatque
1559 1297 1575 1336 e
1594 1277 1683 1338 rebus

901 1368 1171 1428 innumerabilibus
1182 1383 1269 1447 atque
1280 1369 1356 1427 inter
1373 1388 1403 1427 se
1417 1368 1557 1440 diversis,
1577 1387 1684 1445 corpo-

901 1461 973 1530 reis,
988 1457 1080 1516 linitis
1092 1501 1101 1532 ,
1116 1456 1310 1516 mutabilibus
1322 1468 1351 1514 et
1363 1454 1528 1530 fragilibus.
1540 1453 1682 1513 Caeterum

900 1546 978 1623 quod
992 1549 1115 1606 Crantor
1125 1547 1201 1604 dixit
1215 1547 1342 1604 animam
1356 1563 1392 1602 ex
1408 1543 1547 1602 omnibus
1562 1563 1683 1601 concre-

901 1647 957 1692 tam
974 1654 1052 1708 esse,
1070 1649 1102 1694 ut
1125 1635 1224 1693 omnia
1245 1645 1453 1710 cognosceret,
1471 1652 1504 1691 ea
1519 1632 1683 1691 communis

902 1724 1114 1784 Platonicorum
1124 1723 1228 1802 opinio
1237 1735 1309 1784 erat.
1331 1721 1405 1779 Vide
1415 1722 1553 1780 Proclum
1565 1721 1682 1783 inTim.

900 1831 930 1888 p.
950 1813 1101 1888 186.189.
1127 1814 1183 1870 aoi
1202 1824 1230 1870 et
1250 1813 1398 1888 praecipue
1417 1808 1490 1868 205.
1513 1808 1547 1866 ln
1562 1808 1618 1867 lroc
1633 1829 1685 1868 au-

901 1911 954 1956 tem
974 1901 1142 1976 arnagistro
1160 1899 1313 1971 dissensit,
1335 1896 1414 1972 quod
1438 1916 1530 1973 quum
1549 1897 1599 1955 ille
1621 1900 1685 1956 ani-

898 2007 974 2044 mam
993 1988 1096 2046 mandi
1110 2008 1148 2046 ex
1163 1985 1276 2046 duabus
1294 1985 1428 2044 tribusve
1446 1985 1560 2042 naturis
1577 1984 1685 2042 contla-

900 2089 957 2133 tam
970 2095 1033 2135 esse
1044 2075 1220 2154 judicasset,
1243 2077 1306 2154 ipse
1320 2094 1384 2133 eam
1397 2093 1432 2132 ex
1451 2087 1577 2151 quatuor
1596 2075 1685 2151 parti-

898 2162 954 2223 bus
973 2164 1170 2224 dissimilibus
1193 2165 1387 2242 compositam
1411 2161 1508 2224 duxit.
1531 2163 1684 2242 ¹Denique

899 2251 1075 2312 Xenocrates
1089 2267 1117 2312 et
1130 2253 1255 2312 Crantor
1270 2252 1339 2326 lhos
1352 2251 1432 2309 enim
1446 2245 1531 2309 ant'ea
1546 2251 1683 2308 nomina-

900 2355 981 2399 verat
1000 2341 1191 2416 Plutarchus)
1213 2339 1437 2409 intellexerunt,
1464 2338 1685 2416 contemplatio·

900 2430 946 2488 nis
962 2449 1048 2488 causa
1062 2430 1137 2506 lieri,
1151 2443 1182 2486 ut
1192 2428 1276 2486 Plato
1287 2427 1422 2506 quamvis
1436 2425 1580 2484 mundum
1595 2426 1685 2484 sciret

899 2538 961 2578 esse
976 2532 1115 2577 aeternum
1130 2517 1271 2594 nulloque
1282 2528 1348 2574 ortu
1359 2527 1537 2590 generatum,
1549 2511 1685 2589 idemque

899 2607 935 2665 de
955 2608 1052 2666 anima
1067 2605 1169 2664 mundi
1185 2604 1325 2675 sentiret,
1343 2615 1438 2661 tamen
1457 2602 1612 2678 utriusque
1633 2621 1682 2677 ge·

899 2695 1079 2753 neratioucrn
1089 2694 1230 2770 paulatim
1242 2692 1346 2750 iactam
1362 2691 1572 2750 introduceret.
1585 2687 1684 2764 Neque

899 2783 1079 2842 animaliter
1098 2783 1181 2841 Plato
1201 2801 1262 2840 rem
1283 2780 1439 2840 obscuram
1456 2782 1493 2838 iis
1512 2778 1564 2857 qui
1585 2777 1684 2856 pbilo-

900 2871 1010 2949 soplriae
1041 2870 1139 2930 studio
1175 2881 1344 2928 tenerentur
1372 2866 1503 2927 dilucide
1534 2865 1684 2942 explicare

900 2979 985 3038 posse
1006 2958 1063 3018 sibi
1079 2959 1263 3034 videbatur.)

940 3069 962 3111 s.
982 3044 1169 3129 Είρηκότοςδὲ
1189 3052 1234 3106 τοῦ
1258 3045 1410 3112 Πλάτωνος·
1431 3042 1564 3122 ἡμιολίων
1582 3040 1685 3102 δέδια-

902 3137 1020 3197 στάσεσιν
1036 3137 1082 3196 καλ
1107 3136 1245 3214 ἐπιτρίτων
1261 3137 1306 3194 καλ
1325 3134 1459 3216 ἐπογδόων
1476 3131 1639 3211 γενομένων,
1654 3135 1684 3192 ἐκ

900 3225 999 3286 τούτοιν
1015 3229 1066 3285 τῶν
1083 3227 1185 3302 δεσμῶν
1211 3227 1237 3282 έν
1253 3233 1310 3290 ταῖς
1326 3224 1438 3305 πρόσθεν
1461 3222 1628 3296 διαστάσεσι,
1645 3226 1683 3303 τῷ

900 3320 945 3374 τοῦ
963 3316 1088 3393 ἐπογδόου
1107 3313 1270 3390 διαστήματι
1294 3311 1328 3371 τδι
1348 3313 1472 3392 ἐπίτριτα
1497 3311 1584 3371 πάντα
1608 3310 1683 3380 ξυνα·

900 3405 1046 3483 πληροῦτο,
1074 3401 1172 3461 λείπων
1193 3405 1280 3461 αὐτῶν
1301 3400 1415 3460 ἑκάστου
1438 3400 1546 3481 μόριον,
1567 3405 1614 3471 τῆς
1634 3405 1682 3459 τοῦ

71 3494 124 3541 iem
141 3486 160 3543 i.
175 3505 204 3545 e.
220 3489 391 3544 dividuam:
418 3484 542 3544 Crantor
558 3488 610 3564 qui
633 3485 743 3544 nullam
761 3486 853 3544 animi
901 3491 992 3570 μορίου
1007 3492 1104 3562 ταύτης
1127 3489 1289 3558 διαστάσεως
1312 3488 1461 3570 λειρθιίσης
1484 3494 1596 3569 ἀριθμοῦ
1617 3487 1683 3568 πρὸς

70 3591 121 3647 per
134 3585 271 3630 naturam
281 3593 506 3658 rerumomnem
522 3573 628 3632 intenti
644 3586 674 3632 ei
687 3593 852 3656 corunreau-
901 3579 1008 3656 ἀριθμὸν
1035 3577 1147 3659 ἐχούσης
1170 3576 1227 3644 τοὺς
1250 3577 1323 3659 ὅρους
1342 3579 1366 3647 ς’
1382 3577 1427 3638 καλ
1453 3576 1474 3635 ν’
1504 3576 1551 3636 καί
1572 3573 1596 3634 τ’
1618 3578 1683 3656 πρὸς

69 3661 105 3716 tis
122 3657 278 3718 notionem
289 3661 416 3730 haberet,
428 3675 553 3720 mentem
565 3661 667 3721 muudi
682 3682 746 3721 cum
758 3663 854 3722 anima
899 3665 925 3744 γ’
939 3667 984 3726 καλ
999 3667 1026 3744 μ’
1047 3667 1092 3727 καὶ
1114 3667 1151 3741 τ’,
1169 3665 1212 3726 διδ
1233 3665 1332 3738 ταύτην
1347 3666 1395 3738 τὴν
1418 3664 1487 3732 λέξιν
1503 3664 1683 3741 ἠναγκάζοντο

69 3745 197 3806 bumana
217 3753 413 3827 comparavit,
438 3753 522 3825 cujus
543 3752 619 3811 actio
635 3764 801 3810 cerneretur
825 3767 853 3811 ct
899 3755 979 3812 πόλιν
995 3753 1053 3822 τοὺς
1074 3753 1199 3836 δριθμοὺς
1220 3753 1360 3831 ἐπανάγειν
1378 3752 1424 3812 καλ
1448 3753 1569 3830 μείζονας
1584 3752 1680 3811 ποιεῖν.

68 3843 237 3912 cogitatione
251 3859 317 3915 quae
330 3858 444 3917 semper
467 3838 596 3915 ejusdem
621 3839 700 3898 modi
720 3853 808 3914 esset,
826 3855 855 3900 et
899 3841 973 3902 Ἔδει
996 3841 1109 3924 μένγδιρ
1133 3841 1222 3922 ἐφεξῆς
1243 3840 1356 3920 ἐπόγδοα
1382 3841 1499 3920 γίνεσθαι
1519 3836 1571 3896 δύο·
1593 3841 1640 3908 τῆς
1655 3839 1682 3896 δέ

69 3943 150 3980 sensa
166 3926 219 4002 qui
230 3928 316 3984 vario
327 3926 414 3985 ruodo
428 3926 602 4003 alliceretur,
616 3927 739 4004 ideoque
750 3928 854 3986 animae
900 3929 987 3998 ἑξάδος
1001 3930 1054 3990 οὔτ’
1071 3930 1179 3990 αὐτόθεν
1194 3927 1319 4006 ἐπόγδοον
1335 3927 1464 4008 ἐχούσης,
1481 3924 1534 3986 alre
1548 3924 1692 4005 τέμνοιτο,Ι

70 4013 172 4072 mundi
187 4014 219 4072 τὸ
232 4015 356 4096 μεριστόν
369 4035 491 4086 sensiam,
506 4015 536 4074 τδ
551 4015 646 4094 ἀμερές
655 4023 853 4094 cogitationem
900 4017 1130 4098 κερματιζομένων
1145 4019 1181 4086 είς
1196 4015 1275 4096 μόρια
1289 4021 1340 4075 τῶν
1353 4015 1488 4093 μονάδων,
1502 4016 1685 4096 δυσθεωρήτου

70 4117 132 4158 esse
156 4103 284 4190 censuit.
310 4103 457 4162 Praeterea
474 4104 550 4162 illud
569 4101 698 4162 κάκείνων
725 4103 853 4183 ἑκατέραν
901 4112 946 4178 τῆς
964 4107 1100 4185 μαθήσεως
1118 4106 1259 4180 ἐσομένης,
1279 4106 1344 4164 atri
1360 4106 1388 4166 τὸ
1409 4113 1522 4185 πρᾶγμα
1537 4105 1580 4164 τδν
1603 4106 1689 4164 πολυ-’

71 4187 192 4267 μετέχειν
208 4189 361 4270 ἰταμότητος
374 4188 421 4248 καλ
437 4189 597 4263 ταύτότητος
609 4191 648 4268 [i.
660 4211 686 4252 c.
703 4193 853 4268 cogitatio·
901 4196 1069 4272 πλασιασμδν
1085 4193 1281 4275 ὑπηγόρευσεν,
1297 4193 1387 4274 ὥσπερ
1403 4195 1429 4253 ἐν
1452 4194 1584 4275 ἁρμονικῇ
1602 4217 1685 4273 μετα-

71 4294 135 4334 nem
159 4291 188 4336 et
209 4298 330 4338 sensum
346 4278 521 4357 participem
540 4298 603 4338 esse
626 4291 687 4338 turn
704 4281 852 4340 varietatis
903 4281 967 4363 όολῇ
992 4292 1037 4344 τοῦ
1063 4283 1264 4364 διαγράμματος
1290 4283 1352 4343 ὑλου
1376 4282 1618 4362 συνεπιτιινομένου
1645 4284 1684 4364 τῷ

73 4463 1671 4496 mmm...-

99 4575 121 4620 5.
140 4573 227 4630 Quum
249 4573 334 4622 aulem
359 4569 461 4621 dixisset
482 4571 572 4622 Plato:
591 4573 773 4638 sesquialteris
791 4586 855 4626 nere
901 4577 944 4628 bai
964 4578 1028 4630 euim
1046 4579 1160 4645 deinceps
1173 4559 1366 4645 post'senarium
1380 4583 1438 4646 pout
1454 4582 1518 4634 duos
1531 4580 1685 4645 sesquiocta-

69 4655 220 4708 iuiernattis
233 4659 437 4722 eisesqniierltis
454 4659 478 4710 ei
489 4663 677 4725 sesquioctavis
694 4665 813 4726 satrapiis,
824 4677 858 4713 ea
902 4681 955 4718 ros.
990 4671 1022 4718 Al
1037 4681 1117 4733 neque
1132 4671 1246 4720 octavam
1265 4673 1360 4733 partem
1381 4668 1458 4720 habat
1477 4670 1599 4728 senarius,
1620 4666 1685 4718 etsi

75 4745 107 4794 iis
119 4744 337 4808 coidaaiioniitts
350 4748 482 4812 inprimis
496 4747 662 4810 intervallis,
672 4753 856 4814 sesquioctavo
902 4741 1090 4820 comminuatur,
1103 4757 1249 4807 monadibus
1258 4757 1310 4820 ejus
1324 4756 1354 4806 ad
1364 4755 1493 4820 scrupulos
1505 4753 1619 4815 redactis,
1636 4753 1685 4802 dii·

66 4832 216 4882 interuallo
234 4834 506 4898 sesqaiieriiaemnla
521 4836 653 4900 expiebat,
670 4851 754 4902 quani
764 4841 855 4903 parii·
902 4843 973 4895 licitis
988 4843 1303 4910 iuiurasitmntcmplaiio.
1332 4821 1491 4908 'Quapropter
1506 4843 1559 4906 ipse
1570 4856 1610 4890 res
1621 4841 1686 4890 mul·

65 4918 155 4969 entant
165 4921 339 4986 siccatorum
349 4923 518 4988 relinqueret.
538 4926 604 4986 ejus
618 4928 857 4990 attemperatum
901 4931 1074 4994 tiplicationem
1093 4933 1226 4996 suggessit,
1248 4934 1278 4983 ut
1292 4936 1409 4997 tanquam
1429 4931 1454 4981 in
1472 4929 1614 4980 harmonica
1628 4941 1685 4977 uur-

65 5008 216 5058 miereaiio
225 5009 318 5061 relicto
328 5009 442 5063 liniebat
456 5026 585 5064 numerus
593 5013 631 5065 ad
642 5029 782 5066 nutrieram
793 5030 854 5066 can·
902 5020 994 5070 tatione
1005 5020 1140 5071 secuudum
1151 5021 1225 5085 primi
1241 5021 1339 5072 numeri
1350 5019 1527 5070 incrementum
1541 5021 1593 5068 tota
1610 5031 1684 5081 auge·

66 5092 352 5162 improportionem
374 5103 652 5166 comparationemque
671 5105 699 5158 ia
718 5105 856 5170 extremis,
902 5111 971 5156 retur
992 5107 1132 5170 descriptio.
1180 5107 1296 5157 Eudorus
1319 5105 1395 5168 igitur
1418 5106 1561 5154 crantorem
1586 5105 1686 5163 seorim

67 5193 149 5244 qaam
160 5184 268 5238 nabent
278 5189 374 5240 cctvt
385 5203 447 5241 enm
461 5191 594 5254 ccxtttt,
611 5192 644 5243 ob
664 5193 720 5243 baec
736 5206 793 5256 ergo
806 5193 858 5244 i‘la·
902 5193 1007 5255 primum
1024 5206 1154 5243 numerum
1169 5191 1252 5256 posuit
1264 5191 1459 5252 coemittit,
1473 5187 1517 5251 qai
1532 5188 1561 5240 itt
1577 5191 1610 5239 vi
1627 5201 1685 5239 curn

68 5272 133 5325 ionis
145 5275 227 5328 verba
239 5277 319 5330 coacti
332 5281 392 5330 sunt
406 5291 522 5342 numeros
539 5279 620 5332 denuo
630 5295 729 5344 angere.
756 5283 859 5344 oporie-
903 5281 977 5334 Liiiv
988 5280 1164 5345 multiplicatis.
