3958 5942
781 363 1041 426 nnnuuuunn:
1652 373 1711 432 ης

108 492 148 566 είη
168 491 276 572 κύκλου,
292 489 360 550 ὥστε
374 495 388 553 ό
405 491 452 570 μὲν
463 492 489 561 ἐξ
503 493 613 574 ἀρτίων,
629 499 642 554 ό
658 493 685 555 δὲ
700 497 730 554 ἐκ
743 473 900 576 περισσῶν..
936 498 1006 576 λέγει
1021 495 1072 577 γάρ
1085 495 1129 555 καί
1147 496 1241 565 αθτός·
1258 519 1273 553 α
1295 499 1384 571 ἐπειδὴ
1405 499 1435 560 τδ
1452 499 1602 578 κινούμενον
1617 511 1669 562 πᾶν
1686 499 1714 565 έν

108 579 147 643 Ἢ
164 575 209 643 οθν
222 581 267 640 τδν
279 585 308 640 ἐκ
322 583 455 658 περισσῶν
467 583 496 639 οὗ
507 581 676 661 διαιρήσομεν
688 587 723 651 εἴς
735 586 889 664 ἡμικύκλια,
935 585 1038 667 χρόνῳ,
1055 585 1100 644 καὶ
1125 583 1152 644 έν
1175 587 1253 646 παντί
1280 587 1367 668 χρόνῳ
1393 590 1448 648 ε’στλ
1472 589 1584 664 κίνησις,
1612 591 1714 663 κινήσει

106 670 170 742 ήτδ
194 675 302 744 σημεῖον
318 667 381 747 δίχα
397 669 575 746 διαιρήσομεν.
602 699 615 724 ν
641 671 673 730 lu
690 675 889 732 eandemsen-
936 675 962 731 δὲ
986 674 1057 754 πάσῃ
1084 673 1164 754 τάχος
1192 674 1238 734 καλ
1271 675 1400 755 βραδυτής
1431 673 1738 758 έπεται,,μερίζεσθαι’

107 761 223 818 tentiam
238 758 415 816 Tinemistius
428 757 587 818 Eudemum
599 775 714 820 secutus
728 763 778 820 ίυΙ.
793 763 842 820 52.
854 761 884 822 b.
935 764 1022 823 πάντα
1037 762 1138 844 ἀνάγκη
1154 763 1188 822 τὰ
1205 765 1350 845 εἰρημένα·
1371 767 1426 824 ἔστι
1440 767 1491 847 γὰρ
1515 765 1584 825 κατὰ
1605 774 1649 828 τοῦ
1671 771 1715 827 αθ·

107 847 146 907 ἔτι
158 852 181 908 εἰ
196 846 302 924 μέγεθος
318 844 344 914 ἐξ
358 847 473 923 ἀμερῶν,
485 846 530 905 καὶ
545 849 673 927 γραμμήν
688 849 770 927 μείζω
786 849 889 928 σημείῳ
934 857 979 910 τοῦ
995 850 1119 931 μεγέθους
1139 853 1232 911 θᾶττόν
1257 877 1282 911 τι
1305 855 1351 914 καί
1378 855 1537 936 βραδύτερον
1561 856 1712 934 κινούμενον

108 939 234 1015 γραμμῆς
259 935 369 993 δυνατὸν
392 933 521 1010 γενέσθαι.
564 936 633 996 Ἀλλ’
659 940 681 996 εἰ
708 945 795 1016 τοῦτο,
826 938 888 1018 δίχα
933 940 1035 1014 λαόεῒν,
1051 942 1131 1001 εῖκαί
1146 941 1183 1019 μὴ
1202 941 1308 1002 τδαῦτδ
1330 943 1393 1002 ποτὲ
1416 941 1463 1022 μὲν
1480 951 1581 1020 θᾶττον,
1601 944 1664 1004 ποτὲ
1684 945 1712 1003 δὲ

107 1027 299 1104 διαιρεθήσεται
313 1021 343 1081 τδ
354 1030 473 1098 σημεῖον.
518 1027 551 1086 Εἰ
560 1025 612 1105 γδιρ
621 1037 694 1086 πᾶσα
704 1026 815 1107 γραμμή
827 1027 889 1107 δίχα
936 1027 1092 1106 βραδύτερον
1107 1021 1159 1088 οἷόν
1173 1051 1202 1088 τε
1218 1035 1364 1102 κινηθῆναι.
1379 1033 1412 1108 ιι)

108 1111 757 1193 διαιρετή,καλήμείζωνσημείῳκαίήέλάττων.
798 1113 887 1176 Ὅταν
974 1135 1009 1176 υτ.
1053 1117 1165 1195 Ἀνάγκη
1178 1118 1205 1175 δὲ
1217 1119 1300 1177 καὶτὸ
1312 1119 1396 1178 νῦντὸ
1409 1119 1446 1198 μὴ
1459 1121 1518 1178 καθ’
1535 1119 1632 1198 ἕτερον,
1644 1119 1712 1180 ἀλλά

108 1202 193 1260 τοίνυν
214 1207 231 1273 ἡ
247 1201 343 1278 μείζων
359 1201 488 1276 τέμνηται
504 1202 584 1282 δίχα,
601 1202 646 1264 καί
660 1203 689 1261 τδ
705 1213 811 1280 σημεῖον
828 1205 888 1286 δίχα
934 1200 991 1259 καθ’
1008 1202 1070 1262 αθτδ
1083 1203 1127 1262 καί
1137 1207 1239 1282 πρῶτον
1251 1207 1389 1284 λεγόμενον
1408 1206 1552 1286 ἀδιαίρετον
1574 1198 1651 1279 εἶναι,
1667 1210 1713 1268 καλ

108 1290 284 1368 τμηθήσεται,
300 1289 345 1348 καί
357 1291 449 1364 δλωςὴ
466 1293 496 1350 έκ
510 1299 642 1372 περισσῶν
657 1297 775 1372 στιγμῶν
789 1319 889 1372 συγκει-
934 1291 960 1348 ἐν
975 1289 1073 1351 ἅπαντι
1087 1293 1117 1352 τδ
1139 1298 1242 1353 τοιοῦτο
1257 1295 1344 1373 χρόνω
1359 1282 1526 1375 ἐνυπάρχειν.
1569 1295 1650 1356 Ἐστι
1662 1297 1713 1376 γδρ

111 1379 191 1458 μένη,
206 1379 251 1438 καὶ
265 1379 359 1447 κύκλος
371 1380 394 1437 δ’
407 1379 437 1437 ἀν
451 1377 490 1453 εἴη
505 1403 545 1448 τις
561 1386 589 1441 ἐκ
613 1385 744 1461 περισσῶν
766 1382 887 1460 σημείων
934 1377 1044 1458 ἔσχατόν
1058 1405 1082 1439 τι
1096 1387 1141 1441 τοῦ
1155 1384 1297 1460 γεγονότος,
1313 1355 1342 1441 ού
1358 1384 1401 1443 ἐπὶ
1419 1383 1481 1442 τάδε
1500 1383 1572 1443 ούθέν
1590 1387 1645 1443 ἐστι
1666 1389 1713 1443 τοῦ

111 1467 288 1547 συγκείμενος.
331 1471 392 1536 Πῶς
418 1458 462 1527 οθν
484 1462 558 1536 οὗτος
587 1469 781 1552 διαιρεθήσεται
803 1470 887 1550 δίχα;
935 1469 1082 1542 μέλλοντος,
1109 1471 1154 1529 καλ
1180 1470 1261 1528 πάλιν
1284 1477 1329 1530 τοῦ
1356 1470 1504 1547 μέλλοντος,
1523 1463 1552 1530 oi
1578 1475 1621 1532 ἐπὶ
1650 1474 1713 1532 τάδε

110 1557 224 1636 Οίχεται
244 1556 329 1616 δὲκαὶ
352 1554 381 1614 τδ
404 1559 436 1636 τῇ
457 1556 591 1638 διαμέτρῳ
606 1557 668 1636 δίχα
691 1559 831 1635 τέμνεσθαι
846 1559 889 1619 τὸν
934 1557 1009 1615 οὐθέν
1023 1559 1080 1616 ἐστι
1096 1563 1142 1618 τοῦ
1165 1558 1341 1638 γεγονότος,δ
1367 1559 1398 1632 δὴ
1419 1559 1519 1642 ἔφαμεν
1534 1563 1631 1642 ἀμροῖν
1647 1553 1714 1621 εἶναι

109 1646 218 1720 κύκλον,
236 1649 334 1723 μᾶλλον
349 1645 376 1704 δὲ
389 1643 447 1704 οὐδὲ
457 1645 523 1712 ὅλως
535 1643 610 1705 ἔσται
624 1646 777 1726 διάμετρος·
794 1645 824 1706 τδ
837 1645 888 1726 γδιρ
934 1645 1026 1725 πέρας.

110 1736 216 1814 κέντρον
231 1734 325 1814 ἀμερὲς
338 1733 507 1811 ὑποκείμενον
522 1733 569 1805 τήν
583 1733 615 1790 δι’
630 1735 708 1792 αὐτοῦ
721 1733 889 1815 γραρυμένην
977 1737 1162 1814 (Aristoteles
1187 1737 1276 1814 Phys.
1296 1737 1348 1796 lib.
1364 1737 1401 1795 Vl
1425 1757 1486 1816 cap.
1507 1739 1522 1795 3
1540 1760 1571 1817 p.
1595 1741 1662 1801 233.
1684 1740 1713 1801 b.

110 1827 212 1883 εὐθεῖαν
243 1825 271 1882 οὐ
302 1823 491 1904 παραδέχεται,
523 1821 591 1882 ὥστε
615 1824 649 1888 εἷς
682 1824 727 1881 δύα
754 1821 887 1899 γενέσθαι.
937 1824 983 1884 33.
998 1825 1046 1884 ed.
1063 1825 1183 1887 Bekker.
1207 1825 1374 1904 Simplicius
1388 1827 1438 1886 soi.
1462 1829 1518 1886 223
1536 1827 1591 1908 (cf.
1606 1827 1714 1888 Scholi.
1769 1839 1772 1846 ‘

108 1913 212 1974 Οὐκοῦν
231 1911 285 1972 οὐδ’
298 1911 455 1988 ἡμικύκλιον
476 1909 561 1986 ἔσται,
587 1911 655 1970 ἀλλά
671 1911 701 1969 τδ
727 1911 890 1990 κέντρονάελ
935 1912 967 1970 in
982 1913 1071 1973 Arist.
1091 1935 1120 1991 p.
1138 1916 1207 1982 408.
1223 1913 1254 1974 b.
1272 1915 1319 1975 ed.
1333 1914 1556 1992 Βτοῐιδίε.όμὲν
1571 1915 1715 1995 Ἆριστοτέ·

109 2002 207 2081 θατέρῳ
221 2006 267 2060 τοθ
283 2001 379 2058 κύκλου
394 1999 606 2078 προσνεμόμενον
630 2001 656 2058 έν
672 2003 704 2078 τῇ
720 2004 788 2080 τομῇ
803 2003 889 2076 μεῖζον
936 2004 982 2072 λης
997 2001 1041 2061 ἐπὶ
1055 2003 1117 2061 τάδε
1137 2002 1234 2083 [περὶ]
1253 2005 1349 2086 ἀμροῑν
1365 2005 1454 2077 εἰπών,
1470 2003 1515 2062 καί
1538 2009 1584 2064 τοθ
1602 2005 1715 2086 πέρατος

110 2090 191 2147 έκεῖνο
214 2086 325 2160 ποιήσει.
367 2087 463 2150 Πολλδι
484 2087 560 2169 ἕτερα
582 2089 613 2148 ἀν
637 2112 675 2156 τις
697 2087 889 2168 προσεπιλάύοι
935 2089 979 2148 καί
995 2095 1041 2163 τῆς
1055 2094 1149 2170 ἀρχῆς,
1162 2094 1251 2172 ἀσαφῆ
1266 2091 1310 2150 τὸν
1322 2091 1398 2170 λόγον
1413 2090 1573 2164 έποίησεν·ό
1588 2091 1615 2152 δὲ
1630 2093 1685 2154 Εόδ
1704 2129 1715 2139 -

108 2177 142 2235 τδι
156 2177 348 2256 Ἀριστοτέλους
371 2177 562 2256 ἐξεργάσασθαι
585 2177 830 2258 φιλοτιμούμενος.)
936 2201 983 2254 μσς
999 2179 1071 2254 οὐδέν
1086 2201 1163 2258 φησιν
1179 2179 1222 2237 ini
1237 2178 1299 2237 τάδε
1319 2185 1365 2238 ταῶ
1377 2179 1500 2257 πέρατος,
1516 2179 1570 2238 οὐδ’
1593 2179 1713 2239 ἐπέκεινα

150 2289 189 2328 ου.
212 2267 292 2328 Ἐπεὶ
318 2268 345 2326 δὲ
359 2277 434 2327 πᾶσα
457 2265 504 2346 μὲν
519 2267 621 2340 κίνησις
643 2269 669 2326 έν
686 2271 785 2348 χρόνῳ,
805 2265 850 2325 καθ
864 2268 889 2325 έν
935 2271 981 2338 τῆς
1002 2270 1093 2347 ἀρχῆς.
1135 2267 1230 2337 Quum
1255 2268 1343 2342 igitur
1358 2269 1527 2327 Aristoteles
1547 2265 1591 2325 ἐπὶ
1603 2269 1665 2328 τάδε
1679 2269 1715 2326 de

105 2355 205 2414 ἀπαντι
217 2355 303 2436 χρόνῳ
314 2356 421 2416 δυνατὸν
433 2361 579 2431 κινηθῆναι,
590 2365 642 2415 πᾶν
657 2354 684 2412 δὲ
699 2352 890 2430 τδκινούμενον
935 2369 1060 2432 utroque
1076 2368 1104 2412 et
1131 2356 1167 2414 de
1180 2358 1338 2432 praeterito
1362 2369 1391 2414 et
1412 2356 1447 2413 de
1468 2357 1566 2414 futuro
1586 2368 1715 2435 tempore

107 2445 244 2525 ἐνδέχεται
269 2445 314 2504 καλ
339 2451 430 2506 θᾶττον
457 2451 582 2505 κινεῖσθαι
603 2443 648 2503 καὶ
673 2441 846 2524 βραδύτερον,
863 2445 890 2502 ἐν
936 2444 1053 2515 dixerit,
1072 2442 1217 2502 Eudemus
1232 2444 1347 2520 planius
1362 2442 1405 2502 ἐπί
1419 2444 1480 2502 τάδε
1497 2445 1533 2502 de
1545 2445 1713 2522 praeterito,

106 2533 206 2594 ἅπαντι
223 2533 312 2615 χρόνῳ
326 2531 400 2592 ἔσται
415 2532 445 2592 τδ
468 2538 563 2593 θᾶττον
588 2531 715 2591 κινεῖσθαι
732 2529 777 2590 καὶ
795 2529 892 2610 βραδύ-
935 2533 1055 2594 ἐπέκεινα
1072 2535 1107 2590 ἀε
1123 2532 1219 2591 futuro
1233 2530 1368 2610 accepit.)

107 2645 194 2706 τερον.
974 2643 1010 2682 τε.
1026 2619 1136 2692 Κίνησις
1150 2619 1178 2678 δέ
1193 2622 1249 2679 ἔστι
1264 2618 1379 2700 διαιρετὴ
1395 2620 1484 2698 διχῶς,
1498 2617 1542 2677 ἕνα
1558 2618 1604 2696 μέν
1620 2619 1714 2699 τρόπον

149 2709 156 2782 Ι
166 2710 334 2768 Λνίεεοιεῖεε
353 2710 441 2788 Phys.
457 2711 509 2770 iib.
534 2709 584 2771 Vl.
601 2730 664 2788 cup.
682 2731 698 2766 2
718 2729 748 2787 p.
773 2709 843 2770 232.
858 2708 888 2769 b.
936 2713 973 2790 τῷ
988 2710 1084 2790 χρόνῳ,
1097 2709 1175 2768 ἀλλον
1190 2707 1216 2768 δὲ
1237 2708 1303 2766 κατὰ
1319 2709 1365 2774 τὰς
1379 2711 1432 2766 τῶν
1451 2710 1537 2786 μερῶν
1556 2711 1602 2765 τοῦ
1624 2729 1713 2766 κινου-

108 2818 160 2856 20.
175 2797 355 2860 eduenker.
382 2799 550 2876 Simplicius
566 2799 614 2857 sol.
631 2820 689 2856 ατο
711 2799 764 2877 (ci.
780 2799 889 2860 scholi.
936 2797 1155 2876 μέναυκινήσεις.
1198 2795 1261 2856 Ἔτι
1277 2797 1299 2855 δ’
1314 2799 1336 2855 εί
1358 2795 1406 2874 μέν
1418 2797 1488 2855 ἐστιν
1510 2795 1578 2867 άλλη
1593 2799 1639 2854 τοῦ
1653 2795 1714 2854 όλυυ

105 2889 139 2946 in
156 2887 247 2948 Arist.
265 2906 295 2965 p.
321 2896 376 2960 407
399 2888 445 2946 ed.
463 2889 614 2966 Brundis.)
632 2888 677 2947 καί
695 2889 787 2966 ἀπορεῖ
805 2891 892 2956 καλῶς
935 2886 1048 2960 κίνησις,
1074 2876 1127 2944 οἷον
1146 2887 1186 2967 ἐρ’
1200 2875 1231 2956 ἧς
1245 2884 1297 2964 Θί,
1311 2883 1515 2964 ἀφαιρεθήσεται
1531 2884 1576 2942 ἀπ’
1594 2885 1674 2954 αὐτῆς
1695 2888 1711 2955 ἡ

104 2973 304 3056 δἰλλέξανδρσς
322 2979 378 3043 πῶς
394 2976 437 3034 ἐπὶ
453 2982 498 3036 τοῦ
523 2977 746 3058 κυκλαρορητικοῦ
771 2975 891 3052 σόιματσς
935 2975 1065 3055 ἑκατέροιν
1081 2976 1132 3031 τῶν
1156 2975 1242 3052 μερῶν
1264 2971 1378 3044 κίνησις·
1393 2962 1471 3030 αὗται
1493 2968 1515 3028 δ’
1536 2969 1591 3029 ἶσαι
1612 2971 1715 3028 ἔσονται

51 3083 56 3092 ·
107 3063 204 3134 ἀληθὲς
222 3067 329 3140 ὁμαλῶς
347 3065 498 3125 κινουαένου
513 3067 542 3125 τὸ
556 3069 649 3124 θᾶττον
671 3065 716 3124 καλ
733 3065 890 3146 βραδύτερον
934 3063 991 3128 ταῖς
1005 3065 1054 3122 ΔΕ
1078 3063 1139 3120 ΕΖ·
1154 3058 1203 3131 μία
1224 3057 1274 3136 γάρ
1299 3059 1353 3125 ἑνδς
1372 3058 1483 3130 κίνησις.
1527 3056 1607 3117 'ssot'
1623 3061 1646 3116 εἰ
1667 3057 1715 3133 μὲν

106 3153 249 3214 κινεῖσθαι.
296 3153 348 3212 Καὶ
388 3157 496 3233 πρῶτον
526 3149 572 3231 μέν
594 3152 651 3213 λύει
679 3155 830 3228 μαλθακῶς,
856 3157 891 3221 ὡς
935 3149 983 3224 θλη
998 3149 1191 3232 διαιρεθήσεται
1207 3151 1224 3218 ἡ
1239 3149 1280 3208 ΘΙ
1295 3145 1388 3214 είςτδις
1403 3151 1455 3206 τῶν
1476 3151 1562 3226 μερῶν
1586 3145 1713 3218 κινήσεις,

107 3232 205 3319 οἶμαι,
215 3238 312 3318 λέγων·
328 3240 418 3321 ίρεξῆς
439 3241 466 3299 δέ
480 3239 536 3300 λόει
555 3243 643 3308 καλῶς
658 3241 767 3320 δυνάμει
787 3241 889 3319 λέγων,
934 3237 979 3308 ἴση
994 3238 1068 3296 ἔσται
1089 3240 1106 3307 ἡ
1121 3233 1161 3295 ΘΙ
1177 3237 1209 3311 τῇ
1222 3237 1281 3294 ΔΖ·
1297 3235 1319 3292 εί
1333 3232 1355 3291 δ’
1369 3233 1505 3292 ἀπολείπει
1519 3256 1544 3291 τι
1554 3223 1607 3291 οἷον
1620 3231 1650 3290 τδ
1666 3234 1717 3309 ίίΙ,

107 3330 178 3402 ότιή
193 3327 293 3402 κίνησις
313 3325 446 3406 διάστημα
459 3327 516 3409 ἔχει
532 3329 560 3388 σθ
579 3329 642 3389 αιἰτδ
657 3333 695 3410 τῷ
711 3328 823 3408 μεγέθει,
845 3331 888 3412 ἐφ’
936 3324 1003 3398 αὕτη
1020 3323 1122 3384 οὐδενός
1144 3321 1218 3382 ἔσται
1238 3321 1356 3394 κίνησις·
1372 3318 1431 3380 οὔτε
1444 3320 1495 3400 γδιρ
1510 3324 1554 3378 τοῦ
1570 3318 1631 3380 όλου
1656 3316 1716 3376 οὔτε

107 3411 139 3477 ού
152 3417 263 3497 γίνεται.
303 3418 343 3480 Τὸ
356 3409 400 3477 ούν
417 3418 551 3496 διάστημα
565 3425 611 3492 τῆς
624 3419 750 3491 κινήσεως
772 3423 819 3491 τῆς
844 3419 888 3478 ἐπὶ
935 3417 986 3472 τῶν
1000 3415 1085 3492 μερῶν
1104 3411 1147 3469 διδι
1160 3411 1190 3470 τδ
1206 3410 1268 3487 μίαν
1282 3400 1347 3468 είνσιι
1361 3409 1426 3487 ἑνός,
1440 3407 1493 3467 οὔτ’
1508 3407 1589 3466 ἀλλον
1604 3406 1716 3474 οὐθενός·

104 3515 153 3568 τοῦ
167 3505 300 3580 σταδίουῆ
314 3507 357 3567 ini
373 3516 435 3585 μιᾶς
449 3507 541 3588 μοίρας
553 3513 598 3567 τοῦ
611 3510 739 3588 ζῳδιακοῦ
753 3507 889 3586 γινομένης
938 3507 954 3574 ή
970 3502 1021 3580 γδιρ
1035 3498 1148 3580 συνεχὴς
1162 3498 1262 3570 κίνησίς
1274 3502 1330 3559 ἕστῑ
1345 3502 1461 3577 συνεχῶν
1482 3521 1573 3557 Uimi·
1617 3495 1716 3554 Ὡσαύ-

106 3599 216 3656 δύναται
229 3595 314 3656 καλτδ
329 3600 421 3656 θᾶττον
431 3597 580 3673 κινούμενον
596 3596 716 3655 διανύσαι
728 3595 773 3654 καί
783 3597 813 3657 τθ
824 3599 888 3676 βρα-
939 3615 989 3658 τως
999 3590 1026 3648 δέ
1042 3589 1087 3649 καὶ
1100 3591 1123 3647 εἷ
1139 3588 1300 3669 θπῑρὸόλλει
1310 3587 1377 3646 κατὰ
1392 3587 1440 3658 τὴν
1457 3585 1595 3662 διαίρεσιν,
1615 3583 1678 3642 ὥστ’
1694 3585 1716 3642 εί

105 3687 226 3764 δύτερον,
240 3685 308 3744 ἀλλὰ
328 3685 358 3744 τδ
383 3683 430 3763 μὲν
449 3687 474 3745 έν
498 3685 617 3744 ἐλάττονι
646 3683 741 3765 χρόνῳ,
768 3683 797 3743 τδ
816 3683 842 3741 δέ
863 3685 889 3742 έν
936 3684 1013 3738 τοῦτο
1037 3676 1178 3754 ἀδύνατον,
1204 3677 1307 3755 ἀνάγκη
1333 3674 1380 3746 τήν
1395 3673 1476 3746 αὐτὴν
1498 3663 1563 3730 εἶναι
1584 3672 1629 3730 καὶ
1643 3671 1715 3742 ἴσην.

106 3775 220 3835 πλείονι.
265 3775 320 3834 Καὶ
333 3773 449 3854 παράγει
463 3772 509 3833 καλ
532 3773 576 3832 τδν
599 3771 724 3849 Εὔδημον
738 3776 764 3832 ἐν
778 3775 816 3852 τῷ
829 3772 887 3830 δεν·
937 3766 1010 3838 Αὕτη
1024 3765 1070 3843 μὲν
1081 3757 1125 3826 νύν
1139 3769 1156 3836 ἡ
1169 3764 1294 3844 διαίρεσις
1303 3763 1372 3822 κατὰ
1386 3759 1431 3826 τάς
1444 3763 1495 3818 τῶν
1507 3762 1593 3837 μερῶν
1603 3757 1716 3828 misti<

105 3862 177 3943 τέρῳ
190 3865 243 3921 τῶν
256 3866 382 3924 Φυσικῶν
399 3860 481 3932 οὕτως
491 3862 680 3921 ἀποδεικνύντα
692 3861 722 3920 εδ
738 3859 873 3940 εἰρημένον
935 3854 1014 3926 ἐστίν,
1029 3854 1074 3914 καλ
1087 3854 1188 3930 ἀνάγκη
1205 3851 1302 3918 παντὸς
1317 3842 1384 3908 εἶναι
1396 3853 1442 3907 τοῦ
1457 3851 1580 3928 μεριστοῦ
1595 3844 1687 3916 αὐτήν.

109 4082 203 4147 quihus
213 4083 358 4134 continuum
368 4085 472 4134 constat.
488 4083 606 4148 Ejusdem
619 4085 701 4133 autem
719 4079 822 4130 rationis
840 4081 879 4130 εει
937 4073 1073 4142 puerili,
1087 4087 1163 4140 quum
1175 4085 1228 4122 rem
1241 4074 1407 4135 utrorumque
1423 4070 1564 4128 temporum
1576 4066 1649 4116 inem
1664 4078 1718 4116 εεεε

107 4171 302 4234 magnitudinem
313 4175 339 4223 et
355 4175 455 4237 tempus
472 4174 497 4222 et
513 4175 607 4222 motum
629 4185 660 4222 nx
677 4167 813 4221 individuis
830 4181 891 4217 non-
936 4165 1054 4218 diximus.

107 4259 167 4310 nata
178 4273 245 4322 εεεο,
261 4263 287 4312 εί
300 4261 327 4311 in
345 4260 474 4312 individua
486 4261 578 4322 dividi,
595 4257 710 4310 nutuihil
724 4259 813 4309 horum
828 4257 892 4307 hanc
968 4259 1007 4305 65.
1024 4255 1108 4304 Motus
1128 4254 1210 4302 nutem
1234 4249 1333 4301 duobus
1357 4247 1437 4299 modis
1455 4245 1648 4307 dividunum,
1669 4258 1718 4294 uno

107 4347 272 4399 conditionem
288 4348 380 4400 subire.
937 4343 1039 4409 quidem
1064 4340 1139 4392 modo
1158 4343 1282 4406 tempore,
1305 4337 1383 4388 aliero
1405 4349 1465 4387 vero
1484 4335 1619 4386 iucundum
1636 4335 1720 4384 motus

143 4440 181 4487 63.
201 4438 323 4496 Quoniam
335 4442 418 4488 autern
434 4437 515 4487 omnis
528 4436 630 4502 quidem
648 4437 731 4485 motus
743 4433 769 4484 in
782 4435 893 4498 tempore
937 4433 1045 4498 partium
1057 4432 1112 4496 ejus
1123 4430 1191 4496 quod
1203 4431 1328 4479 movetur.
1341 4428 1465 4476 Praeierea
1475 4425 1497 4475 si
1513 4427 1552 4475 est
1569 4423 1648 4474 lolius
1661 4436 1717 4470 mo·

108 4528 163 4588 oet,
174 4527 200 4576 et
218 4525 411 4591 omnitempore
430 4529 514 4576 motus
533 4525 587 4575 fieri
601 4525 696 4589 potest,
717 4537 791 4573 omne
809 4524 893 4572 autern
937 4525 980 4572 tus
998 4521 1075 4583 nlius,
1086 4523 1115 4570 ut
1126 4519 1212 4584 inquo
1223 4519 1290 4576 ΤΗΙ,
1307 4515 1461 4566 divellentur
1474 4513 1719 4573 abeouuarumque

109 4613 180 4680 quod
202 4617 325 4673 movetur,
347 4617 373 4665 et
390 4613 495 4665 colonius
515 4616 541 4664 et
563 4613 659 4663 tardius
680 4611 775 4662 moveri
796 4614 892 4676 polest,
936 4609 1045 4675 partium
1056 4611 1153 4670 motus,
1171 4607 1216 4671 qui
1229 4605 1330 4670 quidem
1341 4602 1539 4681 oequaieslerunt
1553 4597 1663 4648 molibus
1675 4596 1718 4644 Dii

109 4702 180 4752 omni
192 4701 301 4767 proiecto
317 4705 428 4768 tempure
450 4702 552 4754 celerior
573 4701 719 4766 turdiorque
740 4703 824 4750 motus
841 4699 893 4748 fieri
938 4701 963 4750 et
972 4701 1010 4749 ΕΖ
1025 4715 1031 4746 :
1044 4711 1110 4746 unus
1121 4696 1186 4746 enim
1195 4693 1270 4744 unius
1280 4695 1318 4742 usi
1339 4694 1428 4740 motus.
1440 4685 1605 4746 Quamobrem
1615 4683 1637 4734 εἰ
1649 4685 1718 4732 totus

111 4792 203 4855 θθίθθῖ·
937 4789 992 4836 ΤΗΙ
1017 4788 1099 4834 molus
1122 4783 1148 4833 in
1169 4785 1253 4832 motus
1277 4779 1385 4844 partium
1405 4775 1540 4834 dividetur,
1561 4775 1645 4822 motus
1663 4769 1717 4818 ΤΗΙ

143 4882 182 4930 όν.
199 4881 231 4928 nt
246 4892 305 4930 vero
320 4893 420 4930 nonense
436 4881 474 4930 est
492 4877 575 4943 ipsum
588 4878 663 4930 eiiam
677 4891 756 4940 nunu,
768 4876 836 4942 quod
850 4890 895 4941 μετ
938 4873 1018 4924 moini
1033 4874 1073 4921 DZ
1090 4871 1138 4921 erit
1155 4869 1267 4934 aequnlis.
1284 4866 1326 4917 Sin
1338 4867 1421 4914 aulem
1435 4859 1557 4926 supererit
1568 4855 1678 4922 aliquid,
1691 4857 1720 4904 ιιι

111 4967 319 5032 septimumque,
332 4981 381 5018 nou
398 4981 442 5032 per
456 4967 524 5018 aliud
538 4966 638 5028 dicitur,
655 4965 814 5016 individuum
825 4978 892 5017 esse.
940 4958 1308 5023 1(1‚hicnulliuseritmon1s‚
1323 4951 1441 5002 nimirum
1454 4961 1537 5014 neque
1548 4945 1626 4996 totius
1637 4955 1719 5008 neque

111 5056 267 5121 ειῑιμιεοιιιπλ
279 5069 335 5106 ατο
350 5055 400 5106 tuin
410 5055 498 5106 inesse.
509 5055 555 5105 Est
568 5053 634 5104 enim
643 5053 739 5119 aliquid
755 5055 894 5103 extremuni
941 5049 1063 5114 partium,
1079 5048 1138 5114 quia
1152 5048 1237 5097 motus
1249 5042 1325 5094 unius
1339 5043 1377 5090 εει
1386 5051 1464 5098 unus,
1478 5049 1559 5101 neque
1572 5033 1719 5098 cujusquam

111 5143 232 5202 proeteriti
245 5143 378 5209 tennpon‘s,
393 5143 465 5208 cujus
476 5142 524 5194 snb
536 5143 591 5194 haec
606 5145 719 5207 tempora
733 5141 795 5192 nihii
815 5139 895 5192 ίυῑιιτὶ
939 5138 1004 5189 aliun
1020 5155 1026 5188 :
1044 5137 1176 5188 coniinuus
1196 5133 1260 5184 enim
1276 5131 1360 5180 ιιιοῐιιε
1382 5127 1554 5178 continuorum
1565 5121 1720 5188 quorundum

112 5235 151 5282 σει
165 5248 172 5280 τ
187 5237 213 5283 σι
230 5245 318 5284 rursus
331 5231 427 5297 futuri,
440 5232 512 5297 cujus
524 5231 572 5283 sub
590 5231 754 5295 illutempora
774 5228 836 5279 nihii
857 5229 896 5279 εει
940 5229 978 5276 εει
991 5229 1082 5276 mutus.
1098 5225 1139 5276 Sic
1153 5221 1241 5280 etium,
1261 5217 1283 5269 si
1296 5217 1349 5267 ΤΗΙ
1364 5215 1465 5280 superat
1485 5213 1512 5264 in
1528 5209 1650 5262 divisione
1664 5221 1720 5257 mo·
