3938 5968
519 340 745 404 ETHIGORUM
766 339 1101 406 Nicoltlcflsonttll
1125 337 1409 402 vnnlt‘flttler.
1694 341 1754 400 497

140 480 235 542 πολλοὶ
245 478 273 540 δὲ
286 480 339 539 τῶν
353 477 476 538 τοιούτων
494 475 541 536 καί
557 475 726 556 διαμένουσιν
738 481 765 538 ἐν
779 479 812 557 τῇ
829 475 922 558 φιλίᾳ,
970 482 1146 548 tor,antisqui
1156 484 1256 532 amatur
1265 481 1372 546 amplius
1381 478 1473 530 colitur
1483 477 1755 530 :multiantemtalinm

139 569 185 628 ἑθεν
213 572 242 630 iu
258 573 306 642 τῆς
329 566 467 642 συνηθείας
486 552 526 632 ιτῖε
551 566 674 639 ἀλλήλοιν
688 565 740 640 ήθη
760 564 922 647 στέρξωσιν,
970 571 1250 624 hominumlnamicitin
1261 573 1420 636 permanent,
1433 569 1454 620 si
1468 571 1567 620 servata
1579 567 1756 619 consuetudine

138 657 219 736 ὅμοια
234 657 350 738 ἔχοντες.
375 658 409 719 Oi
431 656 459 716 δὲ
477 653 514 734 μὴ
528 654 560 715 τὸ
576 656 642 716 αὐτὸ
666 654 826 737 παρέχοντες
840 654 925 728 ἀλλή·
970 677 1052 715 mores
1063 663 1205 726 dilexerint,
1214 677 1293 728 qnum
1303 662 1353 712 sint
1364 662 1463 712 intense
1473 659 1696 712 moribussimiles.
1708 658 1757 718 Qui

138 748 213 820 λοις,
226 745 284 806 ἀλλ’
299 750 313 805 ὁ
332 746 380 825 μὲν
395 744 492 818 ἡδονήν
507 747 522 803 θ
536 743 564 804 δέ
578 746 609 806 τὸ
624 745 777 826 χρήσιμον,
793 745 853 805 ούτε
869 750 925 804 δια·
971 769 1030 806 vern
1042 768 1091 806 non
1100 752 1168 805 idem
1175 754 1221 805 sihi
1231 752 1340 804 reddunt
1351 755 1455 814 mutuo,
1468 749 1513 802 sed
1522 749 1755 815 altervnluptatem‚

140 836 260 916 μένωσιν
289 837 315 895 ἀν
330 840 363 908 τῆ
384 835 478 917 φιλία,
493 834 538 894 καί
562 835 606 893 ὅτε
633 837 752 916 φιλοῦσιν
779 834 925 908 ἀλλήλους,
971 843 1034 894 alter
1051 844 1202 906 utilitatem,
1219 855 1270 894 non
1285 845 1430 908 permanent
1445 841 1470 892 in
1490 841 1616 902 amicitia,
1633 844 1658 892 et
1672 853 1758 904 ‚quum

138 917 218 998 ἧττον
234 928 363 1008 φιλοῦσιν·
380 923 447 991 ὅλως
465 921 493 982 δέ
515 925 540 983 οῖ
556 922 599 983 δελ
614 923 644 983 τὸ
657 923 789 1004 χρήσιμον
804 923 875 993 ὄντες
888 925 927 1006 φί-
972 937 1056 986 amant
1067 935 1181 994 interce,
1192 933 1382 984 minusamante
1394 931 1650 997 omnesdeniqueqni
1660 930 1759 981 utilita-

138 1015 199 1090 λοι,
215 1011 364 1092 παυομένου
377 1018 423 1072 τοῦ
436 1009 631 1092 συμφέροντος,
645 1013 690 1073 καί
707 1015 781 1074 αὐτοὶ
796 1011 927 1074 παύονται
972 1025 1005 1076 tis
1014 1039 1088 1076 causa
1100 1027 1159 1074 sunt
1170 1023 1257 1086 amici,
1270 1026 1382 1074 cessante
1389 1022 1559 1082 utilitateilla,
1568 1035 1759 1086 amnrequoque

139 1105 289 1184 φιλοῦντες,
303 1101 350 1161 καί
362 1099 525 1160 διαλύονται·
537 1103 567 1159 οῦ
589 1100 640 1182 γὰρ
656 1101 781 1172 ἀλλήλων
796 1093 865 1176 ἦσαν
882 1103 927 1183 φί-
972 1113 1088 1165 desinunt
1100 1128 1129 1164 an
1140 1113 1292 1164 dirimuntur
1306 1126 1314 1160 ε
1326 1126 1375 1162 non
1393 1111 1459 1162 enim
1474 1125 1501 1162 se
1518 1114 1608 1160 mutuo
1625 1111 1757 1170 amabunt,

139 1196 197 1267 λοι,
213 1191 282 1251 ἀλλὰ
296 1196 340 1251 τοῦ
354 1191 517 1258 λυσιτελοῦς·
534 1189 630 1259 ταύτας
644 1189 691 1268 μὲν
707 1182 751 1250 οῦν
763 1190 810 1259 τάς
829 1192 926 1273 φιλίας,
973 1203 1017 1254 sed
1033 1204 1229 1255 emolumentum
1248 1219 1256 1253 ε
1277 1201 1383 1266 ideoque
1401 1201 1455 1266 ejus
1474 1213 1532 1265 quae
1551 1203 1606 1250 tum
1623 1200 1760 1264 voluptatis

138 1283 187 1356 τήν
210 1305 239 1342 τε
253 1280 297 1341 διὰ
320 1280 368 1354 τήν
398 1278 510 1357 ἡδονήν,
526 1278 572 1339 καί
596 1280 640 1338 δελ
660 1280 690 1340 τὸ
712 1279 863 1362 χρήσιμον,
881 1283 926 1343 καί
972 1297 1028 1346 tum
1039 1293 1155 1344 utilitatis
1164 1305 1239 1343 cansa
1253 1289 1411 1342 contrahitur
1422 1289 1538 1340 amicitior
1549 1288 1682 1354 participes
1693 1303 1759 1354 quo-

139 1373 253 1454 φαύλους
267 1371 402 1452 ίνδέχεται
414 1369 500 1450 ἔχειν,
516 1369 562 1430 καί
576 1371 676 1451 φαῦλον
692 1369 766 1453 φίλον
786 1359 863 1446 εἶναι,
880 1371 926 1434 καί
972 1396 1022 1449 que
1037 1395 1091 1434 esse
1102 1385 1207 1448 possunt
1223 1379 1343 1447 improbi,
1361 1381 1495 1444 potestque
1506 1381 1531 1429 et
1545 1378 1674 1443 improbus
1686 1378 1760 1430 simul

139 1461 255 1532 ῖπιεικῆ·
273 1461 344 1542 φιλεῖ
357 1457 409 1540 γάρ
424 1462 469 1518 καί
483 1460 582 1541 φαῦλος
596 1461 695 1540 φαῦλον
711 1457 754 1518 διὰ
766 1465 868 1534 ταῦτα,
880 1460 926 1521 καί
973 1487 1002 1524 ea
1015 1471 1164 1537 reconjungi
1179 1475 1205 1522 et
1215 1470 1308 1536 probus
1325 1489 1332 1522 ι
1344 1469 1405 1535 quia
1423 1471 1449 1519 et
1461 1468 1590 1532 improbus
1608 1467 1758 1532 improbum,

139 1554 237 1630 φαῦλος
251 1551 371 1624 ἐπιεικῆ,
392 1547 439 1607 καὶ
463 1547 580 1620 ἐπιεικὴς
603 1551 713 1628 φαῦλον,
733 1549 778 1608 καῖ
794 1547 873 1626 μέσος
888 1573 928 1619 τις
972 1564 998 1612 et
1019 1560 1147 1626 improbus
1168 1559 1288 1624 probum,
1313 1561 1339 1608 et
1358 1557 1451 1622 probus
1469 1557 1610 1620 improbum
1633 1555 1761 1606 interdum

139 1640 263 1720 ίκάτερον
280 1642 380 1698 αὐτῶν·
397 1638 515 1719 ἔστιγὰρ
529 1637 575 1698 καί
590 1641 628 1720 τῷ
638 1641 749 1699 ἐπιεικεῖ
758 1644 803 1698 τοῦ
822 1639 924 1720 φαύλου
972 1653 1101 1716 propterea
1115 1651 1197 1712 amnt,
1215 1647 1298 1712 etqui
1309 1645 1407 1697 medius
1419 1646 1484 1697 inter
1502 1645 1548 1694 hos
1563 1645 1611 1708 sit,
1624 1647 1761 1710 utrumque

139 1729 216 1810 χρεία
231 1728 369 1796 πολλάκις.
386 1729 504 1788 Δυνατδν
519 1727 570 1808 γάρ
582 1727 717 1808 ναύαρχόν
728 1750 788 1787 τινα
801 1727 917 1805 ἀγαθόν,
972 1755 1058 1792 eorum
1071 1742 1183 1791 :namet
1197 1738 1290 1803 probus
1303 1750 1369 1802 supe
1383 1736 1466 1801 aliqua
1479 1734 1506 1786 in
1518 1748 1545 1784 re
1565 1737 1620 1798 eget
1639 1733 1758 1799 improbo.

138 1815 156 1888 ’θ
169 1816 317 1898 στρατηγὸν
332 1814 455 1897 ἄριστον,
481 1815 519 1894 μή
534 1814 604 1875 πάνυ
618 1813 678 1883 cole
699 1813 810 1896 τρόπους
831 1817 928 1894 ἀγαθὸν
972 1833 1058 1882 Potest
1072 1829 1138 1882 enim
1159 1828 1250 1893 aliquis
1268 1827 1420 1878 bononense
1435 1824 1537 1875 navium
1553 1822 1702 1888 protectus,
1717 1828 1761 1874 aut

140 1895 224 1980 εἶναι,
240 1897 277 1965 ὧν
297 1905 390 1988 χρείαν
407 1904 478 1986 ἔχειν
494 1905 539 1965 τὸν
555 1905 698 1965 σπουδαῖον
719 1903 793 1963 οὐδέν
816 1903 925 1966 κωλύει.
972 1919 1081 1985 optimus
1092 1918 1218 1970 exercitus
1235 1915 1303 1976 dux,
1323 1915 1382 1966 licet
1397 1929 1446 1965 non
1458 1911 1593 1964 admodum
1604 1912 1667 1964 bene
1678 1926 1761 1964 mma.

142 1993 196 2056 Καὶ
208 1993 318 2067 ἥδεσθαι
334 1994 361 2056 δὲ
376 1997 520 2056 σπουδαῖον
535 1994 646 2078 φαύλοις
669 1995 717 2054 οὐκ
732 1992 803 2054 ἔστιν
828 1993 929 2054 ἀδύνα·
973 2008 1075 2068 tussit,
1091 2022 1199 2074 quorum
1209 2009 1293 2057 umen
1303 2018 1350 2070 ope
1361 2017 1433 2069 egere
1444 2003 1526 2054 virum
1537 2001 1632 2052 bonum
1646 2003 1761 2055 nihilve·

140 2107 196 2145 τον.
213 2083 274 2142 Εἰσί
292 2083 344 2164 γάρ
357 2081 382 2142 οῖ
401 2081 460 2152 τοῦς
475 2083 523 2162 μὲν
539 2082 653 2164 τρόπους
669 2083 818 2165 ἀπᾴδουσι,
838 2085 928 2144 διαλε·
973 2097 1018 2148 ῖειῖ.
1034 2095 1099 2154 Quin
1124 2095 1201 2146 etiam
1222 2097 1252 2144 ut
1268 2091 1387 2158 improbis
1407 2091 1550 2144 hominibus
1571 2089 1709 2142 delectetur
1723 2091 1763 2141 vir

142 2171 247 2252 γόμινοι
274 2173 301 2232 δὲ
328 2172 374 2232 καὶ
402 2175 605 2256 φιλοσοφοῦντες
624 2172 671 2232 καί
693 2176 732 2258 τῷ
758 2171 837 2232 δεινοί
862 2197 929 2244 τινες
973 2183 1074 2249 probus,
1087 2181 1387 2249 fierialiquandopotest.
1406 2181 1762 2248 Suntenimquidamquam-

141 2253 207 2323 εἶναι
221 2265 268 2336 τῆς
283 2260 407 2336 ἀληθείας
419 2261 682 2342 καταστοχαζόμενοι
697 2261 743 2322 καλ
755 2267 801 2324 τοῦ
816 2265 927 2340 ἀγαθοῦ,
973 2274 1012 2323 vis
1024 2271 1134 2322 moribus
1146 2270 1217 2335 longe
1229 2270 1349 2330 iliensis,
1363 2269 1407 2334 qui
1422 2269 1448 2320 in
1460 2269 1603 2320 disserendo
1618 2273 1643 2320 et
1654 2269 1763 2334 philoso-

139 2353 193 2420 τοῖς
203 2351 353 2420 σπουδαίοις
366 2353 439 2424 ἡδεῖς
450 2350 579 2432 γίνονται·
593 2353 617 2412 οἱ
632 2351 680 2430 μίν
693 2343 738 2412 ούν
753 2350 822 2412 σῦτω
841 2351 929 2433 φιλού·
973 2360 1073 2426 phando
1082 2363 1246 2425 accuratique
1259 2358 1312 2410 veri
1322 2362 1398 2423 atque
1409 2358 1488 2423 ipsius
1502 2357 1559 2410 boni
1572 2357 1762 2421 investigatione

141 2464 216 2520 μενοι
236 2443 266 2500 ού
281 2441 314 2499 δι’
338 2439 447 2508 ἑαυτοθς
469 2443 625 2522 φιλοῦνται,
645 2439 733 2514 ἀλλ’ἢ
748 2439 792 2499 ut
806 2439 855 2513 τήν
868 2442 931 2514 ήδο-
973 2450 1037 2515 grati
1046 2448 1201 2514 jucundique
1213 2448 1274 2499 viris
1284 2447 1471 2498 bonisevadant
1486 2447 1548 2512 :qui
1558 2460 1616 2512 crgo
1626 2447 1662 2497 ita
1673 2461 1760 2497 aman·

139 2531 205 2604 νήν,
224 2527 241 2602 ή
257 2528 301 2589 ul
316 2527 346 2588 τθ
360 2528 504 2609 χρήσιμον.
523 2529 607 2591 Μύνοι
619 2529 647 2589 δὲ
663 2532 687 2590 οί
701 2529 794 2609 ἀγαθοί
809 2529 860 2590 tul
877 2533 929 2590 τιῖιν
974 2543 1023 2599 tur,
1037 2553 1085 2588 non
1093 2551 1138 2604 per
1149 2551 1188 2600 sc,
1204 2537 1247 2589 sed
1258 2536 1394 2602 voluptatis
1407 2540 1451 2587 aut
1462 2535 1580 2600 utilitatis
1589 2549 1664 2587 ouusa
1675 2551 1762 2587 aman·

141 2617 337 2697 liquidissimi
353 2619 388 2678 δι’
403 2618 510 2687 ἑαυτοὺς
532 2621 689 2702 φιλοῦνται,
713 2618 761 2680 καί
784 2624 801 2694 ἡ
818 2619 928 2696 τοιαύτη
974 2632 1023 2679 tur.
1037 2626 1089 2680 s01i
1106 2641 1165 2678 vern
1185 2626 1244 2678 boni
1258 2641 1273 2678 a
1288 2626 1360 2678 bonis
1374 2625 1422 2692 ipsi
1434 2640 1479 2692 per
1497 2640 1524 2676 se
1541 2629 1669 2688 amantur,
1685 2629 1762 2691 atque

140 2708 215 2790 φιλία
230 2705 367 2774 ἀδεάλυτύς
389 2710 479 2788 ἔστιν,
502 2708 545 2769 δτι
559 2711 650 2788 πολλῷ
672 2707 843 2788 δοκιμάζεται
865 2711 930 2792 χρύ·
973 2717 1117 2782 hujusmodi
1127 2715 1236 2768 amicitia
1248 2715 1427 2768 indissolubilis
1437 2717 1484 2775 est,
1496 2715 1556 2780 quia
1569 2716 1640 2780 longo
1653 2718 1763 2780 tempore

140 2821 195 2876 νῳ,
209 2796 255 2856 καῖ
276 2794 402 2878 συνηθείφι
419 2797 519 2879 τελείφ.
537 2798 605 2878 Περὶ
620 2799 647 2857 δὲ
663 2802 715 2858 τῶν
731 2797 802 2858 οὕτω
819 2798 931 2878 δοκιμα·
974 2811 999 2858 el
1015 2805 1125 2872 perlecta
1143 2805 1323 2857 consuetudine
1339 2805 1491 2872 exploratur.
1509 2803 1559 2855 Sed
1575 2802 1607 2855 dc
1621 2804 1763 2855 hominibus

143 2884 257 2945 σθέντων
272 2887 302 2946 οῦ
318 2884 407 2968 ῥηίδιον
422 2885 456 2945 nd
477 2885 559 2968 χείρω
579 2893 720 2948 πιστεῦσαι
744 2886 790 2946 τὸν
815 2887 930 2965 δοκιμά-
973 2899 1010 2948 ita
1024 2897 1134 2964 probatis
1148 2896 1301 2963 etspectatis
1312 2911 1362 2948 non
1377 2899 1416 2948 est
1432 2895 1504 2947 facilc
1517 2894 1540 2946 ei
1549 2896 1594 2960 qui
1606 2896 1721 2961 probavit
1738 2897 1763 2946 el

143 2998 240 3040 σαντα.
257 2975 303 3036 Ἕν
317 2975 404 3055 ταύτῃ
422 2975 451 3034 δέ
466 2979 521 3036 ίστι
536 2981 570 3055 τῇ
592 2975 666 3058 φιλίᾳ
682 2976 727 3036 καί
751 2976 781 3036 τὸ
796 2976 929 3038 πιστεύειν
974 2986 1096 3052 spectavit
1109 2985 1234 3038 deteriora
1246 2986 1356 3038 credere.
1377 2987 1461 3051 liujus
1476 2999 1550 3050 porro
1564 2985 1682 3036 amicitias
1700 2985 1763 3036 illud

143 3064 284 3138 ἀλλήλοις,
310 3061 357 3123 καί
382 3064 488 3146 θαρρεῖν
511 3065 573 3145 περί
599 3066 652 3124 τῶν
667 3065 817 3146 μεγίστοιν,
840 3065 886 3126 καί
900 3065 930 3128 τὸ
974 3075 1102 3141 proprium
1121 3079 1219 3139 est,ut
1235 3079 1260 3126 et
1279 3075 1326 3126 sibi
1342 3079 1432 3126 mutuo
1451 3077 1554 3126 credant
1574 3075 1664 3136 amici,
1688 3073 1763 3124 etde

145 3151 274 3230 μηδέποτ’
290 3151 321 3210 ἀν
337 3154 479 3228 ἀδικῆσαι,
498 3152 544 3212 καὶ
570 3153 620 3214 ὅσα
635 3153 704 3214 ἀλλα
724 3156 841 3226 ζητεῖται
855 3156 930 3237 παρά
974 3167 1089 3218 maximis
1096 3167 1171 3218 rebus
1180 3167 1261 3232 iisque
1273 3167 1447 3218 communibus
1459 3167 1541 3218 securi
1551 3167 1666 3231 bonoque
1678 3165 1760 3214 animo

143 3243 195 3299 τῶν
218 3244 253 3309 ὡς
269 3243 372 3314 ἀληθῶς
397 3243 482 3322 φιλεῖν
497 3243 643 3316 ἑλομένων·
664 3243 691 3302 ἓν
712 3242 740 3302 δῖ
760 3253 817 3312 ταῖς
830 3243 930 3325 ἑτέραις
974 3257 1039 3316 sint,
1051 3259 1206 3321 caveantque
1217 3253 1304 3306 sedulo
1315 3295 1320 3314 ,
1331 3268 1363 3306 ne
1377 3253 1449 3306 alteri
1461 3254 1493 3306 ab
1503 3255 1582 3306 allero
1597 3255 1689 3319 injuria
1703 3253 1763 3304 inle-

143 3329 217 3388 οὐδὲν
238 3329 335 3389 κωλύει
349 3330 395 3390 καί
420 3329 611 3392 διαῦάλλεσθαι
625 3330 690 3413 πρὸς
715 3331 860 3407 ἀλλήλους,
885 3335 930 3394 καὶ
970 3349 1052 3405 ratur,
1071 3346 1218 3411 reliquaque
1235 3359 1294 3412 quc
1317 3343 1343 3394 in
1361 3357 1476 3395 verorum
1498 3344 1636 3394 amicorum
1652 3342 1761 3394 amicitia

143 3419 242 3477 ἀδικεῖν
253 3419 382 3492 ἀλλήλους
393 3418 431 3497 μή
443 3419 490 3492 τὴν
501 3420 611 3493 ἰσότητα
625 3419 769 3500 σώζοντας,
784 3421 830 3482 καί
845 3423 930 3484 τάλλα
974 3434 1136 3499 requiruntur
1150 3447 1248 3498 :quum
1264 3432 1290 3482 in
1304 3433 1401 3484 soeterls
1410 3431 1526 3484 amicitite
1540 3433 1628 3484 formis
1644 3432 1705 3484 nihil
1718 3431 1764 3482 cb-

142 3506 268 3587 ποίσχειν.
291 3505 374 3568 Ὀθεν
393 3508 452 3567 οὐδὲ
476 3509 547 3590 φίλοι
572 3507 640 3570 είσίν
655 3512 679 3570 οἱ
694 3519 805 3574 τοιοῦτοι
820 3515 929 3592 κυρίως,
974 3525 1039 3586 stet,
1056 3522 1192 3590 quominus
1209 3522 1340 3574 calumniae
1362 3523 1529 3574 interveniant
1552 3527 1579 3574 et
1597 3523 1689 3588 injuria
1707 3525 1763 3572 tum

144 3596 203 3656 ἀλλ’
219 3594 277 3654 ἐπεὶ
298 3597 420 3656 είύθασιν
445 3599 469 3656 οἱ
489 3598 622 3680 ἄνθρωποι
642 3601 688 3660 καί
714 3598 774 3672 τοὺς
799 3603 931 3672 τοιούτους
974 3612 1081 3664 alterum
1099 3612 1163 3664 alter
1174 3612 1273 3663 sublata
1284 3611 1405 3676 equitate
1419 3610 1511 3664 afficiat
1522 3652 1529 3672 ,
1541 3615 1595 3662 tum
1608 3611 1764 3676 reliquahn-

143 3685 234 3766 φίλους
250 3683 430 3763 &limitarat
447 3686 491 3746 διά
505 3687 553 3760 τήν
573 3688 666 3768 χρείαν
671 3735 679 3764 ,
694 3687 785 3771 ὥσπερ
800 3695 827 3750 αἱ
840 3693 930 3760 πόλεις
973 3702 1083 3766 jusmodi
1096 3701 1215 3766 patiatur.
1230 3704 1313 3760 Quare
1324 3713 1405 3768 neque
1421 3700 1520 3766 proprie
1532 3700 1607 3750 amici
1620 3703 1677 3750 sunt
1689 3699 1761 3758 tales.

142 3773 202 3844 τοθς
224 3775 382 3856 συμμάχους
403 3777 562 3854 ὀνομάζουσι
581 3777 690 3858 φίλους,
718 3777 736 3850 ἢ
762 3781 796 3838 δι’
812 3781 927 3860 ἡδονήν,
975 3789 1019 3840 sed
1032 3787 1216 3854 quiahomines
1229 3789 1305 3840 etiam
1325 3789 1382 3839 illos
1395 3788 1488 3839 amicos
1503 3786 1592 3838 vocare
1607 3787 1687 3838 solent
1702 3805 1708 3836 ε
1723 3791 1764 3840 vel

144 3864 235 3946 ὥσπερ
249 3867 273 3926 ol
288 3868 314 3924 έν
328 3865 453 3946 συνηθείφ
470 3867 561 3933 παῖδες
578 3865 717 3938 ἀλλήλους·
733 3867 777 3928 ert
793 3871 930 3930 τοῦτοκαὶ
974 3882 1074 3944 propter
1086 3877 1262 3942 indigentiam,
1285 3875 1350 3927 sicut
1363 3875 1479 3928 civitates
1494 3874 1554 3926 belli
1573 3875 1654 3927 socios
1670 3876 1764 3926 amicos

143 3959 220 4032 ἡμεῖς
234 3953 325 4036 φίλους
338 3953 386 4031 μίν
401 3954 688 4032 αύτοθςθνομάζομεν,
701 3959 729 4015 οὐ
743 3956 787 4016 τὀν
802 3959 881 4020 αὐτὸν
898 3957 926 4020 δὲ
975 3967 1112 4032 appellant,
1132 3966 1173 4016 vel
1185 3965 1321 4033 voluptatis
1337 3978 1426 4024 causa,
1448 3963 1511 4016 sicut
1527 3963 1599 4030 pueri
1613 3977 1764 4014 conversan-
1796 3959 1798 3966 ’

143 4045 249 4124 τρόπον,
263 4041 353 4124 ὥσπερ
367 4041 425 4111 τοὺς
437 4043 556 4123 ἀγαθούς·
569 4047 597 4103 οὐ
613 4044 663 4127 γὰρ
674 4047 803 4124 θμοιιδιῖς
819 4048 929 4125 οἰόμεθα
975 4060 1014 4106 tes
1025 4055 1167 4106 seinvicem
1180 4057 1216 4106 ita
1228 4068 1318 4106 vocare
1333 4053 1431 4106 solent:
1446 4051 1502 4104 idco
1511 4057 1537 4104 et
1551 4068 1597 4105 nos
1616 4067 1659 4104 eos
1672 4053 1765 4106 amicos

144 4127 229 4210 εἶναι,
245 4131 314 4193 ἀλλά
335 4135 393 4192 καθ’
410 4133 561 4209 ’ὁμοιότητα
577 4134 667 4214 φίλους
683 4136 857 4215 ὀνομάζομεν.
876 4137 930 4198 Καὶ
974 4145 1094 4202 dicimus,
1114 4157 1164 4194 non
1179 4157 1209 4194 oo
1226 4147 1312 4194 autern
1328 4143 1403 4194 modo
1414 4157 1465 4210 quo
1476 4142 1554 4195 bonos
1572 4158 1578 4190 τ
1599 4143 1764 4209 nequeenim

146 4221 189 4280 διά
206 4226 284 4282 τοῦτο
298 4221 385 4282 πολλδι
400 4221 456 4295 είδη
472 4223 559 4305 φαμὲν
581 4214 649 4284 ε’ίναι
665 4226 766 4307 φιλίας.
795 4227 853 4289 Καί
872 4227 929 4288 ἔστι
975 4231 1085 4296 ejusdem
1097 4232 1185 4282 formae
1197 4245 1251 4283 esse
1264 4237 1397 4297 putamus,
1412 4230 1656 4284 sedecimilitudine
1670 4233 1764 4284 amicos

144 4309 220 4392 φιλία
235 4309 348 4389 πρώτως
367 4311 415 4388 μίν
427 4311 473 4371 καί
488 4314 610 4393 κυρίωςή
625 4317 677 4374 τῶν
692 4318 814 4395 ἀγαθῶν,
830 4309 849 4390 ή
864 4319 931 4396 ἀγα·
975 4321 1139 4372 nominamus.
1162 4319 1330 4381 Quamobrem
1345 4321 1441 4374 multas
1457 4321 1574 4373 amicitiae
1594 4322 1688 4387 species
1709 4336 1764 4374 esse

103 4427 106 4433 ·
144 4399 196 4458 θοί·
212 4403 271 4458 καθ’
290 4398 433 4477 ὁμοιότητα
448 4401 475 4461 δὲ
489 4404 517 4463 αῖ
532 4405 635 4462 λοιπαί·
651 4403 697 4464 καί
709 4404 761 4486 γάρ
771 4404 818 4466 καθ
829 4404 859 4465 τὸ
869 4406 930 4483 ἡδύ,
974 4411 1090 4462 dicimus.
1105 4413 1201 4477 Estque
1216 4410 1325 4463 amicitia
1342 4411 1452 4478 primum
1473 4415 1500 4462 et
1517 4412 1615 4476 proprie
1628 4410 1762 4472 bonorum,

144 4486 211 4548 καθὸ
225 4487 323 4567 ἀγαθόν
337 4489 364 4548 τί
384 4493 519 4564 ἐστιν,ὡς
538 4492 588 4565 ήθὺ
604 4492 730 4553 συνάπτει
742 4493 801 4562 τοὺς
820 4495 928 4576 φιληδό·
974 4515 1025 4566 qua
1040 4500 1098 4552 boni
1113 4503 1193 4552 sunt:
1216 4499 1248 4551 ad
1270 4501 1324 4566 ejus
1345 4497 1536 4552 similitudinem
1553 4513 1614 4550 voro
1635 4502 1733 4552 ceterae
1757 4519 1763 4550 :

143 4595 218 4647 νους·
241 4577 338 4656 ἀγαθθν
354 4579 406 4661 γάρ
420 4581 446 4639 τί
468 4584 523 4640 ἔστι
544 4592 598 4650 τοῖς
615 4582 736 4662 φεληδέσι
760 4583 791 4643 τθ
805 4583 868 4656 ἡδύ·
883 4584 930 4646 καί
975 4589 1066 4640 etenim
1077 4588 1262 4654 etjucundum,
1273 4593 1397 4654 quatenns
1408 4589 1501 4641 bonnm
1510 4588 1573 4656 qnid
1583 4591 1631 4653 est,
1644 4592 1764 4655 tanquam

145 4670 238 4748 ἀγαθῷ
250 4669 349 4743 ἔοικεν,
363 4667 403 4727 ἀει
419 4671 507 4738 αύτοῖς
521 4672 621 4748 ἀγαθὸν
639 4673 718 4731 δοκεῖ·
734 4671 779 4732 καί
789 4672 820 4734 τὸ
833 4675 930 4756 χρήσι-
973 4676 1111 4742 iucundum
1135 4677 1261 4743 conjungit
1282 4677 1395 4730 homines
1422 4677 1577 4745 voluptarios
1598 4694 1603 4727 :
1624 4677 1764 4743 jucundum

145 4779 194 4834 μον
207 4757 305 4837 ἀγαθὸν
319 4757 390 4818 δοκεῖ
403 4762 442 4840 τῷ
459 4759 601 4840 χρωμένῳ·
616 4760 661 4821 διὰ
678 4766 754 4821 τοῦτο
766 4766 826 4822 καθ’
840 4761 929 4840 θμοιά-
975 4766 1040 4817 enirn
1058 4766 1122 4816 bons
1137 4765 1253 4831 quedam
1268 4781 1308 4818 res
1320 4771 1359 4818 est
1380 4766 1412 4818 iis
1430 4768 1474 4832 qui
1498 4767 1574 4819 rebus
1589 4767 1708 4831 jucundis
1720 4768 1765 4819 du·

81 4853 83 4858 ’
146 4868 213 4918 τητυι
227 4851 273 4918 τῆς
290 4847 403 4919 ἀληθοῦς
416 4848 503 4928 φιλίας
522 4850 548 4906 αἱ
563 4854 683 4910 τοιαῦται
693 4849 779 4931 φιλίαι
795 4852 927 4932 λέγονται.
975 4857 1083 4906 cuntur:
1098 4853 1204 4920 ideoque
1216 4853 1281 4907 bono
1301 4854 1381 4907 simile
1399 4859 1452 4916 est,
1467 4856 1526 4921 quia
1544 4854 1637 4906 bonnm
1652 4855 1703 4906 illis
1724 4856 1765 4914 vif

147 4933 237 5007 Μικτλ
252 4934 279 4993 di
292 4935 366 5016 φιλία
377 4937 432 4996 ἀπὸ
444 4937 578 5018 χρησίμου
588 4937 634 4998 καὶ
648 4942 725 5013 ἡδέος
734 4943 764 5001 οθ
775 4940 845 5000 πάνυ
860 4942 930 5019 plur.
971 4943 1049 5007 'detur
1065 4960 1071 4992 ε
1090 4942 1164 4995 itaet
1183 4943 1245 4996 utile
1264 4943 1357 4996 bonum
1373 4945 1454 4996 utenti
1473 4943 1591 4998 videtur:
1616 4944 1733 5011 quocirca
1751 4957 1765 4994 e

145 5047 206 5102 ται,
222 5024 290 5086 ὥστε
304 5029 356 5084 τῶν
369 5025 451 5108 φίλων
471 5027 516 5087 τὸν
532 5027 580 5105 μὲν
594 5029 638 5088 διὰ
652 5030 682 5090 τὸ
699 5028 747 5104 ήδθ
768 5031 870 5112 φιλεῖν,
885 5031 930 5092 τὸν
975 5047 1041 5086 verae
1053 5034 1170 5087 amicitiae
1192 5034 1356 5088 similitudine
1376 5035 1439 5088 tales
1458 5036 1575 5088 amicitie
1595 5036 1763 5088 nominantur.

147 5112 174 5172 δὲ
198 5113 241 5171 ul
264 5115 294 5174 τὸ
312 5113 456 5193 χρήσιμον·
477 5114 508 5174 τὸ
533 5115 586 5196 γάρ
611 5118 743 5180 συνάπτον
759 5119 820 5187 τοθς
842 5118 930 5201 φίλους
975 5125 1055 5177 llirta
1067 5138 1127 5176 vero
1143 5139 1174 5177 ex
1189 5125 1246 5177 utili
1255 5129 1280 5178 et
1288 5125 1400 5192 jucundo
1409 5125 1520 5177 amicitia
1533 5141 1582 5178 non
1597 5125 1675 5179 lerrne
1692 5127 1765 5178 inve-

147 5201 216 5261 καεά
235 5201 404 5280 συμύεάηκός
425 5207 496 5264 ίστιν
519 5209 545 5267 ἐν
559 5208 658 5276 αὐτοῖς·
680 5206 809 5268 συνάπτει
826 5209 854 5268 δὲ
871 5207 930 5278 τοῦς
975 5217 1050 5278 nitur,
1076 5218 1111 5268 ita
1129 5221 1157 5268 nt
1169 5216 1233 5270 alter
1248 5216 1386 5269 amicornm
1403 5217 1559 5286 jucundum,
1573 5220 1639 5271 alter
1658 5219 1720 5270 utile
1740 5218 1765 5270 in

244 5319 310 5360 νιιιι.
328 5321 406 5359 nnuc.
423 5322 458 5360 ιιι.
1638 5320 1668 5367 sa
