3934 5956
457 423 682 486 brumosum
702 415 1033 484 Niconisfflcoltunt
1053 413 1340 477 pruneriensis.
1650 425 1706 486 cot

103 593 151 640 της
162 567 271 644 κρίσεως
287 565 309 622 εί
326 562 415 639 μέλλει
427 559 522 639 κρίνειν
534 561 639 633 καλῶς,
651 555 668 616 δ
682 558 751 616 ἐστιν
765 561 783 629 ἡ
797 553 885 614 τελεία
930 559 1054 610 summoto
1066 559 1144 609 estet
1163 570 1223 609 reru
1242 556 1333 622 ingenii
1351 556 1461 607 sollertis
1484 575 1491 607 ε
1512 558 1534 608 si
1555 559 1611 611 huc
1632 563 1709 628 igitur

103 660 150 718 καὶ
166 653 274 726 ἀληθινὴ
299 645 403 730 εὗρυία·
428 649 450 706 εί
473 647 504 719 δὴ
528 644 611 705 τοῦτοί
626 647 696 703 ἔστιν
718 645 824 719 ἀληθῆ,
840 641 885 700 κοί
930 660 990 698 vcro
1002 649 1075 707 sunt,
1088 659 1138 697 unc
1154 658 1212 697 cum
1224 646 1319 696 virtute
1332 645 1422 695 vitium
1432 658 1532 710 quoquc
1542 647 1708 703 voluntarium

104 747 186 812 οὕτως
207 741 301 820 ὁμοίως
315 743 347 820 τῇ
371 740 450 818 ἀρετῇ
465 736 511 794 καί
532 739 549 810 ἡ
569 733 651 794 κακία
667 731 784 792 ίκούσιύν
799 739 881 792 ἐστιν.
929 740 975 789 est.
996 735 1095 786 Etenim
1114 734 1172 786 finis
1185 734 1291 799 cognido
1302 747 1376 800 aeque
1387 735 1499 800 improbo
1515 749 1545 787 cc
1562 737 1640 802 probo
1654 744 1706 800 ττι,

104 831 139 894 Ἦ
154 835 205 913 γὰρ
223 833 319 908 γνῶσις
334 830 378 884 τοῦ
393 824 482 890 τέλους
497 821 621 888 ὡσαύτως
633 819 688 881 ἐστί
702 819 747 878 καί
761 821 799 898 τῷ
815 816 885 897 pud·
931 824 985 875 σίνε
995 823 1082 874 habitu
1096 822 1250 887 cognoscitur
1262 821 1319 874 finis
1330 824 1374 872 cut
1386 821 1528 888 lgnorutur,
1544 823 1596 875 sive
1609 829 1699 878 nature

102 924 141 1000 λῳ
155 923 250 1001 καὶτῷ
265 914 414 994 σπουδαίῳ,
436 911 488 970 είτε
503 909 555 969 ἀπὸ
571 915 617 982 τῆς
631 908 708 977 ἕξεως
725 906 884 984 γινώσκεται
928 915 958 962 ut
970 911 1066 962 dictum
1082 914 1129 962 est.
1142 913 1199 961 Jcm
1216 910 1238 961 si
1254 911 1377 962 virtutem
1396 911 1565 963 voluntarium
1578 927 1632 964 esse
1645 867 1709 964 dici:

103 991 283 1089 ἦδγνοεῑται,
301 1005 319 1078 ἢ
335 1003 426 1084 φύσει,
442 998 528 1066 καθὼς
543 998 656 1078 εἴρηται.
672 998 705 1056 Ei
715 993 743 1054 ii
754 993 802 1065 civ
817 996 881 1074 ἀρε·
927 1013 998 1065 mus,
1014 1000 1074 1066 qcric
1085 999 1141 1050 tinis
1156 1003 1246 1050 nutura
1260 1003 1299 1051 cst
1315 1002 1341 1051 et
1363 1001 1518 1064 cognoscitur
1532 1001 1610 1052 arico
1627 1001 1706 1062 bono,

104 1101 152 1172 τὴν
166 1096 281 1156 ἑκούσιον
296 1091 424 1168 λέγομεν,
437 1087 477 1146 δτι
488 1086 518 1145 τὸ
536 1083 583 1162 μὲν
595 1083 666 1150 τέλος
680 1082 755 1164 φύσει
768 1080 823 1141 ἐστὶ
838 1079 883 1140 καί
929 1103 988 1156 qum
1008 1102 1068 1140 vero
1085 1088 1117 1138 ud
1134 1087 1208 1138 finem
1227 1089 1349 1152 spectant,
1364 1102 1394 1139 cc
1408 1089 1462 1140 sive
1482 1089 1633 1154 expetereci
1655 1091 1708 1142 sive

102 1189 259 1268 γινώσκεται
281 1186 320 1262 τῷ
343 1177 496 1255 σπουδαίῳ,
517 1173 550 1232 τδι
570 1171 597 1233 δὲ
619 1172 682 1251 πρὸς
697 1171 727 1230 τὸ
750 1170 823 1237 τέλος
843 1171 883 1226 ἐπ’
929 1189 978 1226 non
993 1177 1109 1240 expetere
1126 1174 1192 1234 licet,
1209 1175 1270 1239 quid
1288 1178 1357 1226 vetut
1377 1179 1478 1241 prepter
1496 1178 1551 1228 hmo
1566 1177 1620 1242 ipsc
1632 1178 1708 1230 odom

105 1279 177 1352 αὐτῷ
197 1272 301 1332 ἑλέσθαι
315 1266 360 1327 καλ
376 1265 430 1343 μή,
447 1263 472 1323 τί
486 1260 582 1322 κωλύει
603 1259 647 1318 καὶ
660 1259 706 1332 τὴν
732 1259 827 1318 κακίαν
842 1256 883 1316 διδ
929 1264 1021 1316 vitium
1036 1277 1090 1315 esse
1099 1263 1287 1316 voluntarium?
1297 1266 1360 1314 Num
1369 1267 1394 1316 et
1412 1278 1441 1316 en
1454 1278 1512 1332 ques
1521 1265 1553 1316 sd
1568 1266 1663 1317 molum
1677 1266 1708 1317 fi.

105 1368 190 1423 ταῦτα
213 1355 328 1418 ἑκούσιον
345 1345 428 1425 τίνεις
446 1349 554 1427 καὶγδρ
575 1345 668 1407 καὶτὰ
687 1346 750 1426 πρὸς
767 1346 884 1412 τὸτέλος
929 1367 986 1404 nem
998 1352 1139 1416 adducunt,
1157 1351 1228 1403 nohis
1250 1353 1302 1404 sive
1316 1356 1431 1418 expetere
1450 1354 1502 1406 sive
1522 1368 1570 1405 non
1592 1358 1709 1420 expetere

108 1451 204 1523 ἄγοντα
217 1449 331 1527 φαῦλον,
344 1441 384 1522 ἐρ’
399 1445 463 1519 ἡμῖν
473 1439 577 1498 ἑλέσθαι
591 1435 636 1495 καί
652 1435 701 1512 μή.
719 1437 752 1496 Ei
762 1433 789 1494 δὲ
803 1433 882 1492 πάλιν
928 1441 994 1492 licet.
1015 1442 1059 1494 Sin
1087 1443 1171 1492 cutem
1193 1455 1282 1492 rursus
1303 1442 1384 1494 virtus
1410 1446 1448 1493 est
1470 1443 1623 1502 voluntaria,
1649 1444 1708 1509 quia

108 1535 224 1597 ἑκούσιόν
239 1536 337 1603 ἰστινὴ
359 1529 453 1607 ἀρετή,
467 1526 508 1585 ὅτι
526 1526 571 1586 καί
586 1529 603 1596 ἡ
621 1528 715 1603 γνῶσις
735 1528 780 1582 τοῦ
796 1523 884 1589 τέλους
929 1531 1005 1580 etium
1018 1529 1074 1581 finis
1093 1543 1125 1581 ex
1137 1529 1200 1581 bono
1215 1530 1303 1582 habitu
1315 1533 1478 1597 cognoscitur,
1499 1533 1570 1596 cujus
1585 1546 1615 1583 ex
1631 1535 1709 1596 parte

109 1624 162 1684 ἇπδ
175 1628 227 1682 τῶν
253 1620 329 1688 ἕξεων
353 1618 452 1696 γίνεται
466 1618 517 1673 τῶν
541 1615 666 1692 ἀγαθῶν,
681 1602 717 1670 ῶν
739 1611 813 1670 αύτοί
829 1633 884 1676 πως
929 1632 1003 1669 cnusc
1024 1619 1205 1684 quodammodo
1220 1633 1317 1680 sumus,
1343 1619 1432 1670 vitium
1458 1631 1558 1685 quoque
1578 1623 1707 1684 propteroa

109 1710 236 1774 συναίτιοί
250 1711 346 1786 ἔσμεν,
361 1705 402 1778 είη
417 1704 448 1763 δν
468 1703 512 1762 καί
528 1708 546 1776 ἡ
565 1699 645 1761 κακία
661 1699 704 1759 διδι
717 1704 793 1758 τοῦτο
808 1697 881 1757 ἐκού-
929 1707 976 1756 erit
989 1707 1171 1768 voluntarium,
1188 1708 1247 1774 quic
1260 1722 1291 1760 ex
1304 1709 1416 1773 improbo
1428 1709 1514 1758 habitu
1529 1708 1639 1758 nascitur
1649 1707 1706 1757 finis

109 1825 181 1873 σιον,
202 1799 241 1856 ὅτι
267 1795 320 1855 ἀπδ
339 1798 390 1854 τῶν
413 1794 533 1871 πονηρῶν
555 1788 632 1857 ἕξεων
655 1791 785 1864 ἀγνοεῖται
801 1784 883 1844 τὸτί·
928 1796 1072 1860 ignorantia,

106 1894 159 1956 λος.

148 1975 275 2054 (Scripsi
292 1993 300 2028 ι
317 1980 330 2007 “
344 1971 391 2028 οὐκ
405 1970 469 2027 εἰσίν
493 1965 589 2043 αἴτιοι]
605 1964 670 2022 cod.
693 1964 740 2021 ούκ
760 1964 823 2018 εἰσιν
839 1959 882 2017 αί-

105 2089 166 2125 τιοι.
184 2098 223 2108 -
236 2061 249 2097 ¹³
263 2063 310 2120 οὐκ
325 2057 423 2138 ἐσμὲν]
440 2057 505 2116 σού.
523 2056 570 2113 οὒκ
585 2055 675 2128 ἔσμεν.
687 2083 728 2096 -
741 2059 752 2086 e
764 2048 884 2126 δίδομεν]

106 2155 173 2216 cod.
189 2151 321 2226 διδόαμεν.
339 2149 400 2192 -ί
414 2144 535 2222 διαίτης]
549 2141 614 2201 cod.
634 2139 744 2210 διαίτῆς.
763 2169 803 2182 -
844 2140 884 2214 ῥῖ-

107 2244 175 2322 ψαι]
192 2239 254 2300 cod.
271 2237 355 2318 ῥίψαι.
378 2267 418 2280 -
431 2233 440 2269 ί
452 2235 498 2291 οθκ
513 2229 605 2307 ἐσμδν]
627 2228 692 2289 cod.
718 2228 766 2285 οθκ
789 2227 881 2300 ἐσμεν.

106 2330 251 2392 -εᾶλλο
263 2329 308 2403 τι]
324 2325 389 2384 cod.
404 2321 469 2380 ἄλλο’
483 2321 542 2396 τι.)
868 2351 869 2354 =

433 2520 501 2595 Κερ.
525 2511 558 2582 ζ’.
1211 2543 1215 2549 .
1254 2503 1310 2565 (inp.
1330 2504 1384 2552 vlt.

139 2692 196 2742 Ὀτι
208 2690 252 2754 οὐχ
260 2687 349 2752 δμοίως
361 2680 462 2734 ἑκούσιά
474 2681 534 2728 εἰσιν
548 2680 572 2726 αἱ
584 2675 680 2741 πράξεις
694 2674 734 2722 καὶ
747 2675 771 2722 αἱ
787 2672 854 2728 ἔξεις.
931 2679 981 2721 uon
993 2683 1057 2729 ποτε
1067 2668 1212 2715 voluntarius
1223 2678 1269 2712 csse
1280 2666 1380 2711 actiones
1396 2667 1421 2710 et
1430 2664 1526 2710 babitus.
1543 2667 1600 2710 item
1612 2667 1641 2712 de
1654 2665 1710 2715 tort·

354 2754 402 2806 Καὶ
421 2750 476 2816 περὶ
493 2746 633 2813 δινδρείος.Ι
1272 2745 1359 2791 tudine.

148 2910 161 2935 *
171 2907 206 2970 Τί
215 2905 262 2985 μὲν
276 2894 320 2964 oie
336 2904 405 2962 ἔστιν
420 2905 437 2972 ἡ
450 2883 548 2979 ἀρετής
560 2895 670 2955 καθόλου
684 2892 728 2953 καί
738 2893 886 2971 ὁλοσχερῶς
962 2881 1028 2942 Quid
1039 2894 1097 2944 0¹8⁰
1110 2881 1149 2930 θθί
1162 2878 1257 2929 imus?
1275 2877 1394 2928 Ufliifflfl
1410 2877 1436 2926 οί
1447 2875 1581 2940 generatim
1598 2876 1651 2940 iam
1670 2877 1710 2927 di-

108 2998 210 3076 am«.
218 3041 226 3071 ‚
242 2993 281 3051 ὅτι
293 2989 406 3068 μεσότης
420 2986 473 3048 ἐστὶ
490 2985 534 3044 δύο
548 2977 666 3060 κακιῶν,
681 2987 728 3052 τῆς
741 2978 787 3056 μὲν
804 2977 886 3036 ittet.
931 2976 1000 3024 ctum
1006 2975 1056 3038 est,
1071 2967 1267 3021 mediocritatem
1279 2979 1332 3017 esse
1341 2965 1447 3016 duorum
1456 2965 1586 3024 melonum,
1603 2978 1710 3029 quorum

107 3107 210 3157 πουσα,
226 3081 273 3152 τὴν
288 3079 315 3139 δὲ
331 3076 544 3156 θπερθοίλλουσα·
566 3070 610 3131 καὶ
626 3071 665 3128 ὅτι
680 3068 731 3136 ἕξις
748 3065 830 3126 ἐστίν·
846 3063 884 3122 ἔτι
931 3063 1009 3115 cltcro
1023 3058 1132 3117 inferior,
1152 3057 1231 3107 ultero
1246 3054 1358 3118 superior
1380 3054 1414 3104 sit
1435 3071 1440 3102 :
1459 3055 1579 3118 praeterec
1597 3053 1710 3103 habitum

108 3175 135 3233 δὲ
150 3172 250 3252 εἴρηται
263 3167 308 3228 καί
322 3166 371 3226 ὑπὸ
381 3167 458 3226 τίνων
473 3163 584 3241 γίνεται·
602 3157 647 3217 καί
660 3156 700 3216 ὅτι
714 3154 755 3236 ὑφ’
768 3145 804 3213 ῶν
819 3157 885 3231 ἐνερ-
931 3164 985 3203 essc
1006 3169 1014 3199 ι
1031 3147 1132 3210 insuper
1157 3145 1322 3202 declaratum,
1345 3157 1359 3192 c
1383 3141 1475 3207 quibus
1492 3141 1627 3204 gignetur:
1650 3141 1710 3205 quin

107 3265 183 3342 γενῶν
199 3258 244 3319 καί
261 3255 381 3336 πράξεων
401 3254 517 3332 γίνεται,
534 3247 631 3315 ταύτας
651 3245 801 3325 πράττομεν
818 3240 885 3320 μιτδι
931 3239 1037 3296 etiams
1067 3234 1158 3299 quibus
1178 3246 1311 3283 munerum
1331 3229 1500 3281 functionibus
1523 3232 1549 3279 ct
1573 3228 1711 3279 actionibus

106 3351 136 3410 τδ
152 3348 298 3420 κτήσασθαι
308 3333 359 3417 ’τὴν
373 3340 478 3424 ipsuis·
496 3337 600 3418 ἐδείχθη
614 3334 641 3394 δὲ
657 3333 697 3394 δτι
711 3331 757 3392 καί
771 3331 810 3414 ἐρ’
821 3335 884 3405 ἡμῖν
932 3335 1043 3390 constet,
1055 3331 1102 3380 bcs
1117 3339 1162 3377 nos
1173 3322 1309 3386 suscipere.
1328 3309 1459 3384 P⁰stqucm
1473 3318 1574 3391 virtutis
1586 3321 1711 3382 compotes

107 3442 181 3512 ἰστι,
195 3433 242 3495 καί
255 3431 380 3495 ἑκούσιος.
930 3423 989 3474 iacti
998 3431 1085 3472 sumus
1099 3413 1223 3478 :denique
1235 3424 1290 3462 eom
1307 3408 1334 3458 in
1348 3409 1435 3458 nostre
1454 3409 1576 3470 potestate
1585 3408 1610 3455 et
1624 3405 1710 3455 volun-

148 3529 204 3587 Νῦν
219 3523 245 3582 δὲ
261 3521 301 3594 είη
318 3519 423 3602 ῥητέον,
440 3515 480 3575 ὅτι
499 3517 548 3593 οθχ
562 3509 658 3590 ὁμοίως
680 3508 750 3568 ἐστίν
765 3505 883 3565 ἑκούσιον
929 3511 1018 3563 tarium
1030 3519 1084 3558 esse
1096 3501 1257 3554 ostendimus.
1269 3501 1340 3548 Nunc
1349 3499 1433 3546 autem
1444 3494 1506 3544 iliud
1518 3494 1650 3544 dicendum
1662 3496 1708 3552 est,

107 3617 124 3685 ἠ
140 3611 231 3691 πρᾶξις
244 3608 288 3668 καί
302 3613 319 3679 ἡ
332 3605 391 3675 ἕξις·
402 3604 463 3684 (καί
475 3600 525 3680 γδιρ
539 3599 642 3679 ἐδείχθη
657 3595 703 3656 καί
715 3595 797 3676 ίίμρω
808 3593 885 3653 ἑκού-
930 3614 979 3651 nou
992 3609 1063 3661 ecque
1072 3589 1239 3644 voluntarium
1252 3599 1305 3636 csse
1316 3584 1437 3635 actionem
1452 3585 1477 3632 et
1490 3582 1603 3632 habitum
1617 3596 1624 3626 ε
1636 3583 1710 3642 (πετο

108 3723 154 3759 σια
173 3689 258 3776 εἶναι]
271 3695 319 3764 τδς
333 3697 379 3771 μίν
400 3683 444 3750 σύν
459 3688 565 3770 προίξεις
584 3690 729 3762 ποιοῦμεν,
748 3680 885 3760 γινῶοκον-
931 3687 1005 3740 αιτιοι)
1017 3679 1159 3734 volnntcria
1179 3689 1233 3728 csse
1252 3673 1406 3724 ostendimus
1418 3673 1442 3732 :)
1463 3669 1585 3734 siquidem
1603 3669 1711 3718 actiones

106 3811 149 3856 τις
158 3785 226 3846 κατδι
242 3783 337 3864 μέρος,
351 3779 396 3840 καί
408 3779 450 3838 διὰ
461 3782 539 3838 τοῦτο
549 3775 635 3855 κύριοί
649 3777 729 3848 ἐσμεν
740 3772 754 3806 b
765 3767 885 3835 καθάπαξ
931 3773 1096 3838 suscipbnus,
1109 3780 1172 3832 quus
1182 3762 1324 3828 siugulatim
1336 3761 1445 3824 cognitus
1458 3758 1593 3814 habemus,
1606 3755 1711 3820 ideoque

108 3878 194 3935 αὐτῶν
209 3877 317 3943 ποιῆσαι
332 3869 349 3940 ἦ
363 3869 400 3946 μὴ
417 3869 543 3938 ποιῆσαι,
556 3863 601 3922 ἀπ’
614 3864 698 3942 ἀρχῆς
710 3861 795 3918 αθτῶν
808 3856 887 3935 μέχρι
930 3866 956 3915 in
964 3865 1049 3913 nostra
1062 3860 1101 3910 est
1114 3855 1251 3921 potestate,
1261 3851 1292 3901 nb
1304 3849 1404 3899 illarum
1415 3845 1533 3911 principio
1546 3843 1670 3907 usquead
1682 3843 1712 3892 n-

107 3963 206 4028 οίλοος·
223 3959 268 4018 κοί
283 3961 346 4017 εἶσικ
367 3956 481 4016 ίκούοιοῑ
498 3949 603 4030 κυρίοις·
622 3953 640 4021 ἢ
661 3945 687 4006 δὲ
703 3944 753 4012 lits
767 3945 796 4001 οὒ
811 3941 888 4021 γινώ-
930 3965 988 4004 uem
1000 3948 1099 4000 omnino
1112 3945 1206 3994 esseut
1216 3939 1341 4002 suscipere
1352 3937 1396 3984 cut
1413 3948 1461 3982 non
1473 3931 1614 3995 suscipere:
1634 3921 1710 3994 atqui

107 4074 200 4111 σκεται
216 4049 358 4112 παντελῶς.
378 4042 514 4122 Γνύνριμος
525 4038 607 4118 γὰρὴ
629 4035 679 4102 ἕξις
695 4036 724 4090 ού
742 4033 775 4089 δι’
792 4030 887 4102 ἑαυτήν
930 4035 1071 4102 itaproprie
1082 4033 1141 4083 sunt
1153 4025 1300 4079 voluntario
1311 4045 1318 4087 ;
1329 4025 1355 4073 ut
1366 4019 1535 4073 verohcbitus
1551 4033 1652 4082 prorsus
1663 4033 1712 4070 non

108 4143 198 4210 ἐστιν,
215 4133 285 4194 ἀλλὰ
301 4133 343 4191 διὰ
358 4131 405 4200 τδις
429 4127 535 4207 πράξεις
550 4124 578 4192 ἐξ
594 4114 630 4181 ῶν
645 4121 756 4199 γίνεται·
773 4115 819 4185 τδις
840 4117 887 4195 μὲν
932 4123 1093 4191 cognoscitur.
1108 4120 1187 4170 Notus
1196 4114 1261 4166 enim
1272 4111 1371 4163 habitus
1380 4123 1429 4159 non
1441 4122 1486 4173 per
1498 4121 1525 4158 sc
1536 4109 1582 4166 est,
1607 4106 1651 4158 sed
1667 4120 1712 4170 per

107 4225 160 4306 γδρ
174 4223 279 4306 πράξεις
291 4221 391 4308 coetos
406 4217 566 4295 γινώσκομεν
582 4209 640 4270 ὅθεν
653 4206 701 4278 riv
714 4205 765 4274 tio
779 4202 888 4282 λογιθά·
933 4215 1064 4268 ooionose
1075 4208 1167 4275 quibus
1183 4203 1299 4256 constat:
1314 4199 1422 4251 acueres
1435 4196 1499 4248 enim
1512 4195 1681 4260 perspicimus,
1695 4209 1710 4244 o

107 4336 201 4389 κομῑκς
214 4311 259 4382 fii
271 4309 298 4368 δὲ
313 4308 364 4378 ffb
380 4304 499 4366 οὖκίτι·“”
526 4300 654 4377 ίίοθοίποο
665 4297 710 4356 καί
725 4295 768 4354 ίπί
782 4298 834 4353 τῶν
846 4295 888 4373 οίῤ·
934 4305 1025 4372 quibus
1034 4298 1208 4364 consequimur
1223 4287 1470 4352 contemnentium
1486 4287 1570 4336 cutem
1581 4298 1631 4334 non
1643 4285 1711 4334 item.

109 4401 228 4481 ῥοίσῖῑῶκ
252 4396 363 4476 isim?
388 4393 435 4465 τὴν
458 4391 504 4468 μὲν
527 4388 579 4468 κύρ
595 4389 697 4446 δίοιτο*
720 4383 889 4462 γινώσκοντες
933 4397 967 4447 Ut
983 4392 1058 4444 etium
1071 4391 1096 4440 in
1111 4385 1205 4438 morbis
1218 4381 1301 4434 evenit
1315 4401 1320 4431 ι
1335 4379 1431 4431 victum
1442 4375 1507 4427 enim
1520 4389 1570 4440 quo
1580 4373 1676 4424 utimur
1687 4373 1713 4422 et

108 4487 267 4568 αἱρούμεθα,
291 4489 308 4556 ἡ
332 4480 509 4564 diripientia
527 4475 679 4557 ,λεληθότως
704 4473 886 4532 ἐπακολουθεῖ.
933 4483 1048 4536 novimus
1058 4481 1084 4530 et
1099 4475 1258 4534 adhibemus,
1272 4471 1374 4523 morbus
1387 4471 1471 4519 eutem
1483 4460 1711 4528 sequiturocculte.

108 4577 223 4655 Λέγεται
237 4573 321 4635 τοίνυν
336 4570 385 4640 eb<
405 4567 536 4643 ἑκούσιος,
553 4565 596 4623 διδ
616 4563 646 4620 τὸ
661 4561 707 4630 τίς
722 4558 849 4640 ἐνεργείας
863 4557 889 4626 ἐξ
933 4571 1039 4623 Habitus
1060 4579 1117 4630 ergo
1133 4561 1286 4615 voluntarius
1305 4572 1360 4611 esse
1374 4555 1473 4613 cicitur,
1496 4551 1555 4617 qum
1577 4560 1708 4598 munerum

109 4657 149 4724 ὧν
164 4665 279 4742 γίνεται,
300 4659 430 4726 boeotos<
450 4647 534 4728 εἶναι,
550 4653 647 4720 τούτοις
661 4651 712 4732 γὰρ
737 4649 842 4710 δυνατὸν
857 4639 888 4720 ἦν
933 4659 1073 4712 functiones
1084 4667 1099 4704 e
1111 4652 1203 4717 quibus
1219 4650 1328 4706 ααςωι,
1345 4641 1492 4695 voluntarie
1506 4640 1576 4697 sunt,
1589 4634 1713 4700 siquidem

108 4753 147 4832 μδ
165 4755 282 4823 “ibim
934 4763 976 4801 eas
991 4745 1107 4798 omittere
1121 4741 1193 4792 nobis
1205 4738 1303 4789 licebat.

149 4839 176 4870 ⁸*
191 4840 240 4901 Διῒ
251 4839 278 4898 δὲ
293 4837 344 4912 ἤδη
359 4836 403 4896 κοί
417 4833 477 4913 cepi
489 4835 540 4891 τῶν
557 4830 632 4900 tiens
646 4827 715 4888 κοιλ
730 4825 807 4907 μέρος
818 4821 884 4892 διιί·
964 4839 1021 4886 iam
1038 4834 1122 4884 sutem
1133 4831 1159 4881 ει
1169 4828 1200 4880 oe
1214 4825 1342 4878 nminem
1352 4819 1484 4886 seperatim
1498 4815 1629 4868 ciendum
1648 4813 1712 4872 erit,

108 4931 208 5009 ελθεῑν,
224 4927 290 4986 τίτί
304 4929 374 4986 ἐστιν
397 4921 512 4994 έκοίστη,
529 4919 574 4979 καί
592 4917 653 4997 περί
671 4915 732 4974 ποῖοι
752 4913 823 4984 πύθη
841 4914 890 4982 τῆς
934 4920 1122 4992 quidvldelieet
1133 4917 1183 4970 sint
1196 4914 1286 4979 singuli
1301 4915 1326 4965 et
1338 4911 1365 4962 iu
1385 4909 1476 4975 quibus
1488 4904 1563 4956 animi
1582 4901 1715 4954 affectibus

107 5021 212 5099 We,
230 5017 276 5078 καί
297 5019 353 5083 πῶς
374 5013 482 5093 γίνεται·
503 5011 559 5088 cpe
581 5007 609 5068 δί
624 5005 678 5065 ἀπὸ
692 5003 791 5064 τούτων
808 5003 887 5073 δῆλον
935 5011 1074 5072 versentur,
1089 5009 1115 5058 ct
1128 5019 1179 5071 quo
1199 5004 1272 5070 pacto
1287 4999 1347 5050 dant
1369 4996 1464 5049 :simul
1484 5007 1543 5045 vero
1562 4991 1637 5044 edm
1655 4989 1713 5040 binc

124 5146 1708 5212 „.......-.--..-.----—--—----

144 5295 158 5322 ⁴⁴
172 5297 248 5356 Κοινῇ
261 5293 303 5356 μὶν
317 5293 359 5343 οὖν
372 5291 427 5356 περὶ
436 5291 486 5339 τῶν
497 5287 590 5351 ἀρετῶν
607 5284 700 5348 εἴρηται
711 5285 780 5343 ἡμῖν,
791 5280 842 5328 κτλ.
852 5303 883 5312 -
894 5275 925 5306 ¹³*
936 5271 1104 5326 Ἀναλαύύντες
1114 5269 1143 5326 δὴ
1153 5265 1209 5332 περὶ
1222 5261 1323 5320 ἑκάστης
1333 5261 1383 5309 κτλ.
