4020 5950
275 395 315 458 (τι
951 387 1003 450 DE
1025 385 1210 448 rtttortts.

274 523 522 602 Pythagoreorum
556 517 804 599 disputationibus
828 517 968 580 adhibitis
995 519 1054 578 ele·
1100 520 1131 578 in
1141 519 1367 594 Socraticorum,
1381 536 1446 596 quae
1454 529 1578 590 exstem,
1591 514 1724 593 epistolis
1733 517 1890 596 leguntur.

273 625 387 690 gentem
409 610 445 668 de
466 610 596 669 numeris
611 607 813 686 Pythagoricis
830 605 962 666 libellum
975 627 1054 668 com·
1100 605 1230 684 Namque
1238 627 1313 679 eant,
1323 605 1470 684 quainter
1478 606 1544 665 illas
1553 605 1701 682 trigesima
1710 622 1892 670 numeratur

273 701 384 780 posuit.
406 697 502 768 Quid?
529 695 610 774 <laod
634 715 700 755 cunr
724 695 846 755 Platone
873 695 905 755 in
923 697 1054 756 Siciliam
1100 707 1128 752 et
1142 696 1251 756 omisso
1266 695 1392 755 auctoris
1414 692 1535 754 nomine
1551 694 1724 773 simpliciter
1745 695 1891 776 Philippo

274 789 420 865 profectus
456 806 520 846 cum
548 785 621 844 alios
658 784 908 862 Pythagoreorum
939 784 1056 843 familia
1101 783 1243 864 inscripta
1263 797 1318 858 cst,
1345 803 1411 842 cum
1427 783 1524 844 Leone
1542 784 1649 843 hllatio
1663 797 1693 844 et
1710 785 1893 864 aliisSpeu-

273 877 441 954 principes,
458 875 509 952 qui
526 893 561 932 eo
573 887 703 952 tempore
719 873 765 931 vel
783 871 814 930 in
826 871 912 932 ltalia
926 891 1056 932 commo·
1101 872 1187 951 sippo
1201 873 1401 946 vindicamus,
1424 873 1494 952 quia
1516 873 1654 933 convenit
1668 893 1735 932 cum
1753 873 1891 947 ejusdem

275 963 415 1024 rabantur
429 963 476 1022 vel
490 961 600 1022 Siciliae
614 964 702 1022 rebus
714 980 745 1023 se
757 961 977 1035 immiscebant,
992 975 1054 1021 tum
1101 961 1268 1042 philosophi
1282 960 1384 1021 verbis
1405 961 1482 1038 apud
1501 961 1669 1022 Athenaeum
1689 962 1760 1038 (64).
1776 961 1890 1025 Nobis-

274 1053 433 1131 drchytam
453 1051 598 1112 convenit.
616 1050 745 1110 Fuerunt
765 1051 852 1110 etiam
866 1050 918 1110 alii
934 1050 1057 1128 quibus·
1102 1069 1167 1110 cum
1181 1051 1206 1114 l.
1222 1051 1260 1114 G.
1276 1050 1469 1110 Boehnecltius
1482 1069 1601 1128 quoque
1613 1049 1682 1110 facit
1697 1051 1729 1110 in
1743 1049 1891 1121 Quaestio-

274 1161 339 1200 curn
355 1142 560 1200 commercium
576 1139 680 1198 habuit
693 1141 886 1218 Speusippus.
909 1141 1055 1202 Nimirum
1102 1161 1172 1202 num
1187 1140 1224 1199 de
1237 1152 1309 1198 strat.
1324 1141 1384 1198 Att.
1398 1137 1464 1198 Vol.
1481 1137 1506 1200 l.
1525 1140 1739 1218 (Forsehungen
1753 1138 1815 1212 auf
1822 1143 1890 1206 dem

275 1231 306 1289 in
330 1229 394 1308 ejus
416 1229 557 1309 operibus
580 1244 753 1308 comparent
778 1228 838 1306 (60)
867 1228 997 1308 epistolae
1020 1229 1056 1288 ad
1103 1234 1212 1290 Gebr'ete
1225 1233 1277 1288 der
1290 1229 1427 1286 atttscher
1445 1229 1570 1306 declaret)
1584 1248 1652 1308 pag.
1670 1229 1727 1297 36(
1739 1242 1768 1288 et
1780 1249 1812 1308 p.
1828 1231 1890 1304 δρα

276 1318 418 1392 Dionem,
442 1318 636 1396 Dionysium,
665 1317 836 1395 Philippum
861 1316 943 1376 datae.
963 1319 1057 1394 aitque
1102 1339 1162 1398 seq.
1176 1317 1227 1394 qui
1238 1336 1300 1378 eam
1316 1337 1370 1396 pro
1382 1315 1510 1393 genuina
1528 1314 1618 1374 habet
1637 1335 1690 1376 nec
1711 1317 1803 1376 multo
1818 1330 1891 1396 post

274 1425 310 1465 ex
333 1407 458 1486 epistola
480 1407 597 1486 quidem
622 1406 658 1465 ad
680 1405 804 1466 Dionem
828 1424 921 1484 pauca
945 1405 1058 1484 profert
1102 1406 1260 1468 secuudum
1283 1403 1468 1484 Olympiadis
1493 1401 1585 1464 Glllll
1610 1425 1718 1466 annum
1739 1419 1890 1466 exaratam

273 1495 447 1556 Plutarchus
461 1496 498 1556 de
511 1495 591 1555 adul.
605 1507 633 1554 et
647 1495 733 1555 amic.
749 1493 838 1556 discr.
854 1513 916 1572 cap.
934 1494 970 1563 (3
984 1492 1054 1572 (6ι),
1101 1515 1164 1558 esse
1195 1494 1352 1554 contendit.
1383 1491 1561 1570 lntelligitur
1587 1493 1643 1552 hoc
1680 1513 1717 1552 ex
1755 1507 1889 1556 extrema

276 1583 410 1662 Dionysii
432 1604 502 1644 vero
526 1585 562 1642 ad
580 1583 778 1662 Speusippum
800 1581 956 1642 scribentis
979 1581 1058 1640 dicta
1101 1585 1231 1664 epistolae
1261 1596 1354 1662 parte.
1394 1581 1512 1662 Quippe
1541 1582 1723 1662 Speusippus
1750 1584 1793 1642 sic
1821 1603 1888 1646 eam

274 1673 405 1749 quaedam
419 1685 577 1732 servarunt
592 1671 748 1732 Athenaeus
762 1669 816 1730 lib.
831 1669 883 1732 Vll
899 1673 965 1749 pag.
983 1691 1053 1748 ²79·
1102 1674 1232 1734 claudit:
1260 1671 1330 1732 ἀλλὰ
1353 1671 1404 1751 γάρ
1428 1671 1476 1739 τὰς
1495 1670 1591 1738 λοιπὰς
1615 1670 1723 1750 σκήψεις
1746 1668 1886 1751 γράψοντα

274 1779 302 1821 e.
316 1774 344 1820 et
355 1761 501 1838 Diogenes
520 1759 653 1820 Laertius
669 1757 727 1831 IV,
744 1757 845 1838 a(6a).
869 1759 1003 1836 Denique
1021 1779 1057 1818 ex
1103 1761 1232 1825 ἐπιλείπει
1247 1785 1281 1838 με
1295 1759 1325 1819 τὸ
1348 1759 1464 1839 βοδλίον·
1488 1758 1621 1832 τοσαύτην
1635 1762 1700 1837 ἡμῖν
1719 1757 1817 1818 σπάνιν
1837 1761 1887 1837 βο-

275 1848 400 1926 epistola
434 1847 574 1926 Philippo
606 1847 795 1906 Macedonum
828 1847 896 1922 regi,
920 1849 1057 1923 inscripta
1103 1851 1183 1912 ὅλίων
1208 1846 1331 1930 βασιλεὺς
1356 1847 1490 1928 Αίγυπτον
1512 1846 1604 1908 hadda
1627 1845 1785 1919 πεποίηκεν.
1811 1847 1888 1906 Nam

274 1934 425 2014 Carystius
451 1937 647 2012 Pergamenus
672 1936 705 1994 in
731 1935 953 1994 commentarios
987 1955 1056 1996 suos
1102 1962 1137 2002 eo
1160 1955 1291 2020 tempore
1310 1939 1486 2000 Artaxerxes
1511 1939 1609 2000 Ochus
1629 1938 1752 2016 lllgypto
1773 1938 1889 2016 potitus

277 2025 387 2088 rettulit
401 2024 515 2096 locum,
535 2043 622 2101 quem
640 2023 765 2083 inseruit
779 2022 932 2082 Athenaeus
945 2021 996 2082 lib.
1014 2021 1053 2082 lll
1102 2043 1162 2090 erar
1176 2029 1251 2110 (65),
1268 2029 1319 2106 qui
1334 2028 1451 2091 videtur
1468 2029 1596 2088 chartam
1619 2029 1666 2088 vel
1681 2047 1827 2107 papyrum
1847 2047 1890 2088 cx

275 2132 304 2190 p.
320 2112 388 2174 506.
404 2111 427 2174 ll
440 2114 509 2190 (63).
524 2111 582 2182 Qui
594 2113 676 2172 locus
688 2113 786 2189 gravis
795 2113 954 2171 testimonii
967 2113 1058 2172 instar
1102 2117 1225 2196 AEgypto
1243 2117 1275 2176 in
1292 2116 1364 2176 alias
1379 2130 1469 2178 terras
1491 2115 1642 2196 exportari
1654 2109 1790 2176 'vetuisse
1810 2116 1887 2194 (66).

275 2199 383 2266 habore
399 2203 481 2262 visus
499 2215 543 2260 est
560 2201 753 2278 Wesselingio
769 2201 805 2259 ad
827 2201 951 2260 Diodori
966 2200 1057 2260 Siculi
1102 2207 1180 2266 Nihil
1204 2219 1299 2266 autern
1324 2219 1367 2266 est
1391 2205 1472 2284 quod
1491 2206 1586 2266 solum
1613 2205 1724 2268 Allatio
1746 2205 1892 2284 opposuit

274 2288 344 2351 libr·
361 2290 424 2350 xvt
446 2303 549 2362 tomus
570 2309 637 2368 pag·
657 2291 726 2348 508·
741 2290 879 2349 Continet
901 2292 977 2348 enim
992 2290 1056 2368 opi·
1102 2295 1226 2356 Orellius
1236 2295 1267 2353 in
1279 2308 1377 2354 annot.
1392 2294 1428 2353 ad
1439 2293 1654 2356 Socraticorum
1669 2293 1753 2372 epist
1770 2313 1799 2371 p.
1814 2296 1888 2366 aba,

275 2382 392 2440 trionem
408 2380 445 2438 de
468 2378 640 2457 primordiis
654 2378 737 2456 regni
754 2378 887 2458 Philippi
909 2400 925 2438 a
948 2380 1054 2455 vulga·
1102 2384 1134 2442 in
1157 2383 1215 2442 fine
1236 2381 1324 2459 hujus
1340 2383 1470 2460 epistolas
1490 2385 1607 2442 missam
1624 2401 1689 2442 eam
1704 2401 1741 2440 ex
1760 2381 1887 2459 AEgypto

275 2470 349 2530 tiore
369 2469 444 2528 lama
463 2468 618 2528 diversam.
638 2467 809 2546 Philippum
831 2466 946 2528 Platoni
961 2469 1058 2530 obtre
1102 2469 1179 2542 dici,
1196 2468 1248 2528 ubi
1269 2469 1450 2548 Speusippus
1472 2488 1622 2548 nunquam
1650 2469 1749 2530 fuerit.
1774 2468 1888 2548 Nempe

275 2571 397 2616 stantem
412 2556 599 2635 reprehendit
613 2557 809 2635 Speusippus,
821 2559 904 2633 quasi
915 2558 1057 2634 ignoran-
1103 2559 1276 2636 scriptorem
1305 2558 1352 2616 vir
1368 2559 1472 2620 doctus
1496 2579 1557 2618 non
1577 2559 1734 2618 intellexit.
1758 2557 1890 2618 Fuerunt

275 2647 355 2707 tibus
376 2644 547 2704 hominibus
571 2645 741 2722 Philippum
759 2645 890 2705 Platonis
911 2646 1055 2710 benefimo
1103 2647 1221 2725 quidem
1239 2645 1291 2723 qui
1305 2645 1438 2724 Bentlejo
1455 2647 1515 2724 (67)
1535 2647 1703 2725 astipulati,
1724 2647 1805 2706 velut
1826 2647 1889 2706 hn-

275 2734 312 2797 ad
333 2749 456 2810 regnum
476 2737 654 2812 pervenisse.
679 2735 831 2794 Platonem
855 2740 952 2812 enim,
968 2739 1058 2799 misso
1102 2735 1202 2794 tonius
1214 2733 1451 2792 Westcrmannus
1462 2734 1495 2793 in
1509 2733 1763 2794 commentationis
1777 2734 1889 2813 deepi-

275 2819 419 2900 Euphraeo
429 2822 551 2882 Oritano
562 2823 598 2881 ad
612 2823 781 2882 Perdiccam
797 2823 946 2899 olfecisse,
963 2839 995 2884 ut
1009 2825 1058 2892 hic
1103 2823 1242 2883 stolarum
1254 2820 1449 2899 scriptoribus
1461 2822 1565 2898 graecis
1579 2834 1662 2901 parte
1681 2824 1805 2900 septima
1819 2823 1881 2902 (68)

275 2911 424 2986 regionem
448 2912 592 2986 quandam
626 2911 764 2991 Philippo
798 2915 974 2990 assignaret,
1007 2918 1058 2992 qui
1103 2932 1169 2971 cum
1183 2911 1238 2970 bac
1251 2929 1353 2970 omnes
1363 2909 1579 2976 Socraticorum
1594 2911 1730 2990 epistolas
1746 2923 1887 2991 tanquam
1989 2971 1992 2988 ,

276 3009 428 3078 postquam
450 2996 493 3057 ibi
514 2999 673 3059 exercitum
689 3000 809 3060 aluisset
830 3015 946 3060 mortuo
969 3001 1057 3063 fratre
1104 2999 1278 3060 subditicios
1318 2998 1431 3058 familia
1451 2997 1668 3058 submoverent.
1705 2998 1889 3082 conquisitis

276 3103 374 3144 rerum
398 3086 507 3164 potitus
527 3088 575 3148 sit.
603 3086 674 3157 Quae
696 3089 722 3147 si
744 3103 904 3162 verasunt,
932 3089 962 3148 id
979 3091 1057 3169 quod
1103 3089 1214 3148 scilicet
1244 3087 1409 3148 rationibus
1434 3088 1479 3146 illi
1508 3087 1564 3147 hoo
1594 3089 1699 3146 docere
1729 3103 1887 3150 conantur.

275 3173 429 3234 llthenaeus
453 3177 484 3234 in
510 3194 651 3254 suspenso
676 3176 837 3254 relinquit,
871 3179 1055 3236 statuendum
1102 3176 1194 3254 djuut
1207 3196 1276 3254 ergo
1290 3177 1419 3255 prinlum
1438 3176 1554 3236 obstare
1575 3178 1664 3236 totius
1687 3177 1816 3255 epistolae
1834 3178 1886 3238 lta·

274 3275 318 3321 est
338 3261 506 3341 Philippum
527 3262 588 3340 jam
608 3276 674 3322 ante
691 3262 790 3323 fratris
806 3263 919 3323 obitum
944 3265 1055 3326 'l'hebis
1101 3264 1195 3327 bitum
1210 3279 1238 3326 et
1252 3279 1472 3342 argumentum,
1486 3266 1592 3326 deinde
1603 3267 1688 3328 istam
1704 3287 1762 3344 qua
1777 3267 1888 3326 redun-

274 3351 405 3429 elapsnm
429 3353 461 3410 in
482 3351 652 3411 lilacedonia
675 3366 820 3414 versatum
844 3372 916 3416 esse.
938 3353 1054 3412 Similia
1102 3355 1151 3414 det
1160 3354 1356 3416 eruditionem
1371 3355 1439 3414 satis
1451 3354 1581 3433 putidam
1594 3373 1718 3433 eamque
1729 3374 1782 3414 uec
1796 3353 1891 3434 Speu-

287 3474 436 3490 m

272 3561 297 3596 τι
310 3545 350 3594 καί
369 3546 489 3602 συνθέτους
503 3546 587 3610 dictat·
605 3547 667 3610 έχων
679 3563 704 3596 τε
716 3551 785 3596 τοῦτο
805 3547 854 3609 lxta
867 3546 936 3597 πάλιν
947 3547 987 3598 καὶ
1003 3549 1056 3607 τοὺς
1101 3549 1141 3597 καί
1153 3549 1317 3612 ἡμιτρίγωνον·
1339 3559 1432 3602 παντως
1449 3547 1494 3612 γάρ
1513 3546 1595 3597 άνισον
1608 3549 1664 3596 καί·
1678 3549 1795 3610 ἕκαστον,
1817 3548 1845 3600 τδ
1863 3549 1890 3598 δὲ

272 3615 461 3676 πολλαπλασίους
470 3618 512 3668 καί
524 3617 579 3674 τοὺς
594 3617 844 3678 ιὐποιτολλοιπλασίους,
868 3617 901 3668 ών
916 3619 962 3670 εἶσι
971 3621 1057 3672 πολλα-
1102 3624 1148 3672 πᾶν
1162 3621 1233 3670 αὐτοῦ
1242 3619 1294 3684 τρία
1305 3618 1364 3669 toti.
1380 3620 1428 3669 Καί
1438 3618 1476 3668 tat
1488 3623 1535 3670 τῶν
1546 3623 1648 3684 στερεῶν
1665 3619 1820 3682 ιδρίσαοιςδιν
1833 3619 1890 3684 ἄχρι

273 3687 380 3738 πλάττοι·
395 3687 445 3751 ἔχει
468 3689 509 3753 μέν
524 3689 570 3753 γὰρ
581 3688 816 3746 ὑποπολλαπλασίους
828 3688 882 3746 τοὺς
894 3691 962 3755 μέχρι
973 3693 1055 3756 πέντε,
1100 3693 1148 3739 τῶν
1159 3689 1274 3752 τεττάρων
1286 3688 1375 3752 προῖὼν
1393 3689 1422 3737 τὸ
1436 3691 1542 3748 τοιοῦτο,
1561 3687 1624 3737 dors
1641 3689 1739 3748 δεκάδος
1752 3691 1792 3740 καί
1812 3689 1889 3746 οὕτως

270 3761 359 3816 τοὺςδὲ
372 3760 419 3811 ast
432 3761 515 3818 suver
535 3763 602 3824 μέχρι
619 3764 667 3812 τῶν
686 3761 743 3814 δέκα
762 3761 949 3820 πολλαπλασίως
969 3764 1054 3815 αὐτῶν·
1100 3761 1179 3823 ψαύει·
1192 3759 1256 3823 τριὰς
1265 3757 1310 3822 γάρ
1322 3775 1372 3816 πως
1384 3761 1399 3817 ἡ
1411 3759 1454 3822 μὲν
1473 3759 1554 3823 πρώτη
1564 3760 1665 3822 πυραμίς
1683 3759 1738 3823 μίαν
1754 3777 1805 3818 πως
1815 3776 1888 3824 ypap-

271 3833 321 3886 isci
333 3833 358 3882 δὲ
369 3832 398 3882 rt
411 3835 429 3889 ζ’
439 3833 545 3894 οὐδενός,
561 3833 698 3894 ἐξαιρετέον·
710 3834 750 3882 καί
763 3833 793 3882 τὰ
807 3831 836 3890 δ’,
848 3835 879 3889 ὡς
893 3835 1056 3888 πολλαπλάσια
1100 3831 1145 3890 μήν
1160 3847 1186 3880 τε
1200 3831 1241 3878 καί
1255 3829 1388 3891 ἐπιφάνειαν
1400 3829 1424 3882 δν
1439 3828 1530 3888 loborat
1542 3830 1647 3892 ίχουσα,
1664 3832 1730 3894 παρὰ
1747 3836 1788 3889 τῆς
1797 3831 1835 3882 itti
1846 3836 1889 3889 τῆς

269 3911 311 3955 τοῦ
325 3905 355 3969 β’,
368 3907 429 3956 ὣστε
443 3906 508 3962 ίοουτ
521 3905 580 3956 εἶναι
599 3903 668 3956 πάλιν
686 3906 729 3954 δεῖ.
749 3905 801 3956 Ἐτι
819 3903 903 3962 πάντες
919 3908 941 3956 ol
955 3906 1020 3970 λύγοι
1030 3911 1055 3962 s
1100 3903 1191 3965 βάσεως
1204 3898 1290 3963 γωνίας
1298 3899 1345 3948 ὑπὸ
1362 3903 1434 3962 'felliv
1448 3898 1566 3948 ἕπῑπέδωί
1584 3901 1753 3964 “ww-ivd,
1771 3901 1812 3960 *ἢν
1824 3901 1888 3950 κατὰ

270 3981 305 4038 τῷ
316 3978 340 4037 ι’,
354 3977 367 4026 δ
377 3981 454 4028 τετοῦ
466 3977 521 4030 ίσου
533 3978 573 4026 καί
585 3981 627 4029 τοῦ
638 3975 741 4038 μείζονος
758 3976 798 4025 καὶ
816 3981 858 4026 τοῦ
880 3977 1000 4034 ίλάττονος
1014 3983 1054 4032 καί
1100 3972 1202 4036 sapuerit
1216 3969 1262 4020 (ml
1273 3969 1388 4036 Μάρων
1400 3971 1589 4034 συῖδδῑῑθμίνηι
1603 3971 1666 4022 ὧσῑῑ
1683 3973 1711 4020 ίδ
1723 3973 1808 4022 τούτου
1819 3972 1889 4022 ὅμως

270 4051 312 4096 τοῦ
324 4045 446 4106 ίπιμορίου
457 4046 552 4096 καὶτῶν
566 4047 655 4096 λοιπῶν
669 4047 737 4096 είδῶν
750 4047 773 4096 δν
785 4047 866 4109 αὐτῷ,
885 4047 925 4097 καί
945 4048 968 4100 ot
983 4064 1053 4114 γραμ.
1099 4044 1207 4094 ίοικίναι·
1226 4041 1282 4100 sot
1299 4040 1364 4105 τρίτη
1382 4041 1470 4106 τριάδι,
1492 4041 1530 4090 lsi
1548 4041 1735 4105 ἡμιτττραγιίινου
1755 4042 1888 4107 βιδηκυῖα,

271 4115 335 4177 μικοὶ
349 4118 370 4164 ot
386 4115 492 4166 latinator
513 4117 554 4166 καί
567 4119 589 4166 ot
602 4117 705 4180 στερεοί·
719 4117 747 4167 τδ
760 4117 802 4180 μίν
813 4117 858 4181 γάρ
874 4115 897 4166 α’
911 4119 1012 4180 στιγμή,
1026 4117 1053 4167 τὸ
1099 4118 1139 4168 καὶ
1152 4117 1194 4166 σὺν
1205 4121 1234 4179 τῇ
1248 4114 1344 4179 δρδιίση
1358 4120 1400 4180 μιᾷ
1411 4118 1443 4174 dc
1453 4115 1477 4165 έν
1490 4115 1595 4180 ίπιτιέδιρ
1608 4121 1637 4180 τῇ
1655 4116 1838 4180 ἡμιτττραγώνῳ
1852 4119 1889 4170 δτι

270 4185 296 4232 at
309 4185 330 4234 δ’
340 4185 451 4247 γραμμή,
464 4185 494 4234 τὰ
507 4185 531 4234 δί
542 4185 595 4248 τρία
606 4186 730 4249 τρίγωνον,
747 4186 966 4250 τάδδδπυραμίς·
979 4190 1054 4236 ταῦτα
1097 4189 1137 4237 καί
1157 4187 1228 4246 ἀλλην
1248 4187 1338 4250 δχουσα
1362 4187 1474 4252 δίαροράν
1495 4191 1539 4247 τὴν
1569 4187 1756 4251 τητ·κορυραίατ
1778 4191 1887 4256 γωνίαν,

270 4253 295 4304 δὲ
315 4254 393 4304 πάντα
415 4255 465 4304 tert
481 4259 564 4317 πρώτα
577 4258 617 4304 καὶ
636 4257 707 4320 ἀρχαί
725 4261 772 4306 τῶν
788 4257 841 4306 καθ’
855 4258 956 4308 ἕκαστον
970 4260 1052 4320 δμογε·
1099 4261 1160 4309 ὥστε
1169 4257 1243 4322 τριάδι
1264 4259 1293 4308 ἂν
1305 4259 1412 4320 δροιοίτο
1431 4259 1489 4326 πρδτ
1504 4258 1573 4323 ophis
1586 4259 1628 4319 tals
1644 4259 1732 4322 γωνίαν
1750 4257 1844 4325 ίχοοσα
1857 4270 1888 4327 τῇ

270 4329 327 4373 νῶν.
342 4326 389 4374 Καὶ
399 4325 528 4385 ἀναλογιῶν
540 4325 565 4374 δὲ
574 4326 655 4388 πρώτη
665 4327 724 4384 αὐτή
735 4327 821 4383 ἐστινὴ
834 4325 859 4374 έν
867 4327 944 4382 αὐτοῖς
957 4327 1053 4390 δρδείσα
1097 4337 1137 4390 τῆς
1150 4329 1242 4394 βάσεως
1255 4329 1317 4394 μέση
1327 4331 1423 4395 πλευρᾷ·
1436 4329 1528 4398 τετράδι
1542 4331 1568 4381 di
1581 4334 1597 4392 ἡ
1609 4331 1707 4397 τετάρτη
1720 4334 1781 4382 κατὰ
1793 4339 1887 4400 ταῦτα,

269 4395 284 4450 ἠ
303 4397 338 4453 τῷ
353 4393 399 4456 loqu
422 4393 462 4455 μὲν
479 4393 643 4456 ὑπερέχουσα,
661 4395 725 4450 τέλος
738 4395 762 4444 δὲ
775 4395 866 4457 ἔχουσα
881 4396 904 4442 iu
925 4400 974 4452 τοῖς
985 4397 1051 4446 δέκα.
1097 4403 1135 4452 δτι)
1154 4401 1336 4466 ἡμιτετραγώνῳ
1350 4403 1420 4466 βάσει
1438 4405 1611 4464 συνισταμένη,
1632 4403 1695 4458 ὤπτα
1710 4407 1774 4460 mog
1796 4403 1820 4454 ty
1835 4413 1888 4465 'teir

268 4463 311 4514 Ἔν
330 4479 356 4516 at
370 4464 487 4520 ίπῑπὲὄῡῑς
503 4464 543 4511 καὶ
561 4469 662 4528 σῑῑίῑοῖί
676 4465 758 4528 πρῶτά
771 4465 821 4516 ἔστί
845 4469 936 4527 ταῦταν
955 4469 1051 4529 autri.
1097 4475 1154 4525 δέκα
1165 4473 1291 4537 λαμδάνιιν
1306 4475 1336 4524 τὰ
1349 4475 1469 4538 λεχθέντα.
1485 4475 1522 4525 Τὰ
1535 4475 1597 4525 αὐτὰ
1610 4475 1636 4526 δὲ
1647 4477 1688 4526 καί
1706 4475 1731 4526 δν
1745 4478 1884 4540 τῇγενέσει·

268 4535 376 4597 γραμμή,
392 4533 516 4596 τρίγωνον,
535 4533 646 4598 πυραμίς·
668 4533 718 4598 ἔχει
733 4539 807 4584 ταῦτα
820 4535 860 4586 τδν
874 4539 921 4584 τῶν
934 4535 992 4586 δέκα
1002 4536 1052 4602 δρι-
1096 4544 1177 4606 πρώτη
1191 4543 1232 4604 μὲν
1247 4543 1293 4606 γὰρ
1306 4543 1367 4608 ἀρχὴ
1379 4545 1412 4601 εἰς
1432 4545 1527 4608 μέγεθος
1543 4543 1648 4606 στιγμή,
1664 4544 1760 4610 δευτέρα
1772 4548 1884 4610 γραμμή,

267 4609 326 4669 isit
339 4607 379 4658 καὶ
395 4607 457 4660 τέλος
470 4607 534 4670 ἴσχει
545 4619 550 4629 “
562 4605 642 4668 τετρὰς
654 4607 696 4670 μὲν
712 4605 755 4670 γὰρ
771 4607 794 4656 lv
813 4608 942 4670 πυραμίδος
957 4609 1051 4670 γωνίαις
1096 4614 1160 4678 τρίτη
1176 4613 1430 4678 testamentarius
1446 4615 1550 4678 στερεόν.
1564 4641 1594 4650 -
1607 4615 1657 4678 (60)
1672 4613 1795 4678 Diogenes
1806 4615 1883 4666 Laer-

267 4681 282 4738 ο
303 4678 403 4742 βάσεσι,
428 4677 481 4734 ἑῑὰι
501 4679 525 4728 st
544 4679 568 4727 s
592 4678 712 4740 ιλιιιιῖτ,
731 4677 793 4728 ὥστε
820 4678 892 4742 δέκα,
915 4679 995 4744 τετρὰς
1027 4682 1051 4730 οὲ
1096 4686 1147 4737 trus
1159 4684 1201 4736 tto.
1213 4687 1286 4748 tvm
1304 4686 1427 4738 tatastat
1439 4687 1497 4750 προς
1516 4685 1612 4747 αισα,
1631 4686 1771 4747 orassem,
1794 4687 1885 4737 σινα-

269 4749 339 4800 πάλιν
349 4749 371 4797 ts
387 4753 485 4808 στιγμῆς
496 4749 536 4796 καὶ
549 4753 656 4812 γραμμῆς
668 4748 813 4809 διαστήμασι
828 4750 868 4798 καὶ
887 4749 986 4812 μίμνοι,
1000 4751 1050 4808 titt
1095 4774 1147 4808 πον.
1163 4783 1195 4794 -
1205 4781 1237 4793 -
1247 4756 1294 4820 (st)
1310 4755 1368 4808 vid.
1381 4757 1467 4821 tragrn
1483 4761 1535 4808 τοι.
1549 4755 1643 4822 -εγοη
1655 4755 1711 4808 vid.
1727 4756 1813 4820 trapa.
1826 4759 1887 4808 ato·

266 4821 291 4873 tt
308 4821 332 4870 δν
358 4819 470 4882 τριγώνου
493 4820 600 4883 πλευραῖς
623 4821 662 4869 καί
683 4820 791 4880 γωνίαις,
814 4821 877 4871 ὥστε
891 4821 961 4872 πάλιν
983 4821 1049 4880 δέκα.
1096 4833 1150 4881 227.
1165 4857 1193 4867 -
1207 4827 1256 4888 (63)
1270 4826 1326 4878 Vid.
1343 4827 1431 4893 fragm.
1449 4831 1501 4878 (92.
1516 4855 1544 4864 -
1557 4827 1608 4891 (tt)
1619 4826 1676 4878 vid.
1689 4826 1774 4892 dogm.
1790 4831 1885 4880 1⁸7.—

265 4894 312 4942 Καὶ
325 4893 370 4955 μὴν
379 4891 420 4940 καί
433 4889 456 4940 ίν
469 4895 519 4948 τοῖς
529 4891 638 4954 σχήμασι
652 4890 703 4940 κατ’
716 4891 810 4954 ἀριθμὸν
825 4893 978 4956 σκεπτομένῳ
989 4909 1050 4956 συμ-
1095 4899 1145 4964 (so)
1159 4898 1216 4949 Vid.
1232 4896 1334 4948 Diodor.
1352 4898 1426 4949 sicul.
1448 4897 1494 4950 lib.
1517 4899 1574 4950 XVI
1591 4911 1648 4962 cap.
1668 4901 1708 4952 st.
1727 4917 1759 4936 -ι-
1776 4897 1828 4966 (so)
1843 4898 1882 4950 ds.

266 4963 348 5012 δαίνει·
359 4965 452 5026 πρῶτον
466 4960 511 5024 γάρ
523 4960 573 5010 ἐστι
583 4959 696 5023 τρίγωνον
705 4961 732 5010 τδ
747 4960 893 5024 ἰσόπλευρον,
905 4959 918 5008 δ
931 4960 980 5026 lysa
993 4961 1048 5023 μίαν
1095 4969 1227 5020 Ambrot'se
1248 4969 1348 5020 Ftrnttn
1362 4969 1451 5030 Decet,
1465 4981 1511 5019 ευτ’
1526 4967 1551 5020 le
1564 4969 1633 5034 prix
1647 4964 1684 5018 τίνι
1696 4970 1796 5033 popter
1812 4967 1885 5018 dans

265 5047 315 5087 τοι
329 5033 438 5096 γραμμὴν
453 5033 494 5082 sat
509 5031 604 5094 γωνίαν·
627 5033 688 5094 λέγω
707 5031 732 5080 δὲ
747 5031 818 5094 μίαν,
839 5032 897 5082 διότι
919 5031 972 5088 lost
988 5031 1046 5096 ἔχει·
1094 5037 1246 5104 t’anttqatte
1265 5053 1289 5104 p.
1308 5038 1425 5104 effaris
1447 5038 1526 5104 1857).
1541 5065 1569 5076 -
1588 5037 1639 5102 (st)
1652 5037 1778 5103 Ιίλειιίίηιιο
1789 5041 1880 5102 opusc.

264 5099 378 5162 ἄσχιστον
389 5103 435 5167 γὰρ
452 5103 488 5154 tat
501 5103 540 5152 καί
557 5103 654 5159 hostii<
677 5103 704 5153 τδ
717 5102 778 5153 loos·
793 5103 897 5166 δεύτερον
916 5103 941 5153 δὲ
954 5103 982 5154 τδ
995 5106 1047 5168 ripr-
1093 5109 1155 5174 phil,
1168 5123 1223 5174 pag,
1238 5115 1269 5164 47
1282 5123 1350 5174 seqq,
1366 5111 1471 5175 (Lipsiae
1486 5110 1569 5176 1781),
1585 5135 1616 5146 -
1629 5109 1681 5175 (ηε)
1694 5114 1751 5161 Ant,
1765 5111 1880 5162 wmar-

264 5169 414 5234 ίῑῐνᾶίωνον·
437 5173 492 5236 μίαν
506 5175 549 5238 γὰρ
563 5175 618 5237 ίχον
636 5175 788 5240 παραλλαγὴν
809 5179 923 5240 γραμμῶν
943 5175 983 5225 καί
996 5193 1045 5242 ys·
1092 5193 1174 5230 manu.
1201 5181 1225 5230 in
1246 5181 1466 5232 commentationis
1482 5181 1514 5232 de
1534 5179 1698 5245 epistolarum
1719 5181 1867 5244 scriptoribn

268 5246 319 5300 μῶν
335 5242 359 5292 έν
368 5242 434 5293 δυάδι
448 5247 537 5310 δρᾶται·
550 5246 626 5310 τρίτον
639 5249 664 5297 δὲ
676 5249 703 5298 τδ
719 5253 761 5300 τοῦ
773 5247 911 5311 ίοοπλιίρου
927 5248 1002 5312 ἣμισυ
1020 5251 1047 5300 τδ
1092 5249 1179 5316 ματαία
1190 5255 1260 5317 (νοτία
1276 5251 1381 5318 septima
1396 5251 1503 5318 (Lipsius
1518 5251 1603 5318 tots).
1616 5276 1649 5296 -ι
