3934 5956
333 411 385 471 iiii
408 409 647 472 xntsaoriiiii
667 409 843 486 natisonis
866 409 1079 475 utsairtitis
1102 411 1150 475 iit
1168 415 1487 482 SUGGESSORIBUS.
1652 422 1708 482 iat

100 571 155 609 arr
171 549 232 608 iere
247 546 395 609 floruisse.
410 547 469 618 Qui
483 567 574 626 quum
587 548 762 606 Aristoclem
778 547 884 608 Messe·
932 547 983 608 bio
999 563 1028 610 et
1041 569 1131 610 manu
1152 552 1263 630 scripto
1279 552 1380 612 codice
1400 551 1560 612 contulisse
1577 555 1715 612 testifica-

99 641 183 698 nium
198 639 256 718 (55)
270 650 299 696 et
315 637 488 696 licrminum
503 637 564 714 (56)
578 635 790 715 Peripateticos
805 638 886 697 audi·
932 651 989 698 tur.
1009 641 1144 718 Denique
1158 660 1251 718 graece
1266 655 1295 701 et
1309 642 1398 700 latine
1412 662 1479 701 cum
1501 661 1577 700 nova
1592 645 1716 702 transla-

99 729 191 789 visset
205 741 292 805 atque
304 727 336 786 in
351 746 411 786 una
424 746 523 785 rerum
539 727 787 805 contemplatione
800 727 885 804 quasi
932 728 1011 788 tione
1025 731 1124 788 nescio
1143 730 1230 808 cujus
1244 731 1302 790 viri
1317 731 1395 790 docti
1408 730 1471 812 (60)
1489 730 1537 788 hic
1553 731 1714 790 Alexandri

99 817 321 876 tabernaculum
351 817 420 876 ritae
446 837 505 876 suae
528 817 715 890 collocasset,
744 816 887 894 perlectus
932 817 1049 878 libellus
1065 819 1096 876 in
1109 818 1258 897 publicum
1273 821 1385 898 prodiit
1397 819 1524 879 Londini
1534 839 1611 878 anno
1625 823 1714 880 1658.

100 908 193 968 evasit
210 906 416 986 philosophus.
431 905 497 964 Fuit
510 906 606 976 enim,
623 906 649 964 si
670 905 707 963 ab
722 905 787 983 ipso
802 919 887 965 sectae
932 907 1061 966 Accessit
1076 921 1171 966 autem
1184 908 1252 966 huic
1267 909 1411 967 volumini
1423 910 1573 970 Ammonii
1589 909 1718 968 Hermiae

101 999 253 1058 conditore
265 996 454 1068 discesseris,
466 995 730 1073 Peripateticorum
741 995 806 1052 sine
821 1016 889 1054 con·
933 997 1156 1055 commentarius
1167 997 1198 1055 in
1211 998 1365 1055 secundam
1378 1011 1490 1076 partem
1502 997 1718 1056 dissertationis

102 1087 247 1146 troversia
268 1086 419 1164 princeps.
444 1085 518 1143 Aliis
539 1084 674 1142 videlicet
703 1084 888 1162 aliena'dog·
933 1085 1114 1144 Aristoteleae
1128 1085 1164 1144 de
1177 1086 1428 1164 interpretatione.

101 1191 179 1238 nicta
202 1175 310 1235 rationi
343 1173 522 1233 Aristotelea
549 1171 797 1246 admiscentibus,
826 1172 888 1250 ipse
973 1173 1156 1233 Porroiectu
1171 1174 1387 1251 dignavidetur
1401 1174 1559 1234 Alexandri
1575 1167 1719 1235 commen·

103 1265 198 1346 quoad
216 1263 280 1343 ejus
295 1263 360 1322 lieri
375 1276 473 1341 posset
490 1274 618 1320 veterem
631 1261 778 1337 Stagirites
797 1261 888 1320 disci·
933 1263 1005 1322 tatio
1019 1264 1055 1323 de
1071 1264 1209 1322 mixtione
1224 1263 1301 1344 (περὶ
1317 1263 1425 1344 μίξεως)
1442 1265 1506 1324 sive
1522 1266 1558 1323 de
1577 1279 1718 1343 tempera-

104 1357 213 1435 plinam
232 1353 370 1414 restituit.
388 1352 574 1430 Quapropter
595 1351 762 1410 Aristotelis
776 1352 889 1429 scripta
934 1352 1013 1409 tione
1031 1373 1187 1430 corporum
1204 1352 1240 1409 ad
1256 1352 1423 1411 Stoicorum
1437 1352 1584 1432 praecipue
1608 1366 1720 1411 senten-

104 1445 242 1520 piurimis
266 1442 484 1502 commentariis
507 1440 680 1513 illustrarit,
702 1441 754 1518 qui
777 1441 887 1499 intelli·
935 1441 1006 1499 tiam
1033 1441 1070 1500 de
1085 1461 1244 1519 corporum
1267 1443 1470 1520 penetratione
1493 1453 1522 1498 et
1542 1443 1598 1499 deo
1616 1443 1717 1501 mundi

108 1532 243 1609 gentibus
254 1531 356 1591 harum
367 1551 464 1590 rerum
478 1527 727 1589 existimatoribus
741 1527 813 1588 adeo
823 1549 891 1608 pro-
935 1530 1034 1589 anima
1051 1530 1268 1608 explodendam
1284 1529 1512 1589 accommodata.
1533 1529 1601 1588 llaec
1622 1533 1720 1608 primo

108 1621 264 1696 bobonum,
280 1633 313 1679 ut
338 1623 401 1698 ipse
418 1621 552 1678 meritam
576 1618 700 1694 gloriam
718 1632 890 1677 consecutus
935 1638 1029 1694 graece
1043 1619 1121 1678 edita
1129 1632 1174 1677 est
1184 1639 1242 1678 una
1256 1639 1322 1678 cum
1333 1618 1548 1676 commentariis
1561 1619 1720 1678 Alexandri

106 1711 189 1768 illius
205 1709 349 1788 interpres
365 1706 575 1788 (iiqynsiiciet
590 1706 736 1764 diceretur
751 1719 781 1764 et
799 1706 890 1764 baba·
935 1709 967 1766 in
990 1708 1157 1767 Aristotelis
1179 1708 1406 1784 Meteorologica
1435 1705 1564 1765 Venetiis
1589 1725 1616 1764 a.
1644 1709 1718 1780 1527

105 1811 197 1858 retur.
215 1797 280 1868 Quo
297 1797 402 1862 factum
416 1810 475 1870 est,
487 1809 519 1856 ut
535 1796 732 1872 llieronymus
746 1793 759 1852 1
783 1795 815 1852 in
831 1793 890 1854 liu·
936 1797 1014 1874 apud
1034 1797 1142 1854 Aldum
1154 1819 1162 1868 ;
1176 1797 1283 1855 deinde
1303 1795 1340 1854 ab
1359 1796 1470 1871 Angeia
1487 1793 1613 1852 Caninio
1633 1795 1721 1854 latine

105 1887 197 1945 iiuum
212 1886 260 1945 bis
275 1884 377 1945 verbis
397 1904 464 1943 eum
479 1885 646 1960 designaret
663 1904 670 1940 ι
685 1886 804 1941 Rcooioe
823 1886 890 1942 Ari·
937 1884 1053 1943 reddita
1067 1885 1104 1944 ad
1117 1887 1225 1944 calcem
1244 1889 1439 1963 questionum
1452 1883 1629 1942 naturalium
1645 1897 1674 1941 et
1686 1885 1720 1942 li·

105 1979 231 2032 stotelem
253 1988 283 2032 et
313 1977 532 2048 Alexandrum,
559 1975 723 2030 Aristotelis
742 1974 892 2029 υοὶιιοιὶιια
934 1972 1057 2032 brorum
1094 1974 1130 2032 de
1158 1975 1256 2032 anima
1277 1973 1389 2052 prodiit
1411 1975 1442 2030 in
1468 1973 1568 2030 eadem
1595 1970 1670 2029 urbe
1694 1991 1720 2034 a.

103 2065 302 2136 disserentem,
327 2076 356 2120 et
381 2075 490 2138 quanta
519 2063 710 2136 ambiguorum
730 2067 768 2116 sit
787 2066 888 2136 copia,
939 2061 1014 2118 1555
1030 2061 1107 2140 apud
1123 2061 1337 2139 llieronymum
1356 2060 1486 2121 Scotum.

106 2171 202 2209 eornm
226 2155 345 2210 lectione
360 2169 520 2229 cognosces.
535 2148 634 2219 Quid?
650 2147 729 2225 equod
745 2145 890 2225 Ἀριστοτε-
976 2149 1119 2209 Praeterea
1131 2151 1265 2229 plausum
1281 2150 1411 2207 tulerunt
1426 2148 1491 2226 ejus
1511 2149 1640 2208 Φυσικῶν
1656 2171 1721 2229 σχο-

107 2239 180 2306 λικδς
194 2238 362 2320 Ἀλέξανδρος
377 2253 499 2298 vocatus
514 2252 557 2298 est
573 2258 589 2296 a
603 2237 715 2315 Cyriilo
735 2236 773 2294 lV
788 2249 891 2296 contra
936 2237 999 2298 lion
1014 2239 1046 2298 δι’
1062 2240 1178 2318 ἀποριῶν
1194 2237 1240 2298 xci
1261 2236 1362 2296 λύσεων
1379 2236 1470 2315 deditio
1486 2234 1510 2294 δ’
1524 2237 1720 2313 Physicorunr

106 2325 219 2388 Julian.
236 2348 305 2406 pag.
331 2329 398 2391 133.
425 2327 604 2397 Quinetiam
624 2324 809 2403 Porphyrius
828 2325 888 2405 (57)
936 2329 1115 2387 scholiorum
1126 2348 1180 2406 per
1193 2325 1389 2386 dubitationes
1404 2339 1434 2384 et
1445 2325 1606 2384 solutiones
1620 2326 1656 2383 ad
1672 2345 1723 2384 va·

106 2415 136 2473 in
155 2417 217 2474 rita
235 2415 345 2475 Plotini
361 2435 425 2494 cap.
452 2415 488 2477 11
508 2413 666 2473 Alexandri
685 2413 890 2491 Peripatetici,
936 2419 996 2476 rios
1017 2417 1181 2476 Aristotelis
1205 2417 1285 2475 locos
1306 2415 1376 2473 libri
1394 2427 1533 2492 quatuor,
1550 2415 1615 2473 sive
1635 2414 1721 2484 Quac-

106 2523 194 2582 qnem
213 2503 472 2584 Aphrodisiensem
486 2504 703 2574 existimamus,
718 2516 892 2561 commenta·
936 2507 1045 2566 stiones
1057 2507 1224 2579 naturales,
1241 2517 1274 2564 ut
1288 2503 1453 2562 Politianus
1471 2515 1568 2562 vocat.
1587 2505 1676 2580 Atqui
1692 2505 1722 2562 bi

105 2593 167 2652 rios
190 2593 222 2651 in
238 2594 345 2652 scholis
361 2594 453 2652 lectos
465 2613 528 2652 esse
543 2592 694 2652 memoriae
709 2593 819 2670 prodit.
835 2592 890 2651 Vc·
937 2593 1057 2672 quidem
1072 2594 1272 2665 Quaestionum
1286 2591 1356 2650 libri
1372 2611 1466 2668 graece
1479 2593 1606 2670 primum
1624 2593 1723 2650 divul-

106 2699 170 2739 rum
191 2701 228 2740 ne
252 2681 289 2742 de
316 2683 533 2741 commentariis
557 2681 633 2754 illis,
652 2684 703 2758 qui
729 2683 800 2740 satis
827 2683 890 2741 noti
937 2684 995 2758 gaii
1010 2696 1108 2744 sunta
1122 2683 1238 2742 Victore
1250 2679 1440 2740 Triucavello
1453 2679 1584 2740 Venetiis
1601 2700 1628 2742 a.
1647 2681 1722 2738 1536

106 2784 194 2844 sunt,
218 2770 269 2830 bic
295 2790 457 2852 exponam,
472 2770 605 2830 breviter
629 2769 665 2828 de
689 2770 757 2829 aliis
779 2771 890 2848 ingenii
936 2773 967 2830 in
985 2772 1098 2832 aedibus
1110 2773 1177 2832 Aldi
1194 2786 1223 2830 et
1242 2771 1362 2830 Asulani
1376 2769 1600 2848 sormamajori3
1614 2767 1723 2847 quibus

106 2862 318 2934 monumentis,
333 2860 441 2940 quibus
455 2860 622 2920 Alexander
637 2878 841 2919 nomensunm
855 2861 891 2920 ad
937 2861 1093 2939 adjunctus
1121 2874 1165 2920 est
1189 2859 1311 2918 libellus
1335 2859 1371 2917 de
1399 2859 1470 2917 lato.
1495 2856 1598 2921 Latina
1627 2870 1722 2916 autem

105 2949 334 3009 immortalitatis
370 2951 542 3008 memoriam
568 2948 765 3020 consecrarit,
795 2950 892 3008 dicen·
937 2951 1097 3008 eorundem
1117 2947 1265 3007 librorum
1283 2947 1507 3026 interpretatio,
1533 2965 1600 3024 quae
1621 2945 1724 3004 lliero-

107 3037 176 3096 dum
194 3039 326 3099 videtur.
343 3038 517 3118 Composuit
533 3039 625 3114 igitur
643 3035 754 3096 librum
774 3037 835 3118 aspi
854 3043 892 3098 ei·
939 3057 1029 3116 nymo
1054 3037 1194 3113 Bagolino
1217 3036 1342 3114 ejusque
1368 3036 1432 3094 filio
1455 3033 1565 3094 ioanni
1586 3034 1725 3110 Baptistae

109 3125 248 3206 μαρμίνης
270 3126 316 3186 καὶ
331 3132 377 3186 τοῦ
392 3129 433 3207 ἐφ’
447 3132 512 3204 ἡμῖν
528 3127 564 3186 de
585 3127 644 3184 iato
660 3125 744 3184 aede
761 3145 795 3184 eo
811 3130 891 3205 qnod
937 3127 1071 3201 debetur,
1083 3127 1212 3186 Venetiis
1222 3146 1300 3185 anno
1313 3125 1390 3202 1559
1399 3126 1428 3184 in
1441 3123 1660 3204 lucemprolata
1668 3138 1721 3184 cst.

108 3217 140 3274 in
159 3229 259 3276 nostra
272 3231 316 3276 est
329 3231 489 3296 potestate,
506 3237 543 3276 ex
557 3237 618 3294 quo
633 3216 777 3290 insignem
794 3216 890 3278 locum
977 3217 1034 3276 Sed
1049 3217 1187 3276 omnibus
1202 3237 1318 3296 semper
1334 3215 1509 3294 placuerunt
1523 3213 1582 3272 duo
1601 3211 1666 3289 ejus
1686 3213 1723 3269 dc

106 3307 255 3385 excerpsit
270 3305 416 3366 llusebius
442 3308 626 3383 inseruitque
640 3304 767 3382 Praepar.
779 3305 890 3384 Evang.
938 3309 1034 3367 anima
1046 3308 1055 3388 (
1065 3305 1126 3386 nepi
1145 3307 1249 3388 ψυχῆς)
1265 3304 1336 3363 libri
1351 3323 1442 3380 graece
1459 3302 1602 3382 publicati
1615 3305 1647 3360 in
1667 3301 1724 3358 iine

105 3393 156 3467 vt,
174 3415 204 3470 9.
222 3394 307 3453 llunc
321 3394 431 3453 librum
446 3407 512 3473 post
527 3393 673 3472 duplicem
689 3392 757 3451 Aidi
770 3393 891 3454 lilanutii
938 3417 1059 3475 operum
1074 3395 1231 3455 'Themistii
1248 3393 1406 3472 subjuncto
1428 3392 1587 3451 Alexandri
1608 3390 1645 3448 de
1665 3391 1725 3448 fato

106 3484 264 3542 editionem
281 3483 342 3563 (55)
359 3483 471 3562 primus
484 3483 575 3541 latine
589 3481 677 3539 vertit
692 3481 892 3561 Hieronymus
937 3487 1038 3544 libello
1052 3484 1183 3544 Venetiis
1198 3483 1298 3542 studio
1316 3496 1344 3540 et
1356 3500 1446 3560 opera
1459 3481 1586 3540 Victoris
1602 3479 1722 3538 Trioca-

107 3572 266 3648 Bagolinus
287 3585 316 3630 et
328 3587 454 3650 quatuor
471 3569 673 3630 voluminibus
698 3573 890 3648 quaestionum
937 3577 1007 3634 velli
1022 3595 1048 3636 a.
1067 3575 1141 3642 153)
1158 3574 1251 3632 forma
1262 3571 1367 3650 majori
1379 3573 1457 3650 typis
1471 3572 1536 3628 Aldi
1552 3583 1581 3628 ct
1592 3569 1725 3630 Asulani.

106 3660 267 3720 Alexandri
289 3659 416 3738 subjecit
441 3659 571 3718 Venetiis
598 3658 721 3728 a.1541
750 3673 779 3718 et
812 3660 890 3736 1559
941 3662 1398 3738 Primumlibrumexgraecoin
1419 3660 1540 3718 latinum
1560 3677 1724 3718 sermonem

107 3749 233 3808 maxima
248 3749 341 3808 forma
356 3749 434 3828 apud
450 3749 664 3826 Hieronymum
682 3745 801 3806 Scotum
817 3747 890 3828 (59).
938 3754 1027 3810 uertit
1052 3751 1249 3829 llieronymus
1276 3750 1409 3808 Donatus
1431 3747 1561 3806 venetiis
1586 3765 1614 3806 a.
1647 3745 1723 3804 1535

106 3835 241 3896 Eundem
254 3838 285 3895 in
298 3835 428 3895 collectis
445 3835 688 3916 pbilosophorum
702 3834 739 3893 de
751 3835 809 3894 fato
830 3855 894 3894 sen·
942 3840 1054 3898 octonis
1069 3852 1098 3898 et
1111 3838 1232 3898 Lutetiae
1248 3838 1283 3896 ad
1299 3839 1407 3896 calcem
1422 3833 1578 3892 Themistii
1593 3853 1620 3890 a.
1647 3833 1724 3890 1528

108 3926 210 3986 tentiis
229 3926 433 4004 interpretatus
453 3937 497 3984 est
523 3925 608 4002 lingo
631 3924 754 3983 Grotius
769 3923 894 3984 Lutetiae
941 3927 1031 3986 forma
1047 3928 1165 4005 majori.
1183 3928 1316 3985 Alterum
1330 3925 1440 3982 librum
1458 3923 1556 3980 latine
1568 3933 1724 3980 consuetu·

108 4035 137 4078 a.
156 4017 231 4086 raia
248 4015 399 4092 quaternis
414 4028 443 4073 et
463 4014 671 4073 Amstelodami
691 4015 766 4082 roas
782 4013 893 4072 duode·
939 4015 1001 4074 dini
1017 4017 1138 4075 tradidit
1155 4016 1286 4092 Angelus
1299 4013 1461 4085 Caninius,
1477 4009 1560 4089 cujus
1574 4011 1723 4088 intorpre-

108 4105 174 4176 nis,
188 4105 239 4183 qui
255 4124 286 4163 se
300 4105 336 4162 ad
350 4103 499 4182 exemplar
514 4123 641 4180 graecum
656 4102 689 4161 in
701 4102 818 4161 latinam
830 4103 890 4161 lin·
939 4104 1011 4161 tatio
1027 4123 1092 4161 curn
1107 4103 1208 4182 priore
1225 4101 1306 4161 libro
1320 4121 1373 4180 per
1387 4106 1536 4160 Donatum
1548 4117 1636 4158 verso
1651 4119 1724 4178 pro-

108 4212 195 4269 guam
214 4191 445 4252 transferendum
460 4191 528 4250 Aldi
547 4192 705 4251 editionem
723 4211 789 4250 cum
802 4195 892 4250 liuse-
939 4190 994 4250 diit
1011 4192 1044 4250 in
1063 4191 1122 4251 fine
1145 4195 1337 4270 questionum
1352 4189 1528 4250 naturalium
1550 4187 1680 4248 Venetiis
1696 4207 1723 4246 a.

109 4365 175 4412 θεῖον
183 4363 252 4424 ὄντα,
261 4367 353 4420 diercis
364 4361 413 4412 ἀπὸ
423 4365 546 4422 mimate
558 4360 648 4418 idciro.
662 4388 688 4397 -
699 4361 746 4422 (55)
754 4358 895 4424 Simplicius
939 4363 1026 4428 πρῶτα
1049 4363 1091 4413 acl
1107 4363 1135 4413 τὸ
1149 4366 1174 4422 η’
1195 4379 1241 4428 περ
1263 4369 1364 4428 φυσικῆς
1385 4359 1475 4426 bsilice.
1490 4359 1649 4425 Θεοφράστου
1669 4359 1724 4424 περὶ

106 4432 201 4482 inlde
217 4433 278 4484 toelo
291 4431 334 4482 toi.
348 4436 386 4483 at.
403 4432 429 4482 b.
442 4433 468 4482 ei
483 4430 592 4496 Gyrillus
605 4431 631 4480 in
650 4429 742 4480 Julian.
765 4430 809 4480 lib.
823 4431 847 4480 ll
860 4427 892 4480 ci.
940 4435 1075 4496 αῐσοήσεοις
1098 4434 1377 4501 βιβλίον,11ρισιιιανοι”ι
1398 4433 1481 4484 Audeo
1502 4431 1651 4497 μιτὰφρασις
1673 4429 1724 4478 τῶν

106 4503 161 4552 noi.
173 4505 213 4554 11.
227 4529 255 4542 ···
266 4503 316 4566 (511)
326 4501 469 4566 Simplicius
484 4500 510 4550 in
527 4502 550 4550 11
562 4499 594 4550 (ie
604 4499 666 4549 coeio
678 4497 720 4550 iol.
736 4504 789 4550 105.
801 4525 834 4536 -
846 4499 895 4560 (57)
940 4505 1098 4570 Θεοφράστου
1109 4506 1166 4571 περὶ
1180 4505 1325 4563 αῑσθήσεως.
1341 4503 1466 4561 Veniliiis,
1479 4501 1546 4566 iniS
1555 4499 1612 4551 Aidi
1622 4502 1648 4549 ei
1660 4500 1726 4547 Asu·

106 4571 262 4636 Porphyrius
276 4573 303 4623 in
323 4571 377 4623 viia
393 4571 485 4622 Pl⁰iini
502 4585 555 4636 οοΡ-
572 4575 600 4622 14
612 4573 638 4622 ἓν
653 4571 742 4630 iltuit
753 4570 895 4628 συνουσίαις
939 4574 989 4626 lani
1003 4575 1135 4627 15358111
1147 4575 1174 4624 in
1185 4572 1369 4638 exemplaribus
1379 4570 1510 4629 omnibus,
1528 4583 1586 4634 quaa
1596 4565 1725 4618 Fabricius

108 4643 292 4706 ἀνεγινώσκετο
311 4643 353 4708 μὲν
371 4644 438 4705 αὑτῷ
460 4643 493 4692 τὰ
514 4643 695 4708 ὑπομνήματα,
717 4643 767 4692 eice
786 4643 895 4708 Σεὸἠρου
938 4646 1059 4710 inspexit,
1073 4645 1158 4695 insum
1170 4646 1269 4693 tantum
1289 4641 1422 4692 Alexandri
1437 4639 1592 4699 Quaesii'ones
1611 4635 1724 4700 Physicis

75 4721 79 4726 '
108 4713 164 4774 riq,
180 4715 230 4764 οἷοο
246 4713 367 4779 Kpcrioa,
386 4715 403 4774 ἢ
422 4713 607 4778 Νοομηνῑοοιῆ
629 4711 747 4772 ration
768 4711 894 4773 Amissa,
939 4731 997 4768 curn
1011 4717 1075 4770 libro
1095 4714 1127 4765 de
1151 4715 1226 4773 Fato,
1243 4713 1347 4777 reliquis
1373 4725 1431 4776 quaa
1462 4710 1553 4760 titulus
1578 4705 1724 4772 pmmisemt

107 4783 155 4832 adr
166 4785 433 4851 τοῖςΠεριπατητιιιοῖς
447 4783 480 4833 τά
491 4801 519 4832 τι
533 4781 666 4834 Ἀσποισίου
677 4783 720 4833 xal
733 4781 894 4849 Ἀλεξάνδρον,
939 4788 1045 4840 omissis.
1059 4784 1215 4836 vtorairic.
1232 4783 1296 4834 Bibl.
1312 4786 1391 4836 orac.
1409 4784 1443 4832 lv
1453 4795 1478 4846 p.
1495 4776 1724 4842 55-(591111151

112 4851 247 4920 Ἀδράστου
257 4871 284 4905 τε
295 4855 338 4906 xci
352 4855 403 4904 τῶν
419 4854 588 4918 ἐμπεσόντων.
601 4852 795 4916 -(58)Ρ110111
806 4851 897 4902 titulus
939 4856 1082 4908 rarissimus
1094 4855 1129 4906 sic
1142 4853 1286 4904 inscribitur
1299 4869 1305 4902 ι
1317 4851 1451 4904 Alexandri
1465 4844 1663 4915 Aphrodisientit
1675 4846 1724 4894 Ρο-

108 4926 167 4974 csts
181 4924 360 4990 raemoriae
375 4929 419 4975 τοῦ
433 4925 565 4991 staporis
579 4923 691 4984 arcora,
705 4926 772 4974 τοῦτ’
787 4923 899 4973 ἔστιπα-
940 4928 1063 4994 ripatetici
1072 4925 1210 4978 doctissimi
1227 4925 1382 4984 Quastiones
1399 4922 1531 4974 Naturales
1542 4921 1568 4969 et
1582 4913 1688 4966 nomas
1698 4917 1724 4964 et

108 4995 228 5061 οᾶοοοοοι
240 4997 284 5048 καὶ
298 4995 376 5061 litot-
400 4995 556 5061 Ἀλεξάνδρου
572 4993 738 5061 beatiissimi
751 4995 807 5060 περὶ
820 4996 897 5058 ψυχῆς
941 4999 973 5050 ds
982 5001 1059 5059 Fam,
1074 4999 1225 5060 Hieronymo
1237 4995 1354 5059 Bagolino
1365 4993 1500 5045 Vemaensi
1511 4993 1538 5041 et
1548 4989 1660 5054 Baptista
1674 4987 1724 5037 iillo

109 5067 192 5132 arsita
206 5067 249 5119 tio
263 5069 306 5119 ιυιὶ
323 5069 348 5118 tv
361 5069 419 5134 περὶ
432 5068 586 5134 εἱμαρμένης·
599 5065 709 5116 venetiis
725 5065 792 5130 apua
806 5063 897 5115 aidum
943 5070 1119 5135 interpretibus
1130 5107 1136 5130 ,
1147 5068 1179 5119 de
1191 5067 1272 5118 anima
1287 5067 1368 5117 ttoni
1378 5065 1528 5128 Hieronymo
1538 5062 1635 5111 Donato
1646 5057 1724 5108 Patri·

111 5141 180 5187 1534.
203 5138 352 5190 P0⁵i0110ri³
367 5151 445 5190 vcro:
463 5139 597 5202 Ζηοήμοτο
615 5135 769 5203 Ἀλεξάνδρου
790 5145 881 5201 mrim
942 5143 981 5195 cio
994 5141 1244 5204 Venetointerprete‚
1262 5137 1294 5188 de
1305 5137 1387 5188 enirm
1404 5136 1467 5186 iiber
1479 5137 1501 5185 ii
1520 5135 1546 5185 et
1560 5131 1593 5184 de
1604 5130 1724 5182 mixtione

108 5210 166 5272 nest
180 5211 273 5274 uris.
291 5209 450 5276 Μετάφροσισ
466 5208 495 5258 ta
508 5209 559 5258 τῶν
575 5207 720 5272 tamasim
736 5209 770 5264 εῑι
782 5208 812 5257 τὸ
828 5208 899 5274 πρῶ·
942 5213 1034 5280 Angelo
1045 5211 1147 5265 (tannia
1158 5209 1310 5274 Anglcnensi
1320 5209 1470 5273 interprete,
1483 5205 1664 5258 omniaexcasa
1673 5203 1724 5251 Ve-

109 5295 154 5329 scr
177 5283 234 5346 napi
255 5282 361 5348 adparat
383 5279 485 5345 titillor.
509 5277 629 5343 Ἐπιτομὴ
650 5279 752 5344 quirat
774 5279 808 5335 εἰς
825 5277 858 5326 τὰ
877 5276 899 5328 δ’
942 5283 1017 5336 ostiis
1037 5282 1105 5347 apud
1126 5281 1304 5345 Hieronymum
1322 5281 1425 5333 sotum
1450 5282 1519 5331 1559.
1537 5301 1569 5316 -
1590 5274 1641 5340 (50)
1664 5273 1724 5324 iiac
