3958 5942
619 351 670 412 ult
691 351 857 430 SEVERO,
881 357 1017 418 ATTICO
1039 359 1089 418 ΕΤ
1109 360 1292 421 ΝΠΜΕΝΙΟ.
1688 363 1746 422 tte

147 475 257 578 :limaeo
276 478 495 558 interpretando
512 486 635 561 posteris
648 484 779 548 tradidit.
797 489 926 568 Apparet
970 490 1118 554 πονύτατον
1133 491 1247 554 Ἀττικὸν
1264 491 1399 569 ἐθαύμασα
1411 491 1495 552 διττόν
1509 513 1559 550 που
1570 490 1613 550 τδν
1627 496 1745 572 κρατῆρα

146 579 236 668 igitur
250 568 376 647 primum
386 571 548 630 assuevisse
567 571 767 634 doctissimum
781 575 925 638 hominem
970 581 1078 658 λέγοντα
1099 582 1198 662 εὑρών,
1214 582 1258 642 καί
1278 587 1362 640 ταῦτα
1384 579 1491 641 εἰωθότα
1509 579 1609 662 σφόδρα
1629 581 1762 660 παρέπε-Ι

146 675 177 714 ιιι
191 657 357 716 enarrando
381 659 522 738 scriptore
544 660 657 736 singula
679 663 771 722 verba
786 685 924 744 premere.
971 673 1031 728 σθαι
1040 679 1097 738 ταῖς
1113 670 1217 752 phetor·
1231 671 1363 748 μέμνηται
1377 667 1404 728 δὲ
1413 667 1483 744 ὅμως
1498 667 1594 734 ἐκεῖνος
1604 671 1649 727 τοῦ
1661 669 1747 727 διττοῦ

146 743 289 806 Nimirum
305 745 342 804 ad
356 746 454 806 locum
468 748 519 826 qtti
533 761 578 808 est
596 768 666 826 pag.
682 753 731 812 28.
748 752 782 812 C.
803 753 924 834 γέγονεν·
970 763 1098 838 κρατῆρος
1110 760 1156 818 καί
1168 759 1213 819 τὸν
1233 759 1350 838 νίναῑδρον
1366 756 1544 834 ἐξηγούμενος.
1673 825 1676 832 ¹

145 832 239 911 δρατδς
249 831 301 912 γδρ
314 832 397 902 ἁπτός
413 836 443 894 τί
458 835 514 896 ἔστι
528 836 668 915 καὶσῶμα
687 837 770 918 ἔχων,
789 841 876 902 πόντα
898 843 924 904 δὲ
1010 846 1044 905 In
1068 848 1212 927 principio
1235 847 1354 920 'l'imari‚
1382 846 1433 904 ubi
1455 844 1587 903 Socrates
1613 857 1747 921 quartum

145 920 179 980 τλ
190 926 300 982 τοιαῖτα
321 923 444 1000 αἰσθηταί,
459 922 493 982 ch
515 924 542 984 δέ
558 927 679 1004 αἰσθητά,
694 927 755 1009 δόξῃ
776 929 926 1010 περιληπτδι
970 935 1022 1012 qui
1037 936 1169 1014 pridiano
1196 936 1321 995 sermoni
1336 933 1506 993 interfuerat
1516 932 1635 1010 jamque
1649 932 1748 992 aberat

146 1009 214 1089 μετὰ
236 1009 392 1089 «leiim,
412 1011 553 1090 ΥῑΥνθμένα
576 1015 621 1075 καί
635 1017 740 1096 ,γενητὰ
761 1019 843 1098 ἐροίνη
866 1020 922 1102 (cf.
971 1024 1122 1083 convivam
1140 1026 1277 1104 requirit,
1291 1023 1381 1084 verba
1395 1021 1515 1082 ἀσθένειά
1533 1043 1572 1088 τις
1586 1022 1656 1102 αὐτῷ
1677 1020 1747 1089 ξυνέ-

146 1101 221 1158 Phil.
239 1100 292 1162 Gr.
305 1100 366 1160 vol·
379 1100 419 1176 Π,
435 1122 466 1180 p.
483 1105 561 1185 157)
576 1104 637 1166 haec
650 1119 748 1166 notata
761 1122 829 1167 sunt
844 1109 921 1167 Pro·
970 1133 1060 1186 πεσεν,
1072 1099 1095 1170 ‹i›
1106 1111 1262 1192 Σώκρατες·
1272 1115 1301 1170 οθ
1315 1110 1366 1192 γάρ
1382 1109 1411 1168 δν
1426 1107 1491 1168 ἑκὼν
1502 1111 1582 1180 τῆσδε
1591 1109 1747 1170 ἀπελείπετο

145 1190 192 1250 clo
205 1210 235 1269 p.
250 1190 298 1263 87.
314 1190 351 1252 A.
368 1185 418 1272 [p.
434 1199 490 1261 υοέν
505 1191 550 1250 ed.
563 1191 743 1273 Schneider]
756 1195 866 1276 πότερον
880 1187 925 1256 σύν
970 1203 1017 1271 τῆς
1029 1201 1165 1269 συνουσίας
1177 1215 1253 1260 recte
1267 1201 1342 1280 cepit
1356 1200 1476 1257 Atticus.
1500 1199 1540 1258 De
1554 1197 1598 1256 his
1621 1198 1660 1256 ita
1681 1198 1750 1257 Pro·

145 1287 198 1338 πᾶν
212 1278 243 1338 ct
267 1277 392 1351 αἰσθητόν
407 1277 459 1340 ent
478 1277 574 1360 χρόνου
591 1281 713 1359 γενητόν,
727 1279 744 1355 ῆ
769 1285 797 1342 οὖ
812 1293 886 1361 uhu
902 1287 925 1345 τί
972 1289 1034 1347 cius
1046 1289 1076 1348 in
1088 1289 1164 1350 Tim.
1178 1309 1207 1368 p.
1230 1311 1259 1362 7.
1274 1289 1307 1346 B.
1323 1285 1455 1365 γλίσχρως
1466 1307 1495 1342 τε
1509 1283 1559 1364 γὰρ
1574 1285 1749 1364 ἐπιχειροῦσιν

146 1367 193 1446 μέν
216 1365 248 1438 δὴ
262 1373 333 1442 πᾶν,
348 1365 394 1426 καί
408 1365 438 1426 τδ
458 1369 623 1446 πλημμελῶς
638 1368 685 1429 καί
707 1369 827 1439 ἀτάκτως
839 1375 924 1432 κινού·
972 1375 1100 1451 ἅπαντες,
1114 1376 1160 1436 καί
1177 1377 1328 1456 οὐδένπρὸς
1345 1373 1389 1433 τδν
1403 1373 1493 1451 λόγον,
1511 1373 1589 1431 εἶκαὶ
1607 1379 1696 1431 τοῦτον
1709 1372 1750 1431 εθ-

148 1479 223 1535 μενσν
245 1455 319 1516 ἐσται
343 1455 395 1515 tut
421 1455 517 1537 χρόνου
543 1456 665 1536 γενητόν·
690 1458 783 1536 ὁρατόν
806 1460 856 1542 γάρ
880 1461 925 1522 καὶ
973 1465 1105 1546 ροιμτν,δ
1128 1469 1261 1539 ζητοῦσιν·
1282 1463 1339 1525 ἐπεὶ
1352 1462 1397 1522 καί
1410 1463 1453 1520 τδν
1474 1461 1521 1540 μέν
1543 1461 1689 1534 Θεαίτητον
1707 1461 1750 1520 διὰ

148 1545 231 1604 έκεῖνό
252 1567 344 1626 φησιν·
369 1548 391 1604 εί
413 1543 439 1602 δέ
459 1545 488 1604 ού
513 1553 581 1620 πᾶν,
602 1547 788 1630 ἀσυλλόγιστος
814 1552 828 1608 ό
851 1551 925 1628 λόγος
971 1557 1019 1628 τῆν
1032 1552 1136 1626 νόσονῆ
1151 1555 1284 1615 Πλότωνα
1296 1549 1381 1630 λέγειν
1391 1549 1449 1611 οθδέ
1461 1557 1513 1617 τοῖς
1522 1549 1625 1630 χρόνοις
1637 1548 1751 1630 συνᾴδει·

147 1633 217 1695 κατέ
232 1633 276 1693 τὸν
289 1633 403 1694 Ἀττικὸν
418 1633 463 1692 καὶ
477 1632 577 1703 eterit<
591 1635 755 1717 περαντικός.
772 1639 805 1698 Ei
820 1637 857 1715 μὴ
874 1639 925 1718 ἀρα
971 1641 1069 1702 τούτων
1084 1642 1134 1722 γὰρ
1155 1643 1230 1719 ὁμὲν
1246 1639 1397 1722 κρινομένου
1418 1638 1592 1718 Σωκράτους,
1604 1641 1617 1694 ο
1629 1638 1655 1695 δὲ
1668 1638 1750 1696 Θεοί-

147 1723 218 1802 λέγει
232 1721 275 1784 τὸν
291 1721 338 1800 μέν
353 1721 452 1799 κόσμον
470 1713 538 1782 τίναι
559 1724 653 1803 θρατδν
667 1725 713 1784 καί
731 1724 830 1796 ἁπτόν,
847 1727 877 1786 τὸ
898 1727 925 1786 δέ
971 1755 1049 1804 τητσς
1073 1731 1249 1797 ἀποθανόντος
1272 1727 1373 1810 ι’ίρηται
1399 1729 1499 1786 νοσεῖν·
1531 1724 1561 1785 τὸ
1587 1724 1613 1783 δὲ
1646 1727 1752 1784 mmo.

146 1812 312 1888 πλημμελῶς
325 1811 371 1870 καὶ
387 1810 506 1879 ἀτόκτως
527 1811 677 1891 κινούμενον
693 1815 754 1894 οὐχί
774 1819 818 1872 νῦν
832 1815 925 1896 ὁρατὸν
971 1823 1081 1902 ρῶντα,
1098 1822 1231 1887 παντελῶς
1243 1819 1352 1878 ἀτοπον·
1367 1819 1454 1896 παρῆν
1466 1813 1516 1896 γάρ
1532 1815 1590 1872 οὐδὲ
1603 1817 1635 1892 τῇ
1661 1837 1751 1892 προτε-

146 1891 232 1977 εἶναε,
248 1898 316 1960 ἀλλά
328 1897 380 1978 πρδ
393 1902 440 1970 τῆς
455 1901 644 1977 κοσμοποιίας·
660 1902 717 1962 ἐπεὶ
729 1903 774 1964 καί
785 1906 799 1961 θ
812 1903 926 1964 Πλοίτων
973 1909 1052 1992 ραίρ,
1064 1909 1217 1991 Σωκράτους
1228 1905 1413 1988 διηγουμένου,
1424 1905 1483 1964 τίνα
1493 1895 1564 1964 εἶπεν
1575 1907 1589 1962 θ
1600 1906 1751 1982 Κλειτορῶν

146 1987 214 2046 οὕτω
231 1987 309 2069 φησί’
323 1995 377 2046 πᾶν
390 1985 450 2047 6⁶⁰⁹
470 1987 563 2067 ὁρατὸν
577 1979 609 2062 ht
624 1991 787 2070 πλημμῑλῶε
801 1992 846 2051 καὶ
862 1993 926 2054 tte·
972 2002 1005 2077 τῇ
1019 2000 1070 2080 πρῖι
1086 1999 1185 2072 ἐκείνης
1199 1997 1269 2058 κατὰ
1280 1997 1328 2068 τὴν
1341 1999 1366 2055 έν
1386 1998 1507 2076 Πειραιεῖ
1519 1991 1672 2053 συνουσίαν·
1683 1990 1751 2063 πλὴν

147 2101 214 2145 κτως
234 2075 400 2154 κινούμενον·
425 2079 537 2136 ένταῶθα
562 2077 589 2137 δέ
610 2081 702 2160 ipati<
725 2082 777 2160 γάρ
797 2081 879 2150 ἁπτός
898 2083 928 2143 τί
973 2093 1095 2146 τοσοῦτον
1123 2086 1272 2153 θ’λττεκδς
1296 2086 1377 2165 ὀρθῶς
1398 2081 1613 2158 ἐπισημαίνεται·
1635 2079 1716 2140 ἐοικεν
1739 2083 1753 2138 i

149 2169 204 2226 ἐστι
226 2165 365 2244 καὶσῶμα
391 2164 471 2247 έχων.
500 2169 559 2229 Πᾶν
581 2157 639 2241 ούν,
654 2165 671 2226 8
683 2171 753 2228 ἐστιν
775 2169 869 2249 ὁρατόν
883 2171 928 2230 καί
974 2173 1178 2252 ἀπολειπόμενος
1193 2165 1266 2239 οθτος
1289 2161 1423 2231 εἶναιτῶν
1439 2169 1505 2248 μετὰ
1523 2169 1639 2244 Τιμαίου
1662 2166 1751 2236 ξένων.

150 2255 250 2331 ἁπτόν,
264 2259 341 2349 roife
355 2254 487 2314 δείκνυται
501 2255 626 2332 γενητόν,
637 2257 697 2315 ἀλλ’
712 2258 761 2337 οίιχ
776 2258 790 2317 θ
810 2249 852 2331 ῆν.
869 2258 928 2320 Κάν
974 2261 1021 2323 Διδ
1035 2263 1080 2323 καί
1096 2267 1111 2323 θ
1128 2263 1274 2342 Σωκράτης
1294 2259 1372 2320 αύτδν
1388 2260 1472 2340 ἐρωτᾷ
1486 2258 1531 2316 τδν
1545 2256 1673 2334 Τίμαιον,
1688 2254 1753 2313 όπου

149 2348 233 2404 ταῦτα
246 2343 333 2403 τοίνυν
346 2341 411 2424 λέγῃ
436 2344 538 2418 (δεινός
558 2343 638 2425 γέιρό
659 2346 725 2426 ἀνὴρ
744 2346 929 2408 ἀντιλαόέσθαι
974 2351 1038 2412 ποτέ
1054 2351 1123 2423 είηό
1147 2349 1288 2431 τέταρτος,
1302 2347 1349 2407 καὶ
1366 2349 1461 2413 ἐκεῖνος
1474 2351 1509 2413 ὡς
1529 2345 1589 2423 περλ
1605 2343 1753 2414 ἐπιτηδείου

149 2435 201 2493 τῶν
216 2433 366 2514 ῥημάτων),
380 2432 500 2506 λεκτέον,
515 2432 556 2493 ότι
571 2433 598 2492 έν
609 2457 638 2513 γε
652 2439 690 2515 τῷ
702 2433 754 2516 όριρ
765 2441 811 2495 τοῦ
820 2445 929 2515 γενητοῶ
975 2441 1043 2510 τινός
1058 2441 1225 2518 ἀπολογεῖται
1245 2439 1293 2510 τῆν
1309 2436 1437 2498 ἀπουσίαν
1453 2433 1597 2514 ἀναγκαίαν
1613 2433 1683 2510 αὐτῶ
1706 2429 1751 2490 καί

149 2527 264 2582 τοιοῦτον
287 2521 360 2580 οὐδέν
381 2525 467 2594 ἐστιν,
483 2523 540 2580 ἀλλ’
557 2521 647 2590 ἁπλῶς
662 2521 763 2604 είρηται
778 2533 829 2583 πᾶν
844 2525 874 2584 τδ
888 2550 931 2605 γε·
976 2530 1119 2603 ἀόούλητον
1136 2529 1248 2596 δεικνύς.
1263 2530 1356 2590 Ταῦτα
1372 2525 1419 2602 μέν
1434 2513 1477 2582 ούν
1500 2521 1534 2582 rh
1554 2519 1627 2602 παρδι
1642 2522 1694 2578 τῶν
1707 2542 1756 2578 ιτα·

152 2608 228 2682 νητδν
255 2606 318 2688 δόξῃ
343 2611 401 2684 μετ’
417 2607 561 2680 αἰσθήσεως
581 2609 677 2689 ἀλόγου
703 2609 841 2680 δοξαστόν·
863 2613 931 2674 ὥστε
976 2619 1134 2699 λαιυτέρων·
1160 2617 1177 2677 ἀ
1202 2619 1228 2678 δὲ
1252 2617 1408 2694 θήμέτερος
1432 2609 1589 2688 καθηγεμὼν
1611 2611 1637 2668 ἐν
1659 2607 1756 2673 τούτοις

150 2697 196 2758 καὶ
219 2695 244 2756 εί
262 2721 288 2756 τε
302 2698 424 2771 αἰσθητόν
441 2700 512 2772 ἐστι,
534 2697 639 2766 πάντως
662 2699 770 2778 γενητὸν
786 2699 816 2760 ἀν
837 2701 877 2776 είη
901 2702 931 2762 τδ
977 2709 1113 2790 ἀπέκρινε,
1126 2713 1211 2766 ταῶτα
1230 2705 1295 2784 ἡμῖν
1320 2701 1400 2780 ῥητέα
1416 2705 1452 2782 τῷ
1477 2698 1602 2760 Πλιέτωνι
1626 2697 1757 2777 διαφερόν-

151 2794 276 2848 τοεοῐντον.
294 2791 353 2849 Πᾶν
366 2787 392 2848 δὲ
406 2787 437 2846 τὸ
450 2787 544 2869 ὁρατὸν
557 2787 698 2860 αἰσθητόν·
711 2787 779 2848 ὥστε
793 2789 823 2850 τδ
837 2793 930 2871 πλημ·
977 2822 1028 2866 τως
1053 2797 1180 2877 ἑπόμενα.
1196 2791 1295 2872 Ἔλεγε
1309 2795 1331 2852 δ’
1348 2783 1408 2869 σύν,
1430 2789 1470 2848 ότι
1491 2788 1545 2868 όσιρ
1569 2789 1596 2846 ei
1621 2783 1757 2864 ἀκροσίσεις

155 2879 241 2956 μελῶς
256 2876 303 2936 καί
319 2875 437 2943 ἀτάκτως
452 2877 603 2953 κινούμενον
619 2878 742 2954 γενητόν,
759 2879 822 2958 πρὸς
835 2885 873 2960 τῷ
886 2881 933 2940 καὶ
979 2887 1039 2967 περὶ
1063 2885 1225 2966 σεμνοτέρων
1247 2882 1362 2963 ρίνννννν
1385 2878 1430 2938 ναὶ
1450 2875 1617 2958 νψηλννίρννν
1636 2873 1758 2952 πραγμά.

154 2965 238 3025 txstvo
254 2968 343 3047 σαφῶς
356 2963 400 3024 τδν
416 2965 550 3026 Πλάτωνα
562 2964 647 3042 λέγειν
663 2965 781 3044 γενητόν.
799 2968 867 3048 Πρὶν
883 2967 933 3050 γάρ
978 2999 1048 3052 των,
1061 2974 1178 3054 τοσούτῳ
1196 2971 1226 3032 ch
1239 2973 1286 3049 μέν
1302 2973 1354 3030 τῶν
1371 2969 1507 3046 ἀκροατῶν
1522 2967 1675 3025 ἐλαττοῦται
1689 2962 1758 3033 πλῆ-

153 3055 261 3136 οθρανδν
274 3055 394 3136 γενέσθαι
407 3055 468 3135 τρία
484 3057 561 3134 φησίν
574 3043 660 3131 εἶναι,
671 3053 702 3112 rh
716 3053 760 3129 όν,
771 3054 818 3128 τῆν
832 3056 934 3138 χώραν,
980 3068 1035 3136 θος,
1051 3060 1242 3140 μυστικώτερον
1259 3058 1287 3118 δέ
1306 3049 1352 3118 καί
1376 3052 1584 3136 ἀπορρητότερον
1605 3049 1722 3133 πρόεισιν
1744 3053 1759 3107 θ

154 3143 201 3215 ‘ht
216 3142 331 3223 γένεσίν,
351 3144 378 3200 έν
392 3140 490 3223 ίκνῑννν
510 3143 584 3202 νίδῶν
600 3145 792 3223 ὖφῑνῗνιννῖνν·
807 3141 875 3203 ὥντν
889 3143 935 3203 καί
979 3153 1065 3231 λόγος.
1084 3149 1138 3213 Καί
1150 3150 1193 3210 δεδι
1205 3156 1288 3210 ταῦτα
1301 3147 1328 3207 ἐν
1342 3146 1389 3225 μὲν
1400 3149 1432 3225 τῆ
1442 3141 1557 3222 προτέρᾳ
1568 3145 1615 3213 τῆς
1627 3139 1759 3206 πολιτείας
1885 3157 1889 3168 ’

154 3233 185 3292 τὸ
199 3228 355 3308 πλημμελές
370 3230 452 3290 έκεῖνο
465 3229 574 3307 γενητόν
590 3231 659 3289 έοτιν
675 3226 766 3310 ῶσπερ
782 3229 827 3288 καί
842 3231 934 3310 ὁρατόν
981 3239 1126 3322 παραδόσει
1146 3237 1215 3300 κατὰ
1234 3236 1281 3308 τὴν
1305 3237 1332 3295 ἐν
1350 3238 1471 3313 Πειραιεῖ
1492 3229 1623 3300 ξυνουσίαν
1646 3227 1725 3294 πολύς
1746 3230 1760 3285 θ

155 3323 215 3380 κτλ.
228 3319 341 3378 Deinde
360 3339 421 3378 non
440 3331 484 3378 est
497 3318 604 3377 subtile
616 3319 702 3376 Attici
712 3319 749 3377 de
762 3319 819 3378 alio
835 3319 935 3379 'rimaei
982 3328 1130 3410 ανρννν-γς,
1144 3327 1189 3388 ναὶ
1202 3326 1228 3387 οἵ
1240 3349 1269 3405 νς
1285 3323 1412 3402 ὀνόματος
1429 3321 1551 3402 τυχόντες
1570 3317 1611 3387 ἐξ·
1632 3321 1660 3377 ἐν
1679 3316 1706 3374 δὲ
1726 3319 1759 3394 τῇ

156 3409 299 3470 Platonici
320 3409 413 3488 cupite
434 3407 589 3487 judicium.
604 3408 718 3487 Quippe
740 3428 807 3487 pag.
835 3419 884 3479 [ιι.
910 3411 937 3467 D
983 3420 1090 3499 δνννίρρ
1111 3413 1180 3476 κατὰ
1193 3414 1242 3487 τὴν
1256 3417 1302 3474 τοῦ
1315 3414 1473 3492 Σωκράτους
1487 3407 1619 3488 ἀφήγησιν
1640 3403 1760 3481 τέτταρες

155 3499 250 3559 verba
263 3497 308 3557 καί
320 3499 399 3558 πάίνν
413 3497 456 3556 ἐπί
469 3497 512 3558 νίν
523 3497 647 3578 πρόΰρνν
660 3501 798 3577 κθννῆρνν
815 3501 840 3554 έν
855 3489 936 3578 itit
982 3509 1005 3567 σί
1027 3505 1165 3586 δεχόμενοι
1179 3503 1238 3570 τοὺς
1253 3501 1361 3579 λόγους·
1372 3501 1398 3558 ἐν
1412 3497 1438 3558 δὲ
1453 3495 1538 3574 ταύτῃ
1552 3495 1597 3553 καί
1611 3497 1625 3552 ὁ
1639 3491 1761 3570 τέταρτος

155 3593 203 3648 τοῦ
219 3585 315 3654 witi(
336 3586 423 3668 ψνχθν
439 3586 562 3668 νεραννίνς
580 3585 691 3665 itum,
707 3585 741 3644 νίν
758 3589 810 3644 τῶν
825 3587 936 3666 πρόσθεν
983 3574 1167 3664 ἀπολείπεται,
1177 3593 1244 3672 τρεῖς
1259 3590 1286 3650 δέ
1301 3593 1324 3649 oi
1337 3585 1481 3669 ἀκροαταί,
1492 3582 1538 3643 καί
1548 3581 1602 3660 deq»
1613 3578 1761 3656 καθαρώτε-

158 3675 292 3736 θπόλοιπα
309 3683 446 3757 κατεχεῖτο
463 3675 564 3754 μίσγων
587 3676 643 3753 (cf.
660 3674 733 3734 Phil.
751 3676 800 3736 Gr.
824 3675 936 3753 Fragm.
984 3706 1025 3762 ρος
1046 3683 1092 3742 καὶ
1105 3679 1260 3761 νοτρώτερος
1281 3682 1294 3736 ό
1312 3677 1406 3754 λόγος,
1426 3671 1542 3749 τοσούτῳ
1557 3669 1727 3729 συστέλλεται
1748 3673 1762 3727 ὁ

156 3767 217 3826 vol.
234 3764 274 3842 Π,
286 3785 316 3844 p.
334 3765 407 3843 τρο)
428 3783 515 3844 super
529 3763 637 3842 quibus
648 3763 781 3842 plerique
792 3764 937 3824 multimo·
984 3769 1125 3850 ἀκροατής.
1137 3771 1213 3829 Tum
1225 3767 1308 3825 Plato
1319 3783 1387 3844 pag.
1403 3783 1451 3821 αι.
1463 3759 1496 3819 Ε.
1510 3759 1549 3815 ait
1563 3778 1570 3814 ι
1587 3755 1642 3813 ἔστι
1653 3777 1692 3822 τις
1702 3757 1763 3814 κατ’

157 3855 202 3914 dis
225 3855 384 3932 scripsere,
409 3854 451 3912 sic
468 3852 590 3911 Procius
614 3851 743 3910 declarat
764 3871 795 3930 p.
813 3851 881 3912 315.
902 3855 936 3912 λ.
984 3849 1164 3938 Αῐννπιον,ῆ
1179 3857 1200 3914 δ’
1224 3854 1264 3928 ὅς,
1285 3855 1364 3930 ἐντῷ
1381 3847 1483 3918 Δέλτα,
1499 3844 1560 3924 περὶ
1576 3843 1590 3900 θ
1604 3841 1672 3901 κατὰ
1685 3865 1763 3922 κορυ·

159 3943 250 4023 [Ρνῧι
277 3943 334 4015 7613
350 3959 412 4018 νθθ·
430 3939 476 3999 ed·
501 3937 690 4022 Schneider.]
709 3937 785 4016 ὃμὲν
799 3936 849 4018 td?
865 3938 936 3998 Θεέ·
985 3946 1034 4027 φῆν
1050 3945 1168 4025 σχίζεται
1181 3941 1211 4000 ch
1226 3946 1271 3999 τοῦ
1293 3937 1388 4000 Νείλου
1406 3939 1508 4017 ῥεῦμα,
1530 3931 1654 3996 Σαϊτικδς
1672 3935 1764 3990 ἐπικα-

160 4032 239 4110 δωρος
254 4021 328 4098 οὗτος
343 4028 426 4089 διττδν
442 4039 512 4088 ποιεῖ
525 4029 569 4088 τὸν
591 4032 728 4110 κρατῆρα,
743 4027 787 4086 τδν
803 4027 851 4102 μὲν
866 4031 938 4108 πρῶ·
984 4035 1108 4110 λούμενος
1130 4028 1221 4107 νομός,
1235 4026 1326 4086 τούτου
1348 4025 1375 4084 δέ
1398 4027 1443 4082 τοῦ
1466 4024 1548 4095 νομοῦ
1564 4019 1676 4096 μεγίστη
1690 4017 1765 4084 πόλις

159 4142 221 4192 τον,
232 4123 278 4180 τὀν
298 4117 326 4178 δέ
341 4117 480 4198 δεύτερον,
496 4118 542 4177 καί
556 4117 658 4198 τρίτον,
671 4117 802 4198 τδκράμα
814 4119 837 4177 θ’
851 4116 939 4201 έτερον
987 4124 1067 4197 Σάῖς,
1084 4121 1141 4180 ὅθεν
1166 4118 1198 4191 δὴ
1213 4114 1259 4175 καί
1273 4113 1386 4192 Ἄμασις
1409 4102 1440 4184 ῆν
1466 4112 1480 4169 ό
1496 4107 1632 4188 βασιλεύς·
1657 4106 1703 4167 καί
1718 4111 1765 4176 τῆς

160 4208 250 4270 τούτου
274 4209 350 4288 (leg.
367 4207 412 4268 καί
434 4207 540 4290 τρισσὸν
552 4207 582 4267 τδ
606 4217 698 4287 κρᾶμα
712 4210 758 4267 τοῦ
782 4204 903 4288 ίτέρου)·
926 4213 940 4269 ό
985 4211 1085 4276 πολεως
1099 4205 1155 4272 θεδς
1172 4201 1288 4282 ἀρχηγός
1302 4200 1341 4268 τίς
1355 4203 1443 4271 έστιν,
1462 4195 1621 4276 Αἰγυπτιστί
1638 4193 1685 4272 μέν
1706 4192 1764 4253 τού-

160 4296 212 4380 γδρ
226 4295 344 4376 δεύτερος
358 4295 458 4377 κρατὴρ
473 4296 503 4355 τὸ
518 4303 609 4378 κρᾶμα
626 4297 685 4354 κατ’
704 4293 781 4354 αθτόν
796 4296 866 4353 ἐστι·
881 4295 940 4372 μοί·
987 4323 1054 4376 νομα
1082 4289 1173 4369 Νηίθ,
1189 4288 1343 4363 Ἑλληνιστί
1380 4287 1422 4355 δέ,
1447 4289 1481 4352 h<
1504 4287 1518 4344 θ
1543 4283 1649 4344 ἐκείνων
1672 4282 1763 4359 λόγος,

162 4407 207 4466 ρας
222 4382 249 4444 δέ
265 4383 355 4444 λοιπδν
369 4383 416 4456 τήν
439 4408 466 4444 τε
480 4389 525 4443 τοῦ
540 4383 636 4452 παντός
655 4383 700 4444 καί
721 4383 767 4451 τάς
785 4386 838 4442 τῶν
863 4385 940 4465 ούρα-
987 4387 1097 4458 Ἀθηνᾶ·
1114 4383 1187 4462 μόλοι
1202 4379 1228 4440 δέ
1244 4376 1410 4462 ριλαθήναιοι
1426 4375 1471 4435 καί
1484 4397 1542 4434 τινα
1566 4371 1662 4453 τρόπον
1678 4375 1767 4430 οἰκεῖοι

160 4473 222 4534 νίννν
236 4478 301 4535 Mar
313 4474 358 4534 καί
369 4473 416 4542 τίς
426 4472 564 4555 ἡμετέρας·
581 4472 638 4546 Τλν
657 4471 704 4550 μέν
721 4471 772 4552 γὰρ
787 4473 940 4554 αὗτοψυχὴν
987 4475 1065 4536 τῶνδ’
1082 4464 1148 4534 εἷναί
1167 4493 1244 4552 ρασιν
1260 4469 1318 4547 (τί.
1333 4467 1410 4526 Phil.
1433 4465 1487 4523 Gr.
1510 4461 1621 4538 Fragm.
1641 4459 1701 4520 νοί.
1724 4459 1765 4532 ΙΙ,

161 4562 287 4646 πρότερον
307 4567 427 4645 κρατῆρα
441 4565 534 4635 καλεῖ,
560 4564 604 4635 τλν
622 4561 649 4621 δέ
663 4563 723 4622 καθ’
736 4559 797 4621 ὅλου
821 4564 941 4644 κρατῆρά
988 4587 1017 4645 ρ.
1045 4563 1120 4640 ιὸο)
1141 4560 1178 4620 ad
1195 4578 1282 4638 quem
1301 4557 1396 4616 iocum
1417 4553 1537 4612 Procius
1551 4549 1637 4609 Attici
1658 4559 1687 4605 et
1701 4546 1767 4646 ulio·

161 4671 191 4712 τε
209 4652 266 4730 ἅμα
287 4651 331 4712 τδν
346 4651 462 4734 δεύτερον
472 4651 523 4712 καί
545 4660 654 4732 κρᾶμα,
673 4657 718 4711 τοῦ
733 4650 876 4718 Πλότωνος
895 4651 941 4711 ἕνα
987 4676 1052 4713 rum
1074 4650 1235 4711 testimonia
1258 4643 1441 4723 Theopompi
1467 4638 1613 4699 sententiae
1636 4647 1766 4712 opponrt.

164 4739 211 4818 μίν
227 4744 348 4823 κρατῆρα
366 4740 524 4810 καλέσαντος
538 4739 583 4801 καί
603 4743 630 4800 ἐν
644 4741 716 4822 αύτῷ
735 4739 783 4806 τὰς
798 4739 884 4821 ψυχδς
897 4763 940 4798 κε·
987 4742 1098 4810 Etenim
1110 4759 1176 4818 pag.
1190 4740 1235 4796 δυ.
1248 4735 1281 4794 C.
1298 4736 1378 4813 [pag.
1391 4733 1429 4807 69
1441 4727 1488 4788 ed.
1504 4724 1670 4784 Schneider.
1683 4724 1693 4797 1
1706 4721 1767 4779 haec

166 4829 292 4910 ρόσαντος
306 4830 410 4909 πόσας,
432 4832 479 4900 εάς
493 4829 540 4912 μέν
554 4829 683 4912 πρώτοις,
698 4829 744 4898 τάς
758 4829 785 4888 δέ
799 4827 939 4908 δευτέρως,
988 4831 1075 4890 refert
1089 4851 1095 4887 τ
1108 4827 1168 4894 τοθς
1182 4826 1209 4886 δέ
1224 4822 1372 4895 Ἀθηναίους
1387 4815 1568 4885 Καλλισθένης
1583 4810 1630 4889 μὲν
1649 4807 1694 4868 καί
1709 4811 1768 4869 Φα·

164 4916 284 5002 δευτέρω
298 4922 325 4980 δέ
340 4925 469 5002 κρατῆρος
487 4921 541 4980 οὐδ’
555 4924 701 4980 δπωστιοῶν
717 4917 943 4998 μνημονεύσαντος
988 4919 1101 4998 νόδημυς
1123 4915 1240 4995 πατέρας
1264 4915 1317 4971 τῶν
1343 4910 1448 4970 Σαϊτῶν
1469 4905 1602 4980 ίστοροῢσι
1628 4897 1764 4974 γενέσθαι,

57 5012 74 5035 ⁸
164 5009 223 5070 ottt
244 5013 291 5083 τῆς
306 5011 332 5070 ἐν
349 5009 421 5090 αύτῷ
444 5007 571 5090 κρόσεως.
586 5009 623 5071 Τί
640 5006 691 5090 γάρ
710 5008 755 5068 καί
777 5009 876 5081 ἐδεῖτο,
897 5013 943 5067 τοῦ
988 5009 1147 5084 Θεόπομπος
1159 5003 1187 5063 δέ
1207 5001 1336 5060 ἀνάπαλιν
1360 4994 1483 5057 ἀποίκους
1500 4991 1586 5100 αθρῶν
1604 4977 1672 5044 είναί
1691 5007 1768 5062 ιρησιν

164 5098 292 5180 προτέρου
304 5105 433 5182 κρατῆρος
447 5100 615 5181 ἀποχρῶντος
627 5096 674 5158 καί
692 5099 728 5164 είς
742 5095 788 5169 τῆν
803 5098 854 5155 τῶν
871 5099 943 5172 vipa-
988 5095 1151 5176 (Ἀττικδςθ
1170 5087 1340 5153 Πλατωνικός
1362 5083 1405 5143 διδι
1426 5086 1572 5162 βασκανιαν
1596 5071 1660 5156 ρησί
1688 5094 1768 5148 μετα-

164 5184 246 5268 τίριυν
266 5191 357 5272 ψυχῶν
377 5187 629 5268 ἀπ.ογε’ννησιν;καί
651 5183 733 5266 ἐγωγε
746 5183 792 5246 καί
814 5184 858 5244 τὸν
873 5186 944 5246 υιλο·
990 5187 1098 5243 ποιῆσαι
1112 5180 1159 5252 rhu
1175 5175 1347 5257 ίστορίαντδν
1362 5170 1539 5239 Θεόπομπον,
1552 5161 1593 5224 ἐπ’
1609 5165 1687 5223 αὐτοῦ
1702 5164 1768 5238 (lep.

1618 5297 1652 5341 1⁴2.
