3958 5942
215 462 277 522 280
712 451 864 516 uuuunss
887 451 1023 514 Ruunt]
1045 449 1312 512 Pulul’nustlci

215 595 294 652 αὐτοῦ
309 593 333 650 οἱ
345 587 587 669 πιρλβεοήραοτον
603 586 649 646 καὶ
661 585 786 661 Εὔδημον
799 585 846 644 καλ
858 584 896 645 έτι
910 587 934 645 ol
947 585 999 646 ἀπὸ
1045 583 1168 664 δέχεσθαι
1182 583 1277 662 μηδινλ
1292 585 1379 664 λευκῷ
1392 583 1437 644 τδν
1451 583 1588 665 ἄνθρωπον
1611 575 1688 644 εἶναι.
1736 583 1835 642 Κατά-

215 675 406 746 Πλάτωνοςοὺ
429 701 509 758 φασιν
521 675 604 744 οὑτως
613 675 683 756 έχειν
703 674 763 736 οὐδὲ
776 673 881 740 πάντως
894 677 928 754 τῇ
944 671 999 750 μεί-
1045 697 1122 755 poor<
1133 673 1186 753 γὰρ
1197 674 1242 732 καλ
1257 671 1389 754 ἀπόφασις
1400 677 1497 732 ταῦτα.
1541 675 1575 734 Εἰ
1590 670 1617 732 δέ
1629 676 1706 732 τοῦτο
1722 671 1835 744 ἀληθές,

214 771 267 838 ζονι
283 767 431 828 ἀκολουθεῖν
445 767 475 826 τὸ
490 765 682 847 συμπέρασμα,
697 764 757 824 ἀλλ’
770 763 889 842 ὑπάρχον
904 763 943 822 ἀεὶ
958 763 999 841 γί·
1044 763 1090 822 καλ
1115 761 1141 831 έξ
1164 762 1281 842 ἀνάγκης
1295 761 1346 820 τινὶ
1367 765 1453 842 λευκῷ
1478 761 1606 842 ὑπάρχειν
1623 762 1667 822 τὀν
1694 761 1837 839 άνθρωπον

213 861 314 918 νεσθαι.
340 853 515 915 cf.l>1·antl.
539 855 642 914 histor.
668 855 756 930 logio.
771 874 801 932 p.
819 854 873 927 371
893 871 955 930 seq.
971 865 1000 912 et
1045 851 1149 924 ἀληθές.
1194 855 1230 913 ΑΙ
1245 851 1297 932 γάρ
1310 857 1357 912 τοῦ
1374 852 1544 932 ἐνδεχομένου
1563 853 1704 934 προτάσεις
1716 850 1771 930 πρδ
1784 856 1836 910 τοῦ

214 944 350 1004 Blandis.
366 945 435 1008 hist.
447 945 497 1024 ph.
512 943 567 1014 lli,
584 943 675 1018 αδδ.)
1044 947 1141 1022 τρόπου
1150 941 1282 1004 λαδοῦσαι
1296 941 1342 1012 τήν
1356 941 1464 1024 ἄρνησιν
1475 943 1663 1019 ἰσοδυναμοῦσι
1678 949 1738 1008 ταῖς
1752 941 1838 1017 ἀναγ-

255 1051 306 1093 lot.
328 1027 415 1091 Ὥστε
441 1031 539 1090 τούτων
557 1031 604 1108 μὲν
621 1030 703 1090 ὄντων
719 1033 862 1109 ἀναγκαῖον
878 1027 952 1089 έστοι
968 1028 999 1089 τδ
1044 1031 1141 1099 καίαις.
1186 1034 1220 1092 El
1233 1029 1260 1109 δέ
1276 1028 1372 1103 ἀληθές
1392 1032 1448 1090 ἐστι
1463 1030 1531 1100 τδέξ
1546 1030 1663 1109 ἀνάγκης
1682 1028 1838 1108 τινλλειικῷ

214 1119 405 1199 συμπέρασμα,
425 1122 516 1188 άπλῶς
527 1121 551 1180 δ’
565 1121 613 1180 οὐκ
626 1122 777 1200 ἀναγκαῖον.
1044 1120 1184 1202 ὑπάρχειδ
1198 1120 1343 1199 ἅνθρωπος,
1357 1120 1402 1179 καὶ
1416 1119 1445 1178 τδ
1459 1120 1550 1180 λευκὸν
1569 1118 1595 1189 ἐξ
1610 1119 1730 1196 ἀνάγκης
1745 1119 1834 1198 ὑπάρ-

256 1211 448 1289 (Aristoteles
472 1211 592 1290 Aualyt.
616 1211 707 1290 prior.
723 1209 776 1269 lib.
797 1208 887 1288 lcap.
915 1229 950 1266 ro
965 1227 996 1286 p.
1043 1234 1086 1292 χει
1100 1209 1161 1270 τινί.
1204 1208 1382 1271 Ὑπέκειτοδέ
1396 1208 1440 1268 καλ
1453 1209 1604 1289 ἐνδέχεσθαι
1619 1207 1715 1286 μηδενί
1729 1207 1836 1287 ἀνδρείο-

216 1303 253 1360 30
268 1299 298 1360 b.
317 1302 355 1357 38
374 1301 420 1360 ed.
439 1299 560 1361 uenter.
577 1299 742 1358 Alexander
757 1297 995 1377 Aphrodisiensis
1044 1320 1087 1379 περ
1102 1296 1133 1355 εδ
1142 1295 1250 1356 λευκόν·
1264 1295 1295 1356 εδ
1310 1296 1373 1356 αὐτὸ
1386 1296 1437 1376 ἀρε
1452 1295 1498 1357 καλ
1516 1295 1652 1377 ἐνδέχεται
1668 1293 1766 1373 μηδενὶ
1787 1295 1834 1353 κοιλ

214 1391 267 1450 sol.
284 1390 331 1450 55.
346 1388 375 1447 b.
392 1389 448 1465 ἅμα
463 1387 490 1446 δέ
507 1387 553 1446 καλ
575 1387 684 1460 πηκτοῦ
701 1386 847 1464 ἀναγκαίου
868 1386 994 1465 διαίρεσιν
1046 1385 1071 1454 έξ
1082 1385 1197 1465 ἀνάγκης
1218 1385 1270 1445 τινλ
1290 1387 1319 1445 τδ
1333 1385 1412 1456 αύτύ,
1427 1384 1492 1465 ἀπιρ
1509 1385 1580 1444 έστλν
1602 1385 1753 1465 ἀντίφασις.
1775 1383 1833 1442 sed

213 1476 255 1538 δτι
274 1476 321 1536 καλ
337 1476 413 1544 αὐτὸς
436 1467 524 1552 οἶδεν,
542 1475 574 1548 ήν
594 1477 618 1534 ol
632 1479 730 1554 ἑταῖροι
750 1478 830 1534 αὐτοῦ
853 1483 999 1554 ποιοῦνται,
1045 1475 1212 1552 ignoramus
1224 1519 1232 1549 ,
1246 1474 1325 1534 unde
1340 1476 1436 1534 talem
1446 1474 1670 1554 explicationem
1685 1485 1837 1531 mutuatus

215 1568 350 1640 δεδήλωκε
366 1567 409 1626 nt
423 1571 470 1638 τῆς
485 1566 647 1647 προσθήκης,
661 1566 692 1638 ήι
729 1565 812 1633 δείσας
837 1565 889 1638 ήδη
911 1564 957 1624 καὶ
973 1569 999 1626 έν
1046 1567 1082 1624 sit
1098 1565 1208 1639 Menas,
1226 1566 1276 1643 qui
1292 1564 1329 1624 de
1341 1565 1420 1623 toute
1434 1564 1559 1623 suohaec
1573 1577 1685 1622 tanturn
1697 1563 1835 1642 scripsit:

214 1654 483 1738 τῷπερλέρμηνιίας
512 1653 640 1734 δέδειχεν,
665 1657 691 1713 έν
707 1589 745 1721 ἀίς
764 1654 825 1732 περὶ
841 1658 888 1726 τῆς
902 1657 939 1722 εἷς
956 1655 1000 1714 τδν
1046 1655 1162 1714 ἔστωσαν
1175 1652 1202 1712 δέ
1214 1652 1418 1732 παραδείγματα
1432 1657 1480 1726 τῆς
1497 1653 1623 1721 έκθέσεως
1638 1653 1683 1712 καὶ
1702 1652 1836 1710 ἀδυνάτου

216 1744 348 1824 μέλλοντα
363 1743 455 1824 χρόνον
464 1743 608 1822 λεγομένης
623 1741 784 1823 ἀντιφάσεως
798 1742 860 1822 περλ
871 1745 924 1800 τῶν
941 1746 1000 1803 καθ’
1046 1742 1147 1811 δείξεως
1163 1743 1206 1802 καὶ
1229 1741 1262 1800 τά
1277 1741 1335 1813 ἑξῆς
1350 1744 1381 1800 έκ
1401 1745 1446 1801 τοὺ
1469 1741 1607 1819 ἀνωνύμου
1621 1741 1837 1820 Ἀριστοτελικοῦ

215 1833 314 1895 έκαστα
328 1832 426 1912 λέγει).
1048 1837 1282 1910 ὑπομνηματιστοῦ
1295 1831 1426 1911 λέγοντος,
1438 1832 1575 1892 etullutis
1589 1831 1739 1911 scriptoris
1748 1831 1836 1888 illius

256 1943 306 1982 ιυε.
321 1919 390 1999 ΙΙερλ
407 1919 454 1996 μέν
468 1910 513 1979 οὑν
534 1925 580 1979 τοῦ
596 1919 751 1999 ἀναγκαίου,
767 1922 825 1986 πῶς
837 1918 936 1997 γίνεται
956 1921 1001 1980 καλ
1046 1922 1145 1981 verbis
1160 1921 1280 1999 subjicit
1300 1921 1357 1980 ista
1374 1943 1381 1978 ι
1399 1919 1444 1979 καλ
1464 1925 1546 1980 ταῦτα
1567 1920 1642 1997 μένδ
1662 1923 1832 1996 ὑπομνημα-

213 2013 273 2070 τίνα
288 2007 412 2090 διαφοράν
435 2008 491 2089 ἔχει
505 2008 569 2088 πρὸς
583 2008 613 2067 τδ
627 2008 764 2088 ὑπάρχον,
782 2007 886 2088 εἴρηται
903 2009 997 2088 σχεδὸν
1045 2009 1143 2082 τιοτής.
1158 2009 1231 2069 Vide
1241 2009 1306 2087 ejus
1319 2008 1479 2088 προδεωρίαν
1492 2030 1557 2090 pag.
1569 2033 1596 2069 νε
1609 2031 1670 2089 seq.
1680 2021 1709 2067 et
1718 2009 1832 2070 Prantl.

214 2101 324 2165 ἱκανῶς·
340 2096 402 2178 περὶ
419 2096 446 2156 δέ
467 2102 514 2156 τοῦ
537 2096 707 2176 ἐνδεχομένου
724 2097 791 2174 μετά
816 2103 901 2156 ταῦτα
915 2097 1000 2176 λέγω·
1046 2099 1114 2159 hist.
1128 2100 1186 2176 lug.
1201 2120 1230 2178 p.
1250 2101 1318 2174 364,
1338 2099 1407 2175 591,
1420 2099 1489 2172 572.

216 2211 263 2265 μεν
276 2185 341 2246 πύτε
363 2185 408 2245 καὶ
422 2189 478 2253 πῶς
492 2188 537 2244 καί
561 2186 604 2247 διδ
626 2184 703 2244 τίνων
723 2184 798 2245 ἔσται
813 2186 999 2266 συλλογισμός.
1089 2209 1136 2248 ιοσ.
1153 2185 1217 2248 Ἐάν
1234 2186 1290 2257 til
1312 2185 1358 2262 μέν
1375 2187 1512 2266 ὑπάρχειν,
1526 2192 1544 2260 ἡ
1559 2187 1583 2247 δ’
1596 2186 1749 2268 ἐνδέχεσθαι
1762 2189 1835 2263 λαμ-

214 2275 294 2354 Δέγω
310 2277 334 2334 δ’
350 2275 500 2354 ἐνδέχεσθαι
515 2275 560 2334 καὶ
584 2273 614 2332 τδ
631 2272 812 2355 ἐνδεχόμενον,
827 2265 857 2334 οὑ
875 2275 912 2348 μή
929 2275 1002 2344 ὄντος
1047 2281 1160 2353 δάνηται
1180 2283 1233 2338 τῶν
1248 2276 1413 2356 προτάσεων,
1430 2276 1495 2336 δεον
1518 2277 1565 2354 μέν
1583 2283 1601 2351 ή
1616 2278 1681 2359 πρὸς
1698 2276 1730 2336 τδ
1745 2281 1833 2354 μεῖζον

216 2363 372 2442 ἀναγκαίου,
397 2361 515 2432 τεθέντος
542 2363 564 2422 δ’
593 2362 734 2442 ὑπάρχειν,
759 2361 832 2422 οδδλν
856 2363 930 2424 ἔσται
958 2365 1002 2424 διὰ
1048 2369 1127 2450 ἀκρον
1143 2365 1295 2448 ἐνδέχεσθαι
1310 2365 1440 2445 σημαίνῃ,
1456 2365 1552 2425 τέλειοί
1569 2370 1595 2426 τ’
1609 2365 1717 2426 ἔσονται
1738 2367 1836 2431 πάντες

214 2455 286 2515 τοῦτ’
300 2451 440 2511 ἀδύνατον·
456 2451 485 2511 τδ
500 2450 551 2532 γὰρ
567 2453 709 2530 ἀναγκαῖον
732 2449 879 2530 ὁμωνύμως
897 2452 1002 2534 ένδέχε-
1048 2461 1072 2518 ol
1089 2453 1262 2532 συλλογισμοὶ
1282 2451 1387 2512 καὶτοῦ
1410 2452 1562 2532 ένδέχεσθαι
1584 2453 1654 2513 κατά
1668 2451 1713 2511 τδν
1729 2453 1834 2532 είρημέ·

216 2548 277 2603 ῦθννν
288 2540 409 2620 λέγομεν.
1047 2571 1089 2606 νον
1105 2542 1250 2625 διορισμόν,
1272 2540 1334 2600 ὅταν
1350 2543 1372 2600 δ’
1388 2548 1405 2614 ἡ
1422 2541 1487 2621 πρδς
1501 2541 1531 2602 τδ
1555 2541 1674 2616 ἔλαττον,
1691 2543 1795 2607 ἀτελεῖς
1808 2566 1838 2601 τε

256 2629 445 2707 (Aristoteles
461 2629 577 2706 Analyt.
595 2629 686 2705 prior.
713 2627 763 2686 lib.
780 2627 867 2708 Ιοερ.
886 2651 1001 2710 iupag.
1047 2636 1152 2708 πάντες,
1168 2633 1213 2691 καὶ
1234 2633 1257 2690 οἱ
1273 2631 1421 2709 στερητικολ
1446 2633 1499 2689 τῶν
1523 2633 1708 2710 συλλογισμῶν
1737 2632 1767 2688 οὗ
1791 2635 1836 2688 τοῦ

217 2721 267 2780 32.
279 2738 307 2779 a.
320 2719 354 2776 ιδ’
369 2717 416 2776 ed.
430 2717 552 2775 Beller.
573 2715 611 2775 ol.
640 2716 727 2774 etiam
744 2719 896 2796 sequentia
910 2739 1003 2798 usque
1048 2721 1119 2784 καεδι
1132 2721 1176 2780 ιδν
1192 2719 1328 2800 διορισμὸν
1345 2719 1538 2799 ἐνδεχομένου,
1561 2720 1631 2778 ἀλλὰ
1646 2726 1692 2778 τοῦ
1708 2719 1804 2795 μηδενὶ
1819 2718 1836 2789 η

217 2809 253 2868 εδ
269 2807 372 2886 capitis
391 2809 425 2863 ιδ
438 2806 534 2864 finem.
547 2802 615 2862 Haec
630 2807 773 2883 spectavit
793 2807 922 2867 incertus
932 2809 1002 2867 scri·
1049 2811 1086 2891 μὴ
1102 2808 1182 2869 ποντλ
1196 2807 1224 2877 ἐξ
1246 2809 1361 2886 ἀνάγκης
1385 2811 1529 2890 ὑπάρχειν·
1546 2813 1570 2869 εἰ
1583 2807 1634 2889 γάρ
1649 2807 1742 2886 μηδενὶ
1760 2805 1782 2878 ἢ
1799 2805 1836 2882 μή

217 2910 286 2975 ptor
298 2895 375 2973 opud
389 2893 504 2952 Menam
519 2913 637 2955 excurs.
654 2894 689 2952 od
702 2893 913 2972 Pseudogaleni
928 2899 1003 2957 εἷσα-
1048 2899 1129 2961 παντί
1154 2896 1180 2967 ἐξ
1195 2895 1323 2976 ἀνάγκης,
1340 2896 1492 2977 ἐνδέχεσθαί
1506 2921 1592 2982 φαμεν
1620 2897 1665 2957 καλ
1679 2895 1776 2975 μηδενὶ
1790 2895 1836 2956 καλ

217 2981 306 3061 γωγήν
319 2980 488 3052 διαλεκτικήν
503 3002 532 3061 p.
560 3003 614 3042 100
627 2983 687 3062 rupi
701 2986 749 3053 τῆς
771 2983 883 3043 καθόλου
902 2989 1003 3068 linopo-
1049 2989 1087 3070 μή
1099 2986 1179 3048 παντὶ
1190 2986 1330 3066 ὑπάρχειν.

216 3074 291 3142 τννῆς
305 3069 348 3130 ἔνθ
364 3072 410 3140 τῆς
436 3070 607 3149 ἐνδεχομένης
623 3071 688 3144 ὕλης
701 3071 869 3152 Θεόφραστος
880 3074 1003 3154 διηνέχθη
1090 3077 1277 3158 (Aristoteles
1291 3076 1410 3153 Anulyt.
1428 3077 1520 3154 prior.
1534 3075 1589 3138 lib.
1606 3075 1619 3134 1
1633 3095 1696 3153 cap.
1719 3075 1752 3132 15
1764 3093 1834 3153 pag.

217 3161 282 3238 πρὸς
294 3156 476 3240 Ἀριστοτέλην
496 3159 542 3217 καὶ
561 3159 698 3236 Εὔδημος,
720 3151 758 3227 οἷς
781 3160 826 3219 καὶ
844 3167 889 3220 νῦν
910 3165 1002 3244 σχεδὸν
1050 3171 1100 3232 33.
1113 3167 1142 3226 b.
1159 3165 1196 3223 αδ
1212 3163 1258 3224 ed.
1275 3164 1396 3224 Butler.
1412 3164 1577 3222 Alexander
1592 3163 1835 3242 Aphrodisiensis

215 3249 312 3314 πάντες
345 3248 592 3308 κατακολουθοῦσιν.
637 3247 831 3328 Ἀντιστρέηειν
855 3249 906 3330 γάρ
939 3273 1002 3333 φασι
1050 3258 1099 3316 tol,
1116 3251 1206 3314 56.b.
1224 3251 1286 3326 (Cf,
1303 3252 1421 3310 Scholia
1432 3254 1463 3310 iu
1481 3253 1600 3312 Aristot.
1615 3273 1645 3331 p.
1669 3251 1782 3324 162,b.
1797 3255 1835 3311 αδ

216 3335 261 3394 καὶ
276 3335 319 3394 inl
344 3339 391 3406 τῆς
418 3335 590 3413 ἐνδεχομένης
616 3334 680 3408 ὕλης
696 3335 760 3415 πρὸς
784 3337 890 3410 ἑαυτήν,
913 3339 1003 3419 ὥσπερ
1047 3349 1094 3406 erl.
1111 3339 1266 3420 Brundis.)
1289 3341 1461 3420 Θεόφραστος
1477 3337 1524 3417 μὲν
1541 3333 1585 3400 οὑν
1604 3341 1649 3400 καὶ
1673 3341 1797 3417 Εὔδημος
1811 3345 1838 3400 οἱ

216 3423 261 3482 καὶ
276 3423 319 3482 ἐπὶ
328 3427 375 3494 τῆς
387 3423 556 3503 ὑπαρχούσης
571 3424 617 3482 καὶ
632 3424 796 3502 ἀναγκαίας,
807 3425 852 3485 καί
863 3431 939 3486 τοῦτο
955 3431 1003 3506 tp·
1048 3434 1146 3514 ἑταῖροι
1159 3433 1238 3490 αὐτοῦ
1252 3427 1298 3488 καί
1308 3431 1335 3488 ἐν
1345 3433 1377 3510 τῇ
1390 3429 1416 3500 ἐξ
1428 3429 1598 3510 ἐνδεχομένης
1608 3430 1654 3488 καὶ
1666 3429 1838 3510 ὑπαρχούσης

216 3514 494 3591 πεδῶσαι·πειρῶνται
511 3511 584 3571 δυσὶν
600 3514 789 3593 ἐπιχειρήμασι
805 3516 847 3574 διά
859 3540 888 3576 τε
902 3517 1003 3588 δείξεως
1049 3521 1117 3598 μίξει
1145 3517 1224 3596 φασὶν
1251 3514 1357 3576 ἔσεσθαί
1385 3542 1412 3576 τι
1440 3518 1620 3597 συμπέρασμα
1646 3517 1836 3595 ἐνδεχόμενον,

217 3603 354 3675 έκθιτικῆς
376 3601 420 3660 καὶ
439 3607 485 3674 τῆς
501 3607 536 3670 νίς
550 3601 580 3662 τὸ
598 3602 725 3662 ἀδύνατον
743 3606 858 3684 ἀγωγῆς·
902 3605 940 3668 ‘ll
955 3608 1002 3686 μέν
1047 3609 1159 3688 δποτέρα
1175 3605 1206 3666 ἀν
1224 3607 1276 3664 τῶν
1290 3605 1442 3686 προτάσεων
1455 3605 1613 3688 ἐνδεχομένη
1627 3606 1731 3686 ληφθῇ·
1744 3615 1837 3684 χεῖρον

216 3682 260 3751 οδν
271 3690 391 3763 δεθετικὴ
407 3689 483 3758 δεῐξίς
498 3695 554 3752 ἐστι
568 3691 693 3764 τοιαύτη·
708 3693 731 3752 εἰ
745 3694 878 3773 ἐνδέχεται
895 3696 926 3756 τδ
939 3698 1003 3756 λευ-
1047 3699 1098 3780 γὰρ
1113 3697 1193 3756 πάλιν
1215 3693 1245 3753 τδ
1268 3694 1435 3775 ένδεχόμενον
1461 3699 1507 3754 τοὺ
1534 3695 1707 3774 ὑπάρχοντος.
1752 3693 1787 3751 Ὁ
1807 3693 1836 3753 δὲ

216 3779 261 3840 κδν
287 3781 313 3838 έν
338 3779 431 3858 μηδενί
447 3767 515 3840 εἶναι
540 3779 688 3862 ἀνθρώπῳ,
706 3781 840 3860 ἐνδέχεται
858 3781 888 3844 τδ
911 3785 1002 3846 λευκδν
1048 3783 1226 3867 Ἀριστοτέλης
1250 3783 1300 3860 οὐχ
1314 3783 1410 3856 οὑτως,
1434 3783 1502 3843 ἀλλά
1522 3785 1568 3854 τῆς
1588 3781 1703 3859 μείζονος
1724 3781 1835 3860 ἐνδεχο-

216 3870 481 3948 ἀπεζεῧχθαιπαντδς
492 3868 642 3948 ἀνθρώπου,
654 3869 864 3952 καλδάνθρωπος
877 3875 1004 3954 ἀπεζευγ-
1049 3877 1127 3955 μένης
1140 3872 1229 3946 οὔσης,
1253 3872 1425 3952 ὑπαρχούσης
1455 3873 1482 3933 δέ
1504 3877 1551 3944 τῆς
1571 3871 1723 3946 ἐλάττονος,
1738 3872 1785 3927 καὶ
1805 3870 1836 3928 τὸ

216 3957 292 4034 μένος
303 3960 402 4025 παντὸς
417 3958 491 4019 έσται
504 3960 609 4022 λευκοῦ.
654 3958 688 4021 Ἥ
714 3958 742 4019 δέ
764 3963 800 4028 είς
824 3963 854 4023 τδ
876 3963 1002 4024 ἀδύνατον
1049 3964 1228 4042 συμπέρασμα
1242 3961 1411 4040 ἐνδεχόμενον
1428 3961 1532 4021 ἔσεσθαι
1545 3959 1576 4020 τδ
1599 3959 1668 4020 κατάι
1687 3958 1732 4017 τὸν
1749 3961 1835 4039 διορι-

217 4045 293 4114 δεῑξίς
309 4052 378 4107 ἐστιν
394 4047 479 4120 αὕτη·
494 4051 552 4110 ἐπεὶ
579 4050 672 4129 Ιὑεῦδος
691 4049 720 4108 τδ
742 4050 892 4131 ἐνδέχεσθαι
910 4051 1002 4129 μηδενὶ
1048 4051 1124 4127 σμόν,
1139 4049 1247 4125 ἀέστιν,
1260 4041 1290 4108 οὑ
1300 4049 1337 4126 μή
1345 4048 1416 4118 ὄντος
1429 4049 1582 4128 ἀναγκαίου,
1591 4046 1743 4116 τεθέντοςδλ
1755 4037 1835 4120 εἶναι,

216 4137 302 4214 λευκῷ
325 4133 368 4193 τὸν
390 4135 525 4216 ἄνθρωπον
553 4127 631 4216 εἶναι,
647 4138 738 4219 ὤσπερ
753 4140 845 4218 μηδενὶ
874 4141 1002 4220 ἀνθρώπῳ
1048 4139 1120 4200 οὐδὲν
1136 4138 1265 4199 ἀδύνατον
1288 4137 1390 4200 έπεται.
1433 4137 1481 4197 Ἀν
1506 4139 1561 4211 δίλ
1586 4137 1704 4197 ἐλάττων
1724 4137 1836 4216 γένηται

218 4221 354 4302 ἐνδέχεται
368 4222 503 4284 τδλευκδν
518 4225 624 4305 ἀληθές,
649 4227 744 4298 ἀληθές
758 4227 832 4287 ἔσται
855 4229 885 4289 τδ
905 4228 942 4307 μή
958 4231 1002 4287 έν·
1049 4228 1222 4310 ἐνδεχομένη,
1239 4232 1285 4301 τῆς
1309 4229 1424 4305 μείζονος
1452 4225 1639 4309 ὑπαρχούσης,
1670 4227 1772 4293 ἀτελεῖς
1804 4225 1837 4284 τέ

249 4450 301 4496 tul.
320 4445 487 4503 Quamobrem
500 4446 540 4498 his
551 4447 639 4512 positis
651 4449 788 4500 necessaria
802 4451 849 4502 erit
865 4451 997 4512 conclusio,
1085 4459 1137 4506 tou.
1158 4455 1185 4506 Si
1207 4467 1267 4505 vero
1285 4453 1364 4504 altero
1387 4453 1523 4518 propositio
1544 4466 1620 4518 pura,
1643 4451 1722 4502 altero
1735 4449 1838 4500 oontin-

215 4533 360 4599 simplloiter
376 4537 460 4586 nutem
473 4549 521 4586 non
532 4537 579 4588 erit
590 4537 736 4590 necessario.
1047 4557 1106 4607 gens
1127 4543 1257 4603 habeatur,
1283 4556 1362 4608 quum
1387 4555 1416 4592 oa
1440 4555 1499 4606 qun
1516 4541 1626 4592 continet
1648 4540 1729 4604 majus
1748 4545 1839 4590 extre-

248 4629 299 4676 105.
318 4625 356 4675 lle
374 4625 512 4677 necessario
530 4625 615 4690 igitur,
636 4625 663 4678 id
685 4629 735 4686 est.
754 4616 879 4694 quomodo
900 4629 1001 4694 collige·
1046 4648 1128 4694 munr,
1147 4633 1287 4699 contingere
1301 4631 1435 4697 significat,
1449 4645 1535 4682 omnes
1547 4629 1681 4695 syllogismi
1693 4633 1768 4680 erunt
1781 4643 1838 4693 per·

215 4717 257 4764 tur
275 4713 376 4778 etquid
392 4713 492 4767 intersit
509 4715 575 4766 inter
592 4717 758 4768 necessarium
772 4721 797 4768 ει
815 4717 842 4768 id
864 4717 932 4784 quod
948 4722 999 4780 est,
1047 4722 1105 4774 lecti
1121 4722 1194 4774 etde
1212 4722 1363 4784 contingenti
1385 4719 1522 4772 secundum
1543 4717 1687 4784 prodioturu
1704 4715 1838 4767 delinitio-

215 4802 276 4854 satis
294 4802 347 4854 fere
364 4793 483 4858 diximus.
502 4809 563 4856 Post
585 4806 639 4857 luen
657 4806 689 4857 de
706 4807 857 4872 contingenti
874 4807 999 4869 dieamus,
1047 4826 1102 4864 neni
1116 4815 1225 4877 aoropto.
1241 4815 1324 4870 Quum
1334 4813 1417 4862 autern
1431 4808 1578 4875 propositio,
1599 4807 1684 4872 inqua
1696 4811 1735 4858 est
1749 4807 1837 4857 ιαίουσ

214 4893 314 4959 quaudo
330 4897 356 4947 et
374 4897 500 4961 quomodo
519 4900 588 4948 etex
603 4897 696 4962 quibus
711 4899 922 4963 propositionibus
945 4899 1002 4951 elli·
1047 4905 1199 4962 extremum,
1225 4901 1365 4966 contingere
1388 4899 1522 4964 significa,
1538 4911 1624 4948 omnes
1643 4899 1717 4948 erunt
1739 4896 1837 4962 impor-

215 4982 295 5033 oietur
316 4983 482 5050 syllogismus.
500 4985 645 5052 contingere
661 4989 745 5038 autem
768 4992 793 5040 et
811 4987 955 5052 contingens
975 4989 1002 5040 id
1047 4991 1119 5050 lecti,
1134 4993 1159 5042 et
1179 4989 1297 5055 privativi
1314 4988 1449 5054 syllogismi
1465 5001 1514 5038 non
1532 4990 1606 5038 eruut
1628 4985 1660 5036 de
1680 4985 1836 5048 contingenti

216 5072 325 5136 appello,
341 5074 409 5138 quod
427 5089 506 5140 quum
530 5091 579 5128 non
603 5077 636 5128 sit
656 5077 837 5137 necessarium,
857 5077 879 5128 si
896 5081 1002 5142 ponatur
1048 5079 1184 5130 seorrndurn
1200 5079 1369 5130 delinitiononr
1396 5077 1465 5128 illam
1484 5080 1597 5141 accepto,
1614 5073 1657 5126 serl
1670 5073 1703 5125 de
1716 5087 1747 5124 εο
1766 5077 1836 5139 quod

217 5173 284 5218 esse,
298 5160 360 5212 nihil
375 5161 433 5214 inde
449 5165 563 5229 sequitur
577 5165 738 5232 impossihile.
752 5167 826 5227 Quod
839 5167 904 5218 enirn
916 5181 1002 5218 neces-
1048 5167 1110 5217 nulli
1125 5171 1169 5218 aut
1188 5181 1236 5218 uon
1254 5167 1320 5218 onrui
1338 5167 1476 5218 necessario
1490 5166 1563 5216 inest.
1583 5161 1651 5216 lirun
1668 5163 1689 5213 si
1710 5162 1773 5213 nulli
1790 5167 1837 5214 eut

167 5315 169 5320 Α
218 5246 312 5297 sarium
335 5252 386 5306 est,
415 5250 441 5300 iu
472 5254 597 5304 oommuui
628 5257 726 5308 nomine
755 5257 830 5310 etism
859 5255 1002 5318 contingens
1048 5270 1095 5305 non
1109 5255 1175 5305 omni
1190 5257 1328 5307 nocossorio
1340 5255 1417 5317 inest,
1435 5254 1580 5319 contingere
1593 5251 1712 5312 dicimus,
1727 5253 1757 5302 ut
1771 5249 1834 5302 nulli

216 5333 317 5388 «licitur.
1048 5347 1092 5398 aul
1104 5359 1153 5396 non
1169 5345 1236 5398 omni
1248 5345 1315 5396 insit.
