4020 5950
788 423 838 484 DE
860 423 1083 490 Sl’llUSlPPO.
1216 433 1228 456 ’
1696 436 1737 498 os

125 567 233 620 merita.
248 551 370 614 Constat
383 555 461 612 enim
482 570 548 612 enm
570 566 598 611 ct
618 555 751 615 versibus
769 569 798 615 et
815 556 910 618 soluta
955 558 1193 638 comparandam,
1215 557 1296 618 illius
1319 559 1431 618 scholas
1455 561 1663 639 frequentavit3
1684 579 1734 626 ut·

124 643 258 704 oratione
290 642 365 702 tanti
395 641 563 722 philosophi
598 643 699 703 laudes
738 643 909 708 celebrasse.
955 666 1012 726 que
1023 647 1185 726 aequalibus
1205 658 1235 705 et
1249 647 1375 724 posteris
1398 648 1567 726 prodesset,
1583 650 1736 714 rhetorice

123 729 230 792 Notum
245 743 289 792 est
306 729 372 810 ejus
397 729 430 789 in
451 729 603 790 Platonem
628 729 810 808 epigramma
834 734 907 812 (52),
955 753 1020 813 quae
1034 733 1217 794 vocabantur
1235 753 1253 794 a
1274 735 1415 812 magistro
1435 755 1540 797 arcana
1563 737 1735 821 (τίπιίῤῥητα)

122 820 199 881 inter
212 820 309 900 ipsius
323 831 419 879 antem
434 817 545 899 scripta
554 818 701 897 Diogenes
712 822 845 884 Laertius
857 821 908 902 lv,
953 823 1227 902 primusevulgarit
1237 823 1307 904 (it).
1318 823 1462 885 Videntur
1468 839 1563 886 antem
1574 827 1635 888 baec
1648 829 1738 889 titisse

123 907 301 970 §memorat
315 907 461 977 Πλάτωνος
474 906 606 988 ἐγκώμιον
621 921 650 968 et
662 908 716 982 lll,
733 909 908 980 αῐίλοίτωνος
954 925 1117 992 praecepta,
1135 931 1201 991 quae
1224 913 1261 972 de
1282 913 1415 974 oratione
1442 928 1500 974 tam
1527 917 1737 978 conformanda

121 997 300 1081 περίδειπνον,
314 997 471 1078 dequibus
486 997 563 1058 inira
576 1019 704 1076 agemus.
955 1021 1043 1078 quam
1057 1002 1188 1061 numeris
1199 1001 1386 1080 astringenda
1399 1002 1539 1065 leocrates
1551 1005 1649 1082 dabat,
1666 1025 1738 1085 quo·

163 1085 230 1148 Jam
242 1107 313 1148 vero
325 1087 501 1166 simulatque
523 1087 608 1147 Plato
628 1088 757 1148 scholam
780 1090 907 1169 aperuit,
953 1109 1077 1170 rumque
1090 1111 1197 1170 corpus
1213 1092 1384 1152 aCicerone
1405 1094 1437 1152 in
1452 1095 1584 1172 epistolis
1602 1095 1638 1155 ad
1656 1094 1737 1158 nru-

122 1176 195 1237 huic
208 1179 349 1256 magistro
362 1191 422 1238 tam
432 1176 484 1238 diu
494 1197 614 1258 operam
624 1177 715 1252 dedit,
730 1191 762 1238 nt
776 1180 908 1239 omnium
954 1198 1020 1238 cum
1032 1177 1207 1258 myrothecii
1222 1181 1342 1240 nomine
1354 1195 1471 1242 notatim
1484 1183 1556 1262 (55).

120 1265 187 1346 ejus
205 1267 420 1347 discipulorum
444 1266 581 1347 princeps
609 1265 776 1328 haberetur.
807 1267 907 1346 Neque
993 1267 1078 1327 lllanr
1096 1269 1188 1346 igitur
1201 1283 1290 1330 artem
1305 1291 1371 1352 ςῙιιοι
1385 1271 1440 1331 sub
1459 1271 1596 1332 Isocratis
1617 1273 1737 1332 nomine

120 1375 194 1415 vero
212 1356 304 1434 magis
328 1356 505 1432 cognatione
529 1368 558 1414 et
593 1355 821 1433 consuetudine,
850 1377 908 1434 qua
953 1358 1109 1438 ferebatur,
1135 1374 1247 1422 veteres
1270 1362 1388 1422 modos
1412 1363 1569 1442 Speusippi
1593 1365 1680 1424 modo
1699 1383 1736 1422 ex

120 1465 188 1504 cum
200 1445 323 1505 Platone
336 1444 511 1523 conjunctus
525 1457 598 1524 erat,
610 1463 698 1523 quam
708 1445 820 1522 ingenii
830 1465 905 1525 prae·
952 1448 1078 1508 aliorum
1086 1449 1300 1528 discipulorum
1314 1453 1529 1511 commentariis
1541 1454 1658 1531 petiisse
1668 1473 1736 1532 pro·

121 1533 271 1594 stantiaet
284 1535 449 1594 litterarum
471 1526 570 1594 studio
591 1533 648 1592 hoc
670 1547 841 1594 consecutus
858 1537 906 1595 vi·
951 1536 1118 1612 babileest,
1135 1541 1273 1618 quoniam
1297 1539 1362 1619 ipse
1376 1543 1517 1602 Isocrates
1541 1543 1655 1602 nullum
1679 1542 1734 1600 hu-

122 1623 227 1703 detnr,
240 1637 274 1684 ut
293 1625 326 1682 in
351 1621 502 1700 sapientie
528 1621 645 1698 fastigio
670 1635 769 1684 staret.
787 1621 908 1684 Patebat
948 1624 1080 1704 jusmodi
1090 1627 1199 1688 librum
1211 1629 1369 1708 scripserat
1382 1631 1454 1708 (56).
1465 1631 1548 1689 Nunc
1561 1631 1735 1709 primarium

121 1726 184 1773 tum
215 1713 338 1776 Athenis
365 1709 503 1771 Isocratis
527 1711 632 1770 domus
655 1725 765 1772 cunctae
785 1712 906 1773 Graeciae
952 1715 1060 1775 sontem
1078 1716 1159 1776 adire
1172 1716 1317 1796 prohibiti
1331 1737 1347 1776 e
1360 1717 1511 1778 Ciceronis
1533 1718 1620 1778 libris
1634 1719 1734 1779 rheto-

121 1803 208 1881 quasi
220 1802 308 1860 ludus
322 1799 441 1878 quidam
456 1801 669 1876 atqueotlicina
682 1798 810 1865 dicendi.
824 1800 907 1862 llunc
952 1805 1023 1866 ricis
1038 1805 1206 1885 multaque
1220 1805 1256 1866 ad
1276 1806 1351 1867 hanc
1363 1826 1425 1868 rem
1439 1809 1605 1888 pertincant
1622 1828 1735 1886 cogno-

120 1909 209 1968 quem
244 1909 334 1950 unum
362 1889 525 1950 mirabatur
556 1890 657 1963 Plato,
685 1888 755 1950 licet
788 1905 906 1954 caeteros
953 1894 1061 1954 scimus
1077 1894 1148 1974 (57).

119 1979 253 2039 rhetores
270 1979 431 2056 exagitaret
446 1977 519 2061 (ts),
535 1977 718 2058 Speusippus
738 1981 780 2039 ita
795 1982 904 2056 coluit,
992 1983 1242 2060 Pythagoreorum
1257 2003 1374 2064 quoque
1388 1985 1494 2044 litteris
1515 1985 1580 2064 ipso
1594 1986 1728 2060 Platone,
1826 1999 1831 2008 '

118 2071 198 2130 utin
215 2069 281 2149 ejus
302 2068 496 2148 sectatoribus
519 2087 628 2130 nomen
649 2089 733 2129 suum
751 2071 906 2150 profitere·
951 2083 984 2130 ut
1006 2072 1144 2148 arbitror,
1170 2087 1289 2139 auctore
1307 2075 1420 2134 studuit
1443 2094 1607 2154 eorumque
1628 2089 1735 2136 sectam

118 2171 181 2222 tur.
197 2159 294 2230 Quum
316 2160 396 2219 enim
410 2159 623 2239 perspexisset,
634 2173 775 2238 quantum
797 2165 906 2222 valeret
951 2160 1071 2238 explosa
1089 2180 1165 2239 saepe
1181 2163 1314 2238 magistri
1328 2163 1471 2222 sententia
1485 2175 1600 2224 secutus
1613 2164 1734 2240 estitit),

117 2267 169 2307 ars
188 2247 318 2308 oratoria
333 2248 369 2307 ad
387 2247 538 2325 tingendos
548 2248 701 2308 hominum
716 2249 842 2322 animos,
859 2251 905 2309 in·
952 2246 1067 2307 Etenim
1082 2249 1208 2309 Philolai
1229 2251 1339 2327 scripta
1352 2251 1414 2309 sive
1433 2270 1450 2310 e
1466 2250 1567 2310 Sicilia
1579 2252 1641 2311 sive
1654 2250 1736 2311 'rhe-

115 2337 205 2413 genia
232 2336 384 2408 acuenda,
421 2335 539 2395 dicendi
575 2336 702 2414 denique
742 2336 905 2396 facultatem
924 2329 930 2400 Ι
951 2332 1136 2396 hishthenas
1156 2338 1267 2418 perlata
1289 2339 1402 2398 evolvit
1423 2338 1495 2417 (59),
1511 2339 1608 2417 iisque
1623 2353 1652 2398 et
1670 2341 1735 2401 aliis

112 2548 175 2592 τοις,
192 2531 292 2588 Mesobe
311 2531 393 2582 ίοιντον
409 2531 493 2596 εὐμενῆ
513 2532 555 2580 ναί
566 2531 692 2595 ἀμήνιτον,
708 2530 805 2579 otium
819 2530 906 2589 retiis
953 2532 1060 2582 dionem
1084 2531 1138 2580 sive
1160 2529 1320 2594 periodorum
1339 2529 1429 2581 artitex
1443 2529 1548 2580 exsilit.
1569 2557 1600 2566 -
1616 2529 1667 2595 tuo)
1691 2530 1735 2582 ci-

112 2603 283 2665 ἐνεςργςίοατο,
304 2605 345 2652 ναί
358 2605 425 2662 ζῆλον
436 2605 521 2653 ίαντοῦ
536 2603 577 2652 sel
591 2600 737 2666 φιλοσοφίας·
753 2601 830 2652 καίτοι
848 2601 891 2652 πο)
950 2612 1007 2650 retu
1020 2599 1052 2650 tle
1070 2598 1164 2650 iuvent.
1192 2604 1223 2657 tl.
1245 2605 1259 2649 i
1282 2602 1346 2651 llum
1362 2597 1409 2648 tint
1429 2601 1545 2663 tenpore
1569 2598 1667 2663 οοςίοιιγ,
1684 2609 1735 2662 quo

112 2674 155 2722 iot
183 2679 229 2723 ses
249 2674 324 2738 φίλων
351 2673 473 2724 tassiloni
493 2676 527 2732 ὡς
551 2675 583 2737 μὴ
605 2673 751 2724 νονίοτοῦνιι
776 2672 804 2722 τὸ
824 2671 905 2735 μοιρα-
950 2669 1116 2730 Aristotcles,
1135 2681 1241 2732 magnus
1254 2669 1280 2719 et
1291 2667 1381 2720 nobilis
1399 2669 1486 2720 rhetor
1505 2669 1647 2720 reseratas:
1663 2666 1735 2730 cujus

111 2757 178 2796 οιτον·
195 2746 247 2795 tit
257 2746 298 2794 aot
314 2743 377 2794 πάνυ
391 2747 504 2796 νουθετεῖν
520 2743 598 2805 bers,
610 2749 645 2808 τῷ
661 2743 707 2810 βίῳ
724 2744 765 2794 καί
783 2748 811 2806 τῇ
827 2743 904 2806 διαίτῃ
948 2739 1028 2804 ipsius
1040 2753 1115 2803 ([οοιιι
1135 2739 1233 2790 constet
1249 2751 1306 2790 esse
1320 2741 1412 2798 artcm,
1428 2752 1476 2789 non
1488 2737 1634 2789 invenimus.
1653 2737 1734 2787 Disci-

110 2822 158 2876 τῆς
171 2818 228 2878 πρὸς
243 2817 273 2866 τὰ
289 2816 377 2880 αἰσχρὰ
390 2821 437 2865 τῶν
453 2817 533 2866 ιταλῶν
546 2817 655 2880 διαφορᾶς
666 2815 777 2879 παρέχων
791 2812 894 2872 ιςοιτανὸη
949 2811 1063 2875 pulcrum
1074 2811 1157 2860 aulem
1176 2811 1252 2872 atque
1261 2821 1355 2870 eorum,
1366 2808 1410 2872 qui
1429 2809 1545 2871 protinus
1565 2807 1596 2856 ab
1610 2806 1659 2856 hae
1676 2809 1736 2858 strui

112 2905 165 2940 σιν.
183 2885 331 2938 Plutarchus
346 2886 378 2937 de
397 2886 463 2938 adul.
480 2889 506 2939 et
517 2887 590 2938 amic.
609 2885 720 2936 discum.
739 2899 791 2950 cap.
808 2889 837 2935 47
853 2885 903 2935 vol.
925 2873 930 2950 Ι
949 2880 1078 2946 disciplina
1089 2879 1210 2944 protecti,
1228 2879 1309 2930 multo
1324 2879 1355 2928 de
1372 2883 1426 2928 arte
1448 2882 1572 2943 precepta
1588 2878 1725 2941 mutnus

112 2959 163 3010 vti
177 2969 232 3022 pag.
247 2960 292 3008 ito
305 2956 345 3009 ed.
363 2959 468 3009 liutten.
483 2959 498 3008 t
515 2963 572 3021 γοῦν
591 2956 690 3009 Πλάτων
708 2956 774 3020 ίλτγι
790 2957 905 3006 missso
925 2967 930 3043 p
950 2977 982 2992 ·-
996 2952 1048 3014 (ott
1064 2952 1150 3004 dicero
1161 2950 1265 3003 decrat.
1280 2949 1324 3010 lib,
1342 2952 1379 3001 ui
1396 2962 1450 3015 cap.
1464 2954 1547 3002 ίο-οί.
1569 2951 1667 3012 Orator,
1680 2961 1733 3013 cap.

112 3035 150 3094 τῷ
175 3028 221 3094 βίῳ
241 3030 281 3079 τὸν
305 3029 464 3080 Σπεύσιππον.
489 3055 516 3066 -
541 3029 590 3092 (52)
608 3027 666 3078 vid.
693 3027 782 3090 irogus.
807 3029 905 3076 1ao.-
950 3025 1031 3076 iios.
1047 3022 1310 3087 -tssittiutrsgm
1329 3024 1447 3071 restae.
1580 3053 1584 3061 ·
1605 3047 1607 3058 =

113 3104 170 3170 (⁵3)
183 3104 303 3166 ungeres
313 3105 426 3156 Laertius
440 3105 489 3166 Ill,
500 3109 514 3156 8
526 3107 540 3156 ὁ
551 3106 574 3155 δ’
588 3103 629 3155 οὗν
649 3102 778 3168 φιλόσοφος
791 3105 832 3152 καί
846 3103 904 3152 ’lco-
982 3093 1031 3158 (⁵9)
1041 3094 1233 3158 Theologumeu.
1246 3091 1347 3144 arithm.
1358 3095 1480 3157 suttorp.
1491 3097 1519 3143 ot
1531 3095 1633 3147 etl-Ast.
1646 3091 1735 3142 ίτιαοί

113 3173 198 3241 κράτει
212 3167 275 3238 ptine
289 3173 328 3236 ia.
350 3173 437 3224 cicero
455 3175 519 3224 orat.
540 3187 593 3238 cap.
612 3176 649 3225 ts.
670 3172 703 3221 nt
714 3183 744 3221 es
759 3169 793 3222 da
808 3171 903 3222 seniore
954 3163 1104 3222 Σπεύσιππος
1114 3202 1120 3224 ,
1132 3167 1146 3214 ὁ
1159 3164 1271 3224 norom<
1283 3163 1325 3226 μὲν
1334 3164 1384 3220 υίὸς
1393 3169 1433 3220 τῆς
1442 3167 1484 3212 τοῦ
1495 3163 1618 3219 Πλάτωνος
1628 3162 1735 3224 titinio

113 3244 205 3298 soron
226 3245 309 3306 risio,
322 3245 349 3296 οι
369 3244 620 3308 ιοιιογιοοωιι,οι
637 3241 746 3306 moun,
766 3241 903 3306 exsputo
950 3233 1058 3296 οιαοοιοτ
1070 3233 1095 3283 ον
1109 3233 1256 3297 amiate.
1277 3233 1323 3297 πρὸ
1344 3233 1503 3297 Ξενοκράτους
1522 3234 1640 3294 ἐξαιρέτως
1659 3248 1736 3283 σοον-

112 3315 228 3369 omnimn
246 3315 390 3379 rhetorum,
400 3315 468 3366 hunc
478 3315 584 3367 miratur
597 3327 683 3364 unum.
699 3313 740 3363 iic
752 3315 850 3374 antem,
860 3312 904 3376 qui
949 3304 1079 3353 δασθονσῶν
1099 3303 1136 3354 ἰαί
1160 3305 1328 3367 Πυθογορνκῶν
1349 3304 1502 3367 ἀκροάσεων,
1523 3306 1622 3366 μάλιστα
1646 3304 1671 3353 δὲ
1688 3309 1736 3353 τῶν

111 3389 252 3441 isocratem
262 3399 312 3438 non
325 3386 439 3452 diligunt,
454 3399 503 3437 una
516 3399 577 3438 cnm
587 3385 689 3436 Socrate
698 3386 723 3434 ot
735 3395 794 3434 cnm
803 3383 905 3434 Platone
950 3375 1070 3425 Φοίολοίου
1092 3373 1297 3440 ουγγραμμίουν,
1313 3374 1426 3438 bilibit
1448 3392 1472 3426 τν
1493 3373 1605 3436 συννοίας
1620 3377 1735 3440 piscopos

111 3473 199 3512 errare
209 3457 432 3524 patiuntur-(54)
440 3457 563 3522 Diogenes
571 3455 734 3517 Laertinslv,
747 3456 905 3520 αιαίπρῶτος
950 3444 1065 3509 ‘sititis
1075 3446 1116 3510 pta
1128 3445 1185 3495 αὐτὸ
1197 3447 1248 3509 οῑίί
1265 3447 1434 3510 Πυθαγορικῶν
1447 3448 1564 3510 &illudis
1576 3445 1616 3495 ου’
1626 3445 1698 3510 αρχῆς
1709 3446 1736 3495 δὲ

111 3531 182 3596 παρὰ
188 3528 341 3593 Ἰσοκράτους
349 3529 380 3578 τὰ
387 3529 520 3591 καλούμενα
531 3525 654 3592 &cippum
662 3527 790 3588 ἐξήνεγκεν,
801 3525 832 3582 ὥς
848 3541 904 3586 φησι
950 3517 1018 3581 pipp
1037 3516 1138 3580 ἡμίσους
1149 3515 1201 3580 usti
1213 3520 1261 3564 τῶν
1279 3515 1303 3566 ίν
1323 3515 1401 3572 αυτοῖς
1414 3520 1554 3580 γραμμικῶν
1574 3515 1735 3602 insedimus

111 3600 267 3657 Kesvms.—
279 3600 367 3650 cicero
380 3595 904 3660 adlttic.11‚ttdeusautemlibertotum
949 3588 1084 3650 statuitis,
1100 3585 1254 3652 solepniter
1276 3603 1302 3637 οα
1322 3589 1362 3636 καί
1381 3585 1501 3638 αανοαίονν
1519 3591 1567 3636 τῶν
1587 3585 1612 3634 ἓν
1628 3586 1735 3649 οονίμονς

110 3672 235 3726 momnis
247 3671 388 3737 μνροαίικιον
408 3673 483 3736 atque
499 3682 587 3721 ornnes
599 3667 653 3732 eius
669 3667 848 3733 discipulorum
861 3681 905 3718 ar-
950 3660 1066 3710 ίανσίοονν
1082 3659 1132 3723 ἅμα
1146 3660 1187 3710 καί
1204 3663 1320 3724 mur,
1333 3657 1386 3722 περί
1401 3675 1427 3709 τι
1446 3661 1493 3708 τῶν
1509 3657 1578 3706 τίνοι
1589 3656 1734 3718 σχημάτων,

112 3743 187 3795 cuias
200 3754 231 3794 ac
242 3740 354 3794 nonnihil
365 3741 441 3794 etiarn
453 3741 594 3792 idstetelia
604 3739 729 3805 pigmenta
744 3739 903 3803 consumpsit.
952 3730 1027 3788 &trit
1054 3735 1179 3793 κοαμοκοίς
1199 3730 1336 3781 scottum
1359 3731 1498 3792 αοοογαίοος,
1523 3727 1636 3784 titos-oms
1656 3727 1735 3776 νοσῶν

114 3817 242 3868 ostoun
258 3813 325 3864 rece
334 3811 468 3876 Dionysius
479 3810 701 3864 lishocmassensis
710 3809 774 3859 libro
785 3809 816 3859 de
827 3809 904 3859 admi·
952 3804 1007 3865 πρὸς
1019 3803 1108 3862 ἄλληλα
1122 3801 1322 3864 salutavissent,
1332 3800 1456 3862 ἀναλογίας
1467 3814 1494 3848 το
1507 3799 1547 3847 καί
1559 3796 1734 3858 αγακολονίίαςι

113 3883 195 3938 rande
208 3881 331 3934 cratonis
352 3882 540 3934 Demosthenen
559 3896 585 3934 ν.
599 3895 654 3947 cap.
671 3889 684 3933 i
704 3881 759 3933 vol.
773 3883 808 3932 vl
820 3895 844 3945 p.
859 3886 904 3933 9⁵7
950 3873 1009 3939 μανὰ
1017 3879 1091 3926 τοῦτο
1106 3875 1296 3939 insulsissima
1309 3873 1337 3924 σὺ
1350 3876 1393 3922 τοῦ
1408 3870 1501 3936 ursiton
1514 3869 1589 3931 ίμνσν
1599 3866 1650 3930 ακρί
1664 3865 1735 3917 δοκοί-

114 3957 154 4010 ed.
171 3955 255 4006 ltdsln
272 3967 287 4004 c
303 3953 460 4019 superiorum
470 3955 614 4016 oratorum,
632 3953 751 4015 Periclis,
762 3951 904 4014 Alcibiadis,
950 3949 988 4004 ους
1004 3947 1110 4009 αντνκρνς
1130 3950 1245 4007 mistros,
1267 3942 1432 4009 φνανιιωτίιην
1453 3940 1526 4000 αὐτὴν
1544 3935 1679 3999 ἀποφαίνων
1694 3937 1735 3986 ναί

113 4019 211 4084 crite,
224 4023 384 4088 Theramenis
402 4024 542 4090 grunditute
563 4037 593 4076 tic
611 4023 763 4076 sublimitate
777 4022 906 4086 distinguit
949 4019 1148 4078 τελιοτινιωτάτην
1159 4023 1207 4068 τῶν
1219 4018 1304 4080 ὄντων,
1319 4016 1370 4066 οίον
1384 4015 1476 4072 sidicat
1485 4019 1534 4064 τῶν
1546 4015 1672 4095 reputabi
1679 4009 1736 4061 ἀπο·

115 4093 257 4146 secundnm
277 4093 393 4146 dictionis
410 4107 501 4160 genus,
523 4097 598 4147 tenue
618 4093 904 4158 istomacantium,
949 4089 1098 4152 uisendum
1106 4089 1212 4153 τεχνικὸν
1227 4088 1266 4151 ἀφ’
1280 4083 1495 4150 ἱαντῆς,ἂλλάὐχ
1508 4087 1576 4148 ἡμῶν
1588 4097 1736 4146 νομιοανςων

114 4163 183 4229 quod
204 4163 380 4228 compositione
403 4169 430 4217 et
452 4167 540 4218 robore
562 4165 689 4217 communi
710 4169 736 4218 et
750 4165 847 4230 vulgari
869 4163 907 4214 lo-
950 4159 1411 4225 ἢιίιςίτνχτνήἠίιλεν,ίπάρχοοοαιιοιὶ
1424 4157 1572 4222 παράδειγμα
1581 4155 1738 4206 nnuma·

115 4233 211 4298 qusudi
229 4234 305 4286 modo
326 4235 453 4300 persimile
474 4241 578 4302 apponet
600 4240 675 4301 atque
688 4235 807 4301 imprimis
825 4234 906 4298 Lysia
951 4239 1033 4298 *ονςῷ
1044 4234 1266 4298 τοῦπαντὸςποιητῇ
1277 4235 1323 4296 θεῷ
1334 4229 1588 4296 προεκινιμίνη.Δίγιι
1600 4227 1736 4291 &stirpi-

117 4307 246 4371 pruptlmu
260 4307 310 4359 init
320 4307 483 4374 adiungitque
494 4309 599 4363 tortium
614 4307 713 4360 (licendi
724 4321 802 4373 genus
817 4321 831 4358 c
843 4305 906 4357 duo·
950 4325 994 4359 πον
1006 4311 1088 4358 micci
1099 4307 1150 4372 περὶ
1162 4307 1241 4366 αὐτῆς.
1256 4305 1324 4356 'hon
1334 4304 1359 4354 dl
1370 4305 1401 4354 τὰ
1413 4303 1471 4354 δίκα
1480 4299 1701 4364 τίλαος,ααίίρίῶς
1710 4314 1737 4348 τι

115 4377 166 4428 bns
178 4377 305 4442 prioribus
319 4378 499 4443 compositum,
511 4379 580 4442 quod
595 4379 703 4430 mixtum
714 4377 832 4442 uppdlnrl
842 4377 906 4428 solc-
950 4381 990 4430 καὶ
1001 4378 1062 4430 κατὰ
1074 4377 1142 4442 φύσιν
1154 4379 1186 4435 τίς
1199 4382 1283 4428 τοῦτον
1294 4381 1446 4440 καταντῶμεν
1456 4372 1573 4429 παντοίως
1588 4371 1737 4435 ἀριθμοῦντες

115 4442 166 4494 list
179 4443 234 4495 unc
246 4455 325 4506 roro,
336 4444 454 4511 mantile
466 4445 694 4500 nummatum
710 4445 817 4502 allorum
830 4461 897 4501 con-
949 4446 1060 4508 Ἑλληνίς
1073 4463 1098 4497 τι
1116 4447 1156 4497 καὶ
1171 4445 1254 4502 πάντες
1271 4447 1388 4510 ἄνθρωποι
1399 4480 1407 4508 ,
1419 4444 1485 4495 cuttu
1500 4443 1567 4493 αὐτοὶ
1585 4438 1735 4505 ἐπιτιμίω-

113 4526 189 4566 mutto
203 4515 283 4576 met,
296 4516 418 4568 tensus
429 4514 505 4569 coluit
519 4517 547 4570 et
563 4517 596 4570 etl
613 4518 739 4584 lastigium
757 4531 829 4584 petie
841 4531 898 4584 per·
951 4533 1002 4575 τις·
1016 4518 1093 4567 πολλὰ
1107 4517 1152 4582 γὰρ
1175 4517 1225 4570 lito
1243 4517 1306 4581 ίχςι,
1329 4515 1474 4581 depactissi
1498 4514 1539 4566 τὸν
1562 4513 1626 4565 suso
1651 4513 1737 4562 τέλειον

114 4585 195 4638 cunt.
208 4587 268 4638 imit
285 4586 353 4639 enim
366 4599 471 4653 mugnus
487 4591 572 4641 omitit·
589 4593 616 4642 ct
634 4591 760 4656 perlectus
774 4591 900 4656 magister,
953 4586 1017 4652 Ιχιιν
1028 4585 1119 4653 [πολλὰ
1132 4589 1156 4638 ot
1165 4589 1212 4640 ίδιο
1226 4587 1268 4638 uir
1278 4587 1322 4638 cis
1337 4587 1400 4637 ίοτιν
1410 4587 1490 4636 αὑτοῦ·
1508 4585 1544 4635 en
1558 4584 1583 4634 st
1595 4585 1657 4647 ίχοιν
1675 4581 1737 4632 αὐτὰ

116 4667 268 4722 quamquam
287 4655 381 4711 ioreusi
399 4659 455 4712 tuoe
470 4659 563 4721 caruli,
584 4659 700 4726 intraque
714 4663 823 4726 parietes
839 4662 902 4715 aluit
951 4657 1063 4724 τιλιιονί·
1081 4663 1173 4724 πρῶτον
1183 4659 1225 4722 μίν
1236 4658 1278 4710 οὖν
1287 4659 1365 4722 ἄρτιον
1376 4660 1412 4708 δοῖ
1420 4657 1497 4718 τίνοι,
1513 4655 1578 4712 ὅπως
1590 4655 1639 4704 ίοοι
1653 4653 1737 4702 leuata

117 4739 171 4778 ‘³¹¹¹
183 4728 284 4792 &⁰¹1²OE
295 4743 374 4796 quum
388 4743 462 4783 uetito
475 4729 582 4784 sonasse
593 4737 680 4798 postea
692 4735 841 4787 mumulus
853 4737 900 4788 est.
952 4729 1091 4794 οίπεριοοοί
1101 4747 1127 4780 τι
1138 4731 1178 4780 καὶ
1193 4731 1280 4793 ἄρτιοι,
1294 4731 1336 4780 καί
1353 4729 1385 4793 μὴ
1397 4729 1549 4794 ίτςρομορσίς·
1561 4724 1612 4775 ίπιί
1621 4723 1666 4788 γὰρ
1676 4720 1736 4786 πρί-

116 4797 171 4858 (ct.
186 4798 271 4852 cicero
282 4801 353 4853 Brut.
366 4813 420 4868 cap.
438 4804 477 4865 t.)
493 4804 517 4855 is
534 4807 559 4855 st
576 4805 677 4870 scripsit
693 4806 774 4859 mults
785 4808 903 4872 preclare
952 4817 1016 4865 τορος
1029 4799 1066 4850 ut
1078 4801 1141 4850 ίοκνν
1155 4801 1169 4850 ί
1184 4801 1294 4864 περισσὸς
1310 4803 1352 4850 τοῦ
1371 4796 1467 4862 ἀρτίου,
1488 4797 1508 4845 tl
1529 4795 1562 4858 μὴ
1576 4795 1654 4860 ίροος
1672 4790 1737 4849 stuc

116 4867 145 4918 et
159 4865 245 4918 docuit
258 4868 333 4928 aios.
347 4874 374 4924 ct
384 4883 443 4924 com
455 4877 548 4927 cetera
559 4875 649 4928 meins
661 4889 739 4943 quam
754 4876 901 4942 νοριιίοιος,
953 4870 1130 4936 σνμσκροίνυν.
1145 4873 1310 4930 eucnemon
1329 4871 1343 4920 ί
1360 4869 1444 4934 ίοορος·
1456 4867 1476 4916 οί
1490 4866 1515 4916 tt
1531 4865 1599 4920 ίοονο
1618 4863 1677 4926 ίκοοι
1692 4861 1737 4944 itti

117 4940 175 4988 tum
186 4935 281 5002 primus
297 4941 433 5004 intellexit,
455 4944 531 4998 etiam
546 4945 573 4998 in
591 4947 674 5000 soluta
694 4949 824 5010 oratione,
843 4949 902 5000 dum
952 4941 1177 5007 coenomanensi
1195 4942 1335 4996 ἀσυνθέτους
1349 4939 1390 4988 κοί
1404 4937 1458 4996 τοὺς
1473 4936 1591 4998 δσννίρονς
1601 4933 1641 4981 καί
1652 4932 1735 4981 συνίο-

118 5021 223 5061 setsum
236 5007 372 5078 eflugeret,
383 5015 488 5068 modum
502 5019 587 5071 touisu
598 5022 624 5071 et
634 5031 768 5073 numerum
780 5020 905 5085 quendam
952 5025 1014 5071 τους·
1028 5011 1078 5063 oti
1086 5012 1145 5063 δίαα
1157 5011 1208 5077 ίχιι
1216 5012 1298 5075 ίοονς,
1311 5011 1351 5061 sot
1361 5008 1435 5065 mut<
1444 5009 1473 5057 du
1486 5005 1554 5062 mie<
1569 5001 1678 5053 ίλάσοων
1690 5004 1739 5092 τῶν

115 5083 235 5145 oportere
255 5083 357 5138 servam
379 5089 464 5148 Quom
488 5087 555 5142 cuim
576 5092 650 5144 aulea
674 5091 810 5143 uerborum
833 5092 905 5158 quast
953 5085 1010 5138 ίίια
1027 5085 1193 5138 concissis
1205 5083 1314 5150 ἀριθμός,
1329 5079 1417 5132 πλοίων
1435 5073 1727 5164 δίςίίκαζααίίίίίηίβ

118 5154 249 5205 structura
261 5157 286 5204 et
299 5156 415 5220 modam
430 5157 462 5212 sd
475 5170 608 5213 nummum
619 5159 746 5214 conclusio
758 5159 828 5214 nnis
847 5160 907 5214 tuis
954 5159 995 5208 ναί
1004 5157 1071 5209 ἄλλον
1080 5155 1214 5216 comitio
1219 5155 1313 5219 ονίμίν
1322 5151 1400 5203 amos
1411 5149 1506 5211 teus,
1516 5163 1557 5200 κον
1566 5149 1659 5213 apem
1667 5159 1739 5197 *⁰⁰³⁰

118 5223 166 5280 οθί,
176 5225 355 5290 ipsecrstionts
363 5227 578 5297 abbatematque
584 5231 907 5299 altitudinemcumelegan-
955 5228 1031 5293 ίχων,
1050 5229 1091 5280 καί
1105 5229 1226 5292 ίλάχιοτος
1248 5230 1295 5276 τῶν
1307 5225 1411 5288 ίχίντων
1425 5219 1489 5277 τέλος
1499 5235 1522 5270 τι
1538 5219 1604 5284 ixei,
1622 5219 1666 5270 sol
1677 5214 1740 5268 tuta

121 5292 159 5342 ίίο
170 5294 297 5362 opusne
316 5297 502 5368 σοατιιιοοοο
511 5313 616 5357 nouus
630 5301 755 5356 manna
764 5302 907 5356 oncumru·
955 5315 1006 5356 πως
1024 5299 1081 5351 aaa
1091 5304 1159 5350 see
1169 5298 1250 5361 γςρωι
1262 5295 1291 5345 ιι
1302 5292 1327 5344 ιι
1337 5291 1426 5356 essee
1438 5289 1503 5355 suo
1519 5289 1588 5348 ιοως
1603 5290 1740 5341 ascesa
