4020 5950
323 867 326 872 ,
423 759 728 855 ΑΛΒΙΝΟΥ
1302 775 1502 867 ALBlNl

228 985 432 1057 ΕΙΣΑΓΩΓΗ
458 985 526 1056 ΕΙΣ
552 991 660 1059 Tor}
687 997 918 1067 ΠΛΑΤΩΝΟΣ
1162 992 1345 1064 lSAGOGE
1370 995 1414 1064 IN
1438 995 1646 1069 PLATONIS

443 1189 703 1251 ararorors.
1150 1277 1153 1284 .
1186 1187 1188 1192 ·
1281 1199 1522 1264 ιιιειοιιοε.

486 1389 655 1416 -ιοοοο-
1312 1401 1488 1425 ⁴000-

221 1595 258 1654 α’.
274 1594 339 1656 Ὅτι
353 1599 413 1674 θεῷ
428 1595 552 1673 μέλλοντι
568 1597 729 1667 ἐντεύξεσθαι
743 1601 797 1669 τοῖς
816 1603 960 1672 Ηλάτωνος
1007 1606 1341 1667 illuminaremur
1359 1609 1562 1668 ΗΡΟΛΟΓΟΣ
1577 1609 1670 1667 codex
1681 1609 1792 1670 Lobco·

180 1681 309 1762 διαλόγοις
323 1684 452 1763 προσήκει
472 1687 596 1768 πρότερον
619 1688 775 1750 ἐπίστασθαι
790 1691 853 1750 αὐτὸ
867 1697 960 1770 τοῦτο,
1007 1693 1150 1756 vicianus.
1168 1699 1233 1740 -θ
1250 1695 1289 1753 ὅτι
1312 1698 1375 1756 cod.
1395 1697 1501 1768 Holst.;
1517 1698 1624 1775 reliqui
1642 1698 1789 1762 remittunt.

178 1773 205 1832 τί
217 1773 283 1832 ποτέ
295 1776 366 1832 ἐστιν
376 1776 390 1831 ό
400 1773 529 1853 διάλογος.
571 1775 640 1835 Οὔτε
655 1779 705 1857 γὰρ
716 1777 777 1836 ἄνευ
789 1779 882 1859 τέχνης
895 1782 963 1848 τινὸς
1016 1813 1047 1828 «-
1058 1794 1070 1824 ⁰
1081 1787 1199 1844 οὓτισοῶν
1212 1787 1277 1842 cod.
1291 1784 1331 1858 L;
1348 1784 1445 1852 οὔτινος
1458 1777 1501 1845 adr
1516 1787 1579 1845 cod.
1593 1785 1630 1846 Η.
1642 1785 1704 1832 -d
1717 1792 1793 1846 τοῦτο

179 1861 224 1922 καί
238 1858 372 1940 δυνάμεως
387 1863 565 1943 γεγραμμένοι
581 1865 663 1943 είσίν,
678 1865 737 1928 οὔτε
752 1873 878 1949 τεχνικῶς
892 1894 960 1948 γνω-
1007 1875 1072 1935 cod.
1088 1873 1128 1947 H3
1144 1866 1218 1940 οὗτος
1232 1873 1296 1935 cod.
1316 1879 1364 1948 L.,
1374 1875 1424 1934 sed
1440 1879 1470 1933 in
1487 1876 1618 1951 margine
1632 1883 1706 1936 τοῦτο
1719 1895 1736 1934 a
1751 1897 1790 1938 m.

180 1951 250 2031 ρίσαι
265 1951 355 2034 ῥᾴδιον
368 1955 406 2033 τῷ
417 1974 446 2034 γε
463 1952 570 2032 θεωρίας
583 1955 695 2034 άπείρως
708 1953 804 2036 ἔχοντι.
846 1957 962 2038 Ἀρέσκει
1008 1982 1064 2024 sec.
1088 1996 1128 2008 —
1142 1969 1154 1997 ²
1169 1961 1193 2034 ό,
1216 1985 1259 2035 τι;
1282 1965 1366 2023 codd.
1383 1963 1415 2038 ὅ,
1439 1963 1475 2025 τί.
1490 1996 1530 2010 -
1549 1962 1631 2044 ῐπερί
1651 1955 1680 2023 οὗ
1696 1963 1727 2024 δν
1744 1955 1792 2042 {h

180 2041 206 2098 δὲ
221 2044 257 2119 τῷ
279 2039 414 2122 φιλοσόφῳ
428 2040 489 2122 περί
504 2043 600 2110 παντὸς
616 2047 763 2104 οὑτινοσοῦν
779 2053 791 2084 ⁰
805 2045 853 2118 τὴν
870 2046 961 2128 σκέψιν
983 2079 988 2098 ι
1008 2049 1089 2128 Ιίῧουλιί
1105 2071 1141 2110 ex
1156 2051 1231 2110 Plat.
1249 2051 1363 2110 Phaedr.
1380 2073 1410 2131 p.
1424 2053 1498 2126 ²373
1514 2051 1574 2131 περί
1588 2045 1619 2112 οδ
1633 2051 1694 2125 δινῆ
1711 2051 1792 2130 βουλὴ

180 2127 334 2206 ποιούμενον
355 2127 403 2200 τὴν
428 2129 518 2189 οὐσίαν
549 2137 595 2191 τοῦ
628 2131 782 2212 πράγματος
818 2133 960 2208 ἐξετάζειν,
1006 2129 1038 2210 ἦν
1053 2140 1118 2200 cod.
1135 2138 1174 2210 L3
1191 2139 1250 2220 περὶ
1266 2130 1295 2198 οὗ
1314 2138 1345 2198 ἂν
1361 2141 1441 2219 βουλὴ
1459 2132 1475 2218 ᾖ
1492 2141 1598 2202 cod.H
1623 2170 1663 2185 —
1677 2147 1690 2186 θ
1704 2139 1793 2221 dirupi

179 2219 269 2277 ἔπειτα
285 2217 312 2277 τί
323 2223 400 2278 τοῦτο
414 2219 426 2256 ‘¹
441 2218 565 2290 δύναται,
581 2220 626 2280 καί
638 2224 664 2280 τί
680 2221 735 2299 μή,
750 2222 815 2304 πρὸς
829 2222 855 2294 ό,
870 2247 895 2281 τι
907 2229 918 2258 ⁶
932 2247 960 2282 τε
1008 2247 1072 2285 curn
1096 2226 1251 2301 Fischcr03
1269 2227 1342 2307 παρὰ
1357 2229 1443 2290 codd.
1460 2261 1500 2276 -
1518 2227 1532 2263 ¹¹
1551 2227 1645 2294 εἰδότες
1667 2242 1699 2288 ut
1715 2231 1792 2308 apud

178 2306 307 2388 χρήσιμον
321 2306 420 2388 πέφυκε
435 2307 480 2368 καί
494 2308 557 2389 πρὸς
570 2307 584 2367 δ
598 2309 645 2387 μή.
690 2309 767 2386 Λίγει
777 2311 804 2370 δὲ
815 2302 879 2370 hie·
894 2313 961 2393 Περί
1007 2316 1156 2375 Platonem
1176 2317 1195 2378 l.
1216 2338 1260 2389 c.;
1276 2319 1323 2375 οὐκ
1336 2319 1430 2384 εἰδότες
1450 2318 1534 2378 codd.
1549 2351 1589 2366 -
1604 2315 1612 2354 ¹
1631 2320 1659 2376 οὐ
1676 2319 1793 2393 διομολο-

180 2395 290 2466 παντός,
314 2383 413 2468 ῶπαῖ,
430 2395 477 2472 μία
494 2397 565 2477 ἀρχὴ
579 2397 631 2464 τοῖς
648 2396 772 2475 μέλλουσι
792 2401 878 2466 καλῶς
898 2403 960 2478 βου·
1006 2407 1112 2481 γοῶνται
1135 2403 1200 2462 cod.
1218 2403 1251 2465 L.
1273 2418 1301 2462 et
1318 2405 1401 2463 Plato
1423 2405 1443 2465 l.
1471 2427 1504 2477 ος
1527 2407 1584 2465 οὐδὲ
1610 2409 1792 2482 ὁμολογοῦντες

179 2485 315 2544 isdrahel·
330 2485 426 2543 εἰδέναι
442 2491 480 2545 δεῖ
495 2486 555 2564 περὶ
570 2477 599 2545 οὗ
615 2485 645 2545 δν
662 2479 701 2568 ’ᾗ
716 2491 731 2560 ἡ
751 2489 848 2566 βουλή,
866 2488 883 2560 ἢ
902 2488 961 2568 περὶ
1007 2491 1071 2552 cod.
1090 2491 1126 2548 Η.
1142 2490 1206 2537 —¹
1227 2491 1292 2550 ποτέ
1307 2493 1373 2551 cod.
1397 2493 1437 2565 L;
1458 2495 1517 2550 ποτ’
1535 2493 1571 2554 Η.
1584 2527 1622 2538 -
1640 2491 1647 2527 ¹
1662 2492 1789 2569 dedituros.

180 2579 193 2618 ⁸
207 2577 283 2632 τοῦτο
298 2572 459 2652 ἁμαρτάνειν
474 2575 588 2652 ἀνάγκη·
608 2575 668 2642 τοὺς
683 2575 711 2635 el
725 2577 836 2645 πολλοὺς
855 2577 960 2648 λέληθεν
1006 2577 1087 2639 Ἔστι
1103 2581 1169 2640 cod.
1192 2579 1215 2636 L
1224 2602 1232 2656 γ
1250 2577 1385 2658 διάλογος,
1403 2579 1462 2640 οὐδὲ
1476 2577 1526 2657 γὰρ
1543 2579 1604 2636 άνευ
1618 2579 1712 2658 τέχνης
1725 2578 1792 2643 τινὸς

179 2660 218 2719 ότι
233 2659 429 2733 οὗκόσασιτήν
444 2662 534 2722 οὐσίαν
552 2664 672 2726 ἑκάστου.
716 2663 766 2732 Ὧς
785 2657 961 2732 advertisset
1007 2667 1051 2726 καί
1065 2666 1198 2742 δυνάμεόις
1207 2671 1255 2728 είσι
1268 2667 1456 2749 γεγραμμένοι.
1500 2665 1578 2728 Ἔστι
1589 2668 1655 2730 cod.
1669 2667 1704 2725 H.
1718 2704 1757 2742 ,··
1772 2677 1791 2702 ¹¹¹

183 2755 211 2810 οὐ
232 2749 468 2830 ίδιομολογοῶντοιι
484 2753 509 2810 ἐν
527 2755 596 2834 ἀρχῇ
611 2759 658 2827 τῆς
675 2754 805 2836 σκέψεως,
820 2753 961 2834 προελθόν-
1008 2757 1174 2834 συγκείμενος
1194 2756 1255 2836 περί
1280 2781 1350 2822 τινος
1374 2759 1438 2818 cod.
1464 2758 1507 2830 ll;
1525 2756 1692 2836 συγκείμενός
1711 2780 1787 2824 τινος.

180 2863 221 2905 τες
233 2838 260 2897 δὲ
272 2838 302 2897 τὸ
319 2838 386 2906 εἰκὸς
401 2838 583 2900 ἀποδιδόασιν·
600 2841 658 2901 οὔτε
670 2842 721 2922 γδρ
735 2845 837 2909 ἑαυτοῖς
851 2841 904 2901 οὔτ’
918 2841 962 2901 άλ·
1007 2876 1046 2891 -
1061 2843 1070 2923 )

180 2932 233 2996 λοις
245 2930 425 3006 ὁμολογοῦσιν.
468 2927 527 2989 Ἵνα
538 2921 582 2989 οὖν
598 2928 635 3008 μὴ
647 2937 723 2992 τοῦτο
737 2932 861 3007 πάθωμεν
874 2935 963 3010 ἐντυγ-
1049 2931 1083 3014 β’.
1108 2935 1190 3011 Λόγος
1213 2934 1259 3012 μὲν
1276 2923 1320 2993 σῶν
1339 2923 1404 2992 εἶναι
1419 2941 1428 2965 ¹
1448 2934 1553 3014 λέγεται
1568 2937 1581 2993 ό
1596 2933 1729 3014 διάλογος,
1743 2958 1791 2992 κα-

180 3018 303 3097 χάνοντες
318 3025 370 3084 τοῖς
386 3017 529 3085 Πλάτωνος
551 3019 694 3098 διαλόγοις,
711 3018 775 3078 αὐτὸ
787 3023 878 3092 τοῦτο,
897 3017 961 3097 drap
1008 3023 1119 3104 θάπερδ
1143 3023 1278 3102 ἄνθρωπος
1300 3025 1374 3104 ζῶον.
1418 3023 1495 3084 Ἐπεί
1511 3011 1544 3082 δὲ’
1561 3027 1575 3083 ό
1595 3023 1671 3102 λόγος
1692 3023 1792 3083 ἐστὶνό

179 3105 261 3186 ἔφην,
277 3107 452 3187 σκεψώμεθα,
464 3106 490 3165 τί
500 3107 563 3166 ποτέ
571 3111 641 3168 ἐστιν
656 3107 670 3144 ¹
684 3112 698 3167 ὁ
712 3108 839 3186 διάλογος.
882 3105 963 3168 Ἔστι
1008 3107 1054 3188 μὲν
1070 3110 1228 3183 ἰνδιάθετος,
1241 3113 1255 3168 ό
1270 3109 1297 3168 δὲ
1308 3115 1474 3190 προρορικός,
1491 3111 1656 3191 ἀκουσόμεθα
1668 3117 1715 3172 τοῦ
1727 3136 1793 3191 προ-

180 3194 187 3230 ¹
202 3194 287 3254 τοίνυν
306 3197 353 3254 οὐκ
369 3195 433 3253 ἄλλο
447 3194 519 3270 τι,ἢ
535 3197 609 3273 λόγος
631 3196 656 3266 ἐξ
671 3197 822 3277 ἐρωτήσεως
837 3196 881 3254 καί
894 3198 962 3256 άπο-
1008 3201 1114 3280 ρορικοῶ
1124 3243 1132 3272 ,
1154 3199 1199 3258 καί
1218 3198 1275 3277 ἐπεί
1292 3199 1384 3258 τούτου
1407 3205 1420 3260 ὁ
1442 3199 1490 3276 μέν
1512 3202 1568 3260 ἔστι
1587 3199 1655 3260 κατὰ
1681 3199 1791 3269 διέξοδον

181 3284 291 3362 κρίσεως
311 3281 479 3362 συγκείμενος
493 3283 553 3362 περί
566 3287 585 3311 '¹²
599 3309 667 3353 τινος
683 3289 734 3344 τῶν
756 3287 898 3344 πολιτικῶν
916 3285 961 3342 καί
1008 3287 1166 3366 λεγόμενος,
1182 3285 1235 3346 ὁδέ
1254 3290 1313 3346 κατ’
1329 3286 1454 3367 ἐρώτησιν
1468 3289 1480 3328 ί)
1492 3289 1536 3348 καί
1553 3289 1707 3368 ἀπόκρισιν,
1727 3287 1791 3349 ίδιον

180 3373 329 3454 ριλοσόρων
341 3373 506 3452 πραγμάτοιν
521 3371 590 3448 μετὰ
606 3375 653 3444 τῆς
664 3373 815 3453 πρεπούσης
828 3372 963 3445 ἠθοποιίας
1008 3380 1054 3435 τοῦ
1069 3375 1190 3453 διαλόγου
1208 3375 1348 3454 ἐρωτήσεις
1370 3378 1415 3436 καὶ
1431 3377 1600 3456 αἰποκρίοιις·
1615 3375 1671 3435 ὅθεν
1686 3381 1700 3435 ό
1717 3377 1791 3454 λόγος
1901 3449 1907 3458 γ

179 3464 230 3519 τῶν
245 3460 525 3538 παραλαμόανομένων
545 3460 693 3541 προσώπων
707 3462 752 3522 καί
766 3465 813 3534 τῆς
827 3461 893 3520 κατὰ
915 3463 962 3535 τὴν
1008 3463 1033 3533 ἐξ
1051 3463 1200 3544 ἐρωτήσεως
1221 3463 1266 3522 καί
1284 3466 1445 3544 ἀποκρίσεως
1462 3456 1528 3524 εἶναι
1549 3465 1662 3542 λέγεται.
1706 3463 1744 3525 Τὸ
1763 3466 1790 3522 δὲ

178 3547 246 3617 λέξιν
261 3552 434 3622 κατασκευῆς.
1010 3551 1071 3634 περί
1091 3575 1158 3620 τινος
1172 3555 1225 3611 τῶν
1246 3554 1386 3612 πολιτικῶν
1402 3553 1448 3613 καί
1463 3553 1609 3634 φιλοσόφων
1627 3553 1790 3632 πραγμάτων

219 3639 345 3718 (Scripsi
359 3657 366 3700 ε
380 3647 392 3673 ⁵
405 3639 572 3700 ΑΛΒῙΝΟΥ
584 3639 772 3700 ΕΙΣΑΙὩΓΗ
787 3638 851 3699 ΕΙΣ
862 3641 963 3700 'lori
1010 3640 1180 3721 πρόσκειται,
1202 3640 1266 3700 διότι
1288 3640 1385 3700 οἰκείαν
1403 3630 1470 3698 εἶναι
1494 3642 1533 3698 δεῖ
1547 3640 1595 3711 τὴν
1617 3639 1791 3718 δποκειμάνην

181 3729 393 3788 delinitor
410 3729 628 3789 ΔΙΑΛΟΓΟΥΣ
643 3748 707 3788 cum
730 3728 829 3787 codice
848 3727 962 3786 Holste-
1009 3729 1073 3801 ὓλην
1087 3731 1126 3810 τῷ
1138 3729 1260 3808 διαλόγῳ.
1304 3727 1378 3799 Αὕτη
1395 3727 1423 3786 δί
1436 3730 1505 3786 ἐστιν
1520 3731 1536 3798 ἡ
1550 3729 1671 3800 πολιτικὴ
1688 3727 1733 3785 καί
1750 3751 1790 3808 ρι-

178 3817 481 3890 ῐιίοηογΕΙΣΑΙῺΓΗ
496 3818 561 3877 ΕΙΣ
571 3817 650 3877 ΤΗΝ
661 3817 740 3877 ΤΟΥ
753 3818 963 3877 ΗΛΑΤΩΝΟΣ
1007 3817 1126 3898 λόσορος.
1171 3817 1219 3885 Ὡς
1231 3819 1282 3895 γὰρ
1298 3821 1330 3894 τῇ
1349 3815 1484 3895 τραγῳδία
1498 3815 1543 3872 καί
1559 3812 1668 3892 ὁλοιςτῇ
1684 3813 1788 3886 ποιήσει

209 4095 228 4143 1.
246 4091 354 4144 Platonis
374 4091 483 4154 dialogos
507 4091 629 4144 laetarum
651 4092 722 4144 decet
740 4095 808 4157 prius
825 4105 898 4142 nosse
914 4090 961 4143 hoc
1008 4093 1170 4142 consentanea
1182 4081 1322 4155 loquantur.
1356 4092 1391 4140 lte
1404 4089 1559 4153 igiturnobis
1573 4089 1789 4142 hocsccidatl‘la-

176 4183 272 4248 ipsum,
287 4181 348 4245 quid
364 4180 462 4231 tandem
476 4181 509 4230 sit
522 4181 641 4246 dialogus.
658 4184 742 4246 Neque
753 4181 818 4232 enim
836 4181 887 4232 sina
908 4184 961 4231 arte
1005 4180 1069 4230 tonis
1079 4179 1188 4244 dialogos
1199 4179 1350 4243 legentibus,
1362 4178 1389 4230 id
1401 4177 1499 4242 ipsum,
1513 4177 1580 4242 quod
1592 4178 1716 4244 dicebam,
1727 4193 1788 4230 con·

176 4270 284 4336 quadam
297 4271 322 4320 et
335 4269 452 4319 facultate
469 4269 555 4333 scripti
569 4273 643 4332 sunt,
661 4284 740 4334 neque
753 4270 864 4320 sollerter
875 4270 960 4320 decia·
1005 4269 1155 4331 sideramus,
1179 4269 1238 4332 quid
1259 4267 1358 4318 tandem
1383 4267 1416 4318 sit
1436 4266 1555 4332 dialogus.
1587 4269 1632 4318 Est
1652 4280 1710 4332 ergo
1729 4268 1790 4318 nihil

176 4371 232 4408 rare
246 4356 315 4408 lacile
327 4358 366 4407 est
378 4357 438 4406 artis
449 4359 629 4423 praceptorum
644 4358 766 4422 imperito.
781 4357 864 4408 Placet
877 4362 959 4408 autem
1005 4359 1073 4408 atiud
1089 4371 1163 4421 quarn
1178 4370 1259 4408 sermo
1273 4359 1390 4408 constans
1401 4369 1433 4408 ex
1446 4356 1582 4420 questione
1595 4357 1621 4407 at
1632 4357 1790 4421 responsione

176 4444 338 4510 philosopho,
353 4457 522 4510 quemcunque
536 4461 589 4498 rem
612 4446 763 4509 consideret,
774 4448 887 4496 naturam
907 4445 960 4507 ejus
1004 4446 1121 4497 derebus
1137 4445 1250 4496 clviiiinrs
1266 4445 1305 4496 vel
1314 4443 1506 4510 philosophicis,
1520 4445 1554 4495 ita
1567 4445 1597 4494 ut
1609 4456 1690 4494 rnores
1703 4443 1790 4495 decea-

176 4535 313 4598 inquirere,
325 4535 380 4586 tum
391 4535 451 4599 quid
460 4535 538 4600 possit
547 4535 587 4587 vel
596 4548 644 4588 non
653 4536 741 4600 possit,
753 4549 876 4600 quemque
886 4548 958 4586 usum
1004 4537 1042 4586 tes
1055 4535 1166 4600 ρετεοπὶο
1182 4534 1298 4586 assumtis
1311 4534 1459 4596 tribuantur,
1480 4535 1506 4585 et
1522 4546 1658 4598 congruens
1671 4533 1789 4584 orationis

175 4623 592 4688 praeheatetquemnonpreheat.
626 4625 667 4676 stc
681 4627 765 4677 autem
777 4625 812 4674 sit
825 4645 830 4674 ι
845 4623 960 4674 Inomni·
1004 4624 1151 4676 adhibeatur
1164 4623 1320 4688 compositio.

175 4711 234 4773 hus,
250 4725 266 4763 o
284 4725 355 4778 puer,
370 4713 472 4764 officum
492 4713 639 4778 principium
656 4714 687 4764 iis
698 4714 742 4778 qui
757 4715 819 4765 hena
833 4714 958 4765 consulere
1035 4717 1068 4765 il.
1088 4715 1174 4764 Sermo
1191 4713 1223 4764 ds
1245 4711 1341 4777 dialogo
1359 4712 1458 4772 dieitur,
1474 4712 1503 4762 ut
1516 4710 1547 4762 de
1567 4711 1666 4761 homine
1685 4709 1786 4760 animai

175 4801 274 4862 volunt,
288 4803 328 4852 est
342 4801 466 4866 cognitum
478 4801 583 4865 hahere,
597 4802 656 4866 quid
667 4803 729 4853 illud
742 4803 789 4865 sit,
805 4803 897 4867 dequo
911 4803 956 4854 de·
1003 4805 1086 4863 Quum
1096 4815 1156 4854 raro
1172 4815 1252 4853 εοιπιο
1266 4800 1328 4851 alius
1342 4801 1423 4852 animo
1437 4801 1584 4863 conocplus,
1597 4799 1659 4848 alius
1670 4797 1784 4846 anuntia-

174 4887 300 4952 liheratnr,
316 4891 435 4955 quidquid
446 4891 472 4941 id
492 4893 544 4953 est,
558 4891 598 4942 val
610 4891 635 4942 in
653 4906 683 4942 eo
696 4906 778 4944 errare
792 4895 955 4954 necesseest3
1002 4892 1068 4942 tirus
1086 4891 1132 4952 ait,
1155 4903 1197 4941 ore
1213 4889 1338 4955 prolatum
1358 4888 1537 4952 intelligemus,
1558 4889 1584 4935 et
1605 4882 1721 4947 quoniam
1741 4882 1784 4934 hic

173 4976 371 5042 plerosquevero
381 4980 457 5045 latet,
469 4993 496 5031 se
506 4981 655 5044 singularum
668 4995 751 5032 rerum
765 4985 878 5032 naturam
887 4981 957 5046 igno-
1001 4981 1092 5048 partim
1103 4979 1217 5031 continua
1237 4979 1347 5029 oratione
1359 4976 1481 5042 procedit,
1504 4975 1592 5040 partim
1609 4971 1743 5036 quastione
1758 4974 1784 5023 et

174 5078 239 5116 rare.
258 5065 384 5131 Tanquam
397 5069 472 5134 igitur
485 5069 590 5120 scientes
604 5069 630 5120 in
643 5069 827 5134 disceptationis
838 5069 957 5135 principio
1001 5069 1158 5134 responsum
1168 5069 1273 5129 constat,
1287 5065 1384 5130 proprie
1395 5062 1484 5127 dialogi
1498 5060 1559 5111 dunt
1572 5058 1744 5123 interrogando
1758 5063 1781 5110 et

173 5169 223 5205 non
237 5157 389 5208 constituunt
404 5158 430 5210 id
441 5158 472 5209 de
486 5173 536 5222 quo
547 5157 696 5224 disputaturi
710 5161 783 5220 sunt,
795 5158 956 5223 procedentes
1001 5157 1188 5220 respondendo,
1201 5155 1266 5205 unde
1281 5167 1363 5204 sermo
1380 5165 1411 5203 ex
1424 5149 1561 5215 questione
1582 5151 1607 5199 et
1625 5148 1783 5213 responsione

172 5255 234 5292 vero
245 5241 341 5305 justam
356 5245 426 5308 quasi
439 5259 539 5311 poenam
558 5246 671 5308 solvunt,
686 5249 715 5298 ut
729 5261 774 5298 nec
786 5247 833 5298 sibi
845 5259 889 5297 nec
904 5246 956 5296 aliis
1000 5249 1111 5298 conatus
1125 5245 1275 5310 perhibetur.
1308 5243 1390 5293 verbe
1402 5241 1433 5291 de
1445 5239 1521 5290 rebus
1536 5238 1656 5290 civilibus
1669 5239 1711 5290 vel
1719 5237 1780 5302 phi·

961 5338 1000 5397 ⁶23
