3958 5942
820 389 1072 456 FRAGMENTA.

139 512 243 591 σεαυτῷ
257 515 341 570 ταῦτα
357 512 529 594 συγγράφων,
543 514 618 574 καλά
636 515 674 594 μὴ
688 507 763 578 οἶσθα
778 520 918 600 διηγούμε-

138 619 192 664 νος.
234 601 259 659 Τ
261 597 270 658 ί
282 597 334 677 γάρ
350 600 451 678 μᾶλλον
464 601 582 682 ίνάτυχις
597 604 668 685 αὐτῷ
685 604 731 664 καί
747 606 916 687 διελίχθης,“

139 684 201 757 doh
216 685 366 768 διελίχθηςς
385 687 469 756 stet<
482 712 510 748 τε
525 691 620 760 ἐκεῖνος
637 695 651 750 ὁ
674 694 824 770 θαυμαστὸς
845 697 916 776 Πύῤ-

140 777 210 856 βων,
224 764 278 856 ἆρά
298 798 328 854 γι
341 775 399 854 ᾔδει
420 776 450 836 τὸ
465 778 509 836 διὰ
525 778 551 836 τί
566 779 668 858 βαδίζοι
683 781 770 842 Πύθια
785 783 916 861 θεασάμε-

138 859 232 940 νοςςῆ
254 861 372 945 καθάπερ
397 867 422 924 ol
444 865 591 943 μιμηνάτις
615 869 747 930 ίπλανᾶτο
773 869 843 929 κατὰ
866 872 914 943 τὴν

144 949 221 1024 ὁδόν,
244 948 343 1012 Ἦνίκα
362 949 390 1012 dl
413 951 510 1033 ἤρξατο
532 957 686 1038 κατηγορεῖν
708 959 760 1017 τῶν
775 957 916 1039 ἀνθρώπων

137 1039 245 1111 καὶτῆς
263 1039 367 1119 ἀγνοίας
387 1041 490 1116 αὐτῶν,
511 1031 564 1122 άρά
576 1065 606 1120 γι
627 1048 716 1124 φῶμεν
732 1045 810 1104 αὗτδν
829 1047 919 1118 alsus

139 1125 244 1207 λίγειν,
259 1127 277 1200 ἢ
294 1127 349 1205 μής
368 1118 437 1211 ’Ἆρά
455 1153 486 1208 γε
509 1130 555 1190 καί
575 1132 618 1192 τδν
634 1133 746 1210 Τίμωνα
764 1139 855 1195 παθεῖν
869 1159 911 1212 τι,

138 1215 184 1275 καί
199 1215 407 1294 συγκαταθίσθαι
424 1225 477 1284 τοῖς
490 1218 592 1297 λόγοις,
607 1219 625 1292 ἣ
648 1219 685 1298 pl,
706 1223 862 1302 προσάχιινς
881 1225 917 1282 Et

141 1301 188 1381 μὲν
201 1304 253 1384 γάρ
268 1306 315 1365 οὐκ
336 1304 458 1381 ίπείσθη,
486 1309 542 1374 πῶς
564 1305 621 1367 dcet
641 1317 765 1388 χοριυτοῢ
781 1309 918 1392 φιλόσοφος

138 1391 258 1469 ἐγίνετο,
273 1392 319 1452 καὶ
337 1391 381 1453 τδν
401 1393 534 1476 Πάρβωνα
557 1396 687 1457 διετέλεσε
701 1401 859 1476 θαυμάζων,
885 1402 917 1460 Εἰ

139 1479 169 1538 δὲ
180 1483 353 1559 συγκατέθετο
371 1485 425 1550 τοῖς
445 1483 607 1562 λιγομίνοις,
624 1488 720 1552 ἄτοπος
744 1485 775 1545 δν
795 1484 838 1560 είη
858 1511 914 1565 τις,

142 1565 220 1634 αὗτδς
235 1571 281 1642 μὲν
303 1571 462 1651 φιλοσοφῶν,
483 1575 551 1647 ἡμᾶς
567 1572 593 1631 δὲ
613 1573 731 1633 κωλύων.
773 1572 874 1644 Ἁπλῶς
889 1577 916 1634 δὲ

142 1655 278 1733 θαυμάσαι
293 1681 331 1724 τις
345 1657 394 1731 άν,
410 1660 434 1718 οἱ
460 1658 582 1736 Τίμωνος
607 1660 706 1735 σίλλοι,
731 1661 777 1721 καὶ
802 1665 830 1722 al
848 1663 917 1722 κατὰ

139 1743 246 1803 πάντων
266 1745 409 1826 ἀνθρώπων
431 1746 615 1828 βλασφημίαι,
631 1749 677 1808 καί
697 1749 724 1807 αῖ
740 1749 822 1808 κακαὶ
845 1773 916 1810 στοι-

138 1829 257 1911 χειῶσεις
273 1833 453 1911 Αίνησιδήμοο
465 1880 474 1912 ,
488 1837 533 1895 καῖ
548 1845 600 1904 πᾶς
613 1840 627 1896 θ
640 1841 754 1906 τοιοῦτος
770 1836 847 1918 ὄχλος
864 1843 915 1898 τῶν

137 1918 220 1998 λόγων
240 1920 267 1980 τί
296 1921 393 1994 δήποτε
417 1922 540 2003 βούλεται
562 1927 659 1992 αὐτοῖς.
724 1927 758 1987 El
787 1927 836 2002 μὲν
864 1927 914 2010 γίιρ

137 2007 249 2086 οίάμιιιοι
262 2011 393 2089 κρείττους
406 2016 477 2089 ἡμᾶς
492 2013 704 2094 ἀπεργάσεσθαι,
719 2019 803 2074 ταῦτα
818 2019 915 2096 γεγρά-

137 2119 219 2174 φασι,
239 2099 284 2156 καὶ
300 2097 344 2156 διά
358 2102 435 2158 τοῦτο
457 2103 558 2169 πάντας
581 2099 679 2160 οἴονται
703 2101 755 2159 δεῖν
776 2101 912 2183 ἐλέγχειν,

136 2184 206 2254 ὅπως
230 2185 394 2264 παυσώμεθα
419 2188 609 2268 φλυαροῦντες,
634 2189 773 2269 βούλονται
793 2190 933 2264 δηλονότι,

135 2271 184 2346 τὴν
195 2273 319 2347 ἀλάθειαν
331 2279 402 2354 ἡμᾶς
412 2275 521 2350 εἰδέναι,
531 2276 577 2336 καί
590 2277 744 2349 troiadem,
753 2273 792 2336 ὅτι
805 2283 914 2338 τοιαῦτα

134 2361 174 2436 εἴη
191 2362 224 2422 τά
238 2363 397 2443 πράγματα,
418 2363 537 2442 καθάπερ
562 2363 629 2432 ἀξιοῖ
655 2364 779 2446 Πθρβων.
831 2363 915 2426 Ὥστε

136 2457 160 2510 εί
173 2450 342 2526 πεισθείημεν
361 2451 456 2524 αὐτοῖς,
473 2451 503 2510 lx
517 2453 642 2532 χειρόνων
658 2453 774 2531 βελτίους
784 2450 816 2512 θν
830 2455 913 2531 perol·

137 2545 222 2614 μεθα,
236 2537 368 2619 κρίναντες
387 2541 421 2600 sd
438 2540 644 2621 συμφορώτερα,
666 2541 711 2600 καῖ
732 2538 791 2609 τοὺς
806 2540 914 2618 άμιινυν

132 2627 260 2707 λίγοντας
274 2627 474 2704 άπσδεξάμενοι.
518 2632 581 2696 Πῶς
593 2619 637 2688 οίίν
654 2628 695 2687 ἐπ’
710 2628 769 2701 ίσης
781 2629 909 2711 ἀδιάφορα

135 2724 169 2782 τά
186 2723 354 2803 πράγματα,
373 2724 418 2783 καί
440 2723 593 2804 άνιπίκριτα
607 2723 705 2783 δύναιτ’
719 2723 750 2783 du
765 2715 849 2798 τίνεις
867 2726 914 2784 καὶ

131 2955 183 2994 rem
195 2939 304 3008 presens
325 2945 473 3006 presentem
489 2944 544 3007 jure
564 2943 600 2994 sic
613 2943 743 3007 compellet
764 2945 846 3007 :quid
857 2944 909 3008 lpse

132 3032 176 3082 tibi
187 3033 263 3084 homo
275 3045 396 3096 nequam,
409 3032 527 3082 molestus
542 3043 582 3093 ss,
597 3031 655 3081 dum
667 3033 715 3082 ista
735 3031 823 3081 scribis
836 3046 913 3096 eoque

131 3132 323 3180 commemoras,
345 3133 401 3183 ιςιιιυ
416 3117 512 3170 nosch?
531 3119 581 3170 θυι
603 3119 668 3170 euim
689 3119 711 3169 ci
725 3119 868 3182 occurristi,
886 3123 912 3172 et

133 3223 178 3259 eur
202 3221 339 3260 sennonem
369 3221 426 3258 oum
449 3221 478 3258 eo
499 3207 625 3258 contulisti
645 3208 740 3272 potins,
763 3220 836 3272 συειιι
863 3222 912 3258 nou

132 3297 275 3349 contulisti?
285 3297 334 3348 sod
346 3295 457 3362 egregius
468 3295 508 3348 ille
518 3299 577 3347 tuus
587 3297 681 3359 Pyrrho
694 3295 785 3347 satisne
793 3310 912 3362 quorsum

130 3387 161 3438 ad
173 3386 261 3450 Pythia
272 3384 402 3450 spectanda
414 3387 524 3450 pergeret
546 3384 599 3448 ipse
610 3387 700 3436 uorat?
711 3399 743 3435 an
764 3384 911 3436 furiosorum

132 3484 198 3520 more
209 3471 235 3520 iu
246 3469 287 3521 ria
304 3473 396 3522 temere
410 3470 560 3534 vagabatur?
580 3470 649 3520 Idem
666 3483 726 3520 vero
739 3483 816 3532 quum
827 3469 853 3520 et
869 3468 911 3518 bo

130 3559 210 3608 mines
220 3559 247 3608 at
264 3557 389 3608 hominnm
403 3557 564 3622 ignorantiam
580 3570 696 3609 accusare
708 3557 797 3622 ooepit,
811 3557 911 3608 illumne

128 3659 190 3698 uera
202 3645 334 3710 predicare
352 3645 475 3710 dicemus,
500 3661 545 3698 uec
561 3652 609 3698 uo?
626 3633 702 3698 Porro
715 3646 843 3697 Timonem
855 3646 910 3709 eius

128 3733 240 3785 oratione
268 3737 418 3785 oommmum
448 3735 653 3786 contendamusue
682 3733 725 3785 isti
750 3733 911 3798 astipulatum

128 3835 197 3885 essa,
210 3836 242 3872 an
254 3835 340 3872 aurem
363 3836 411 3872 nou
429 3816 623 3887 praebuisset'si
640 3821 706 3872 enlm
725 3821 799 3872 tidem
818 3820 911 3871 bomini

129 3927 177 3964 uon
192 3911 291 3973 habuit,
306 3911 350 3977 qui
363 3913 463 3964 tandem
478 3911 558 3964 erasit
571 3927 586 3963 e
597 3912 714 3964 saltatore
726 3911 908 3976 philosophus,

128 4003 155 4054 et
165 4015 210 4052 cur
220 4002 374 4065 Pyrrhonem
386 4005 505 4066 perpetuo
517 4000 654 4052 admiratus
665 4005 725 4052 est?
749 3999 844 4060 Quodsi
857 3997 911 4063 ejus

127 4089 212 4140 verbis
222 4089 305 4140 album
322 4088 443 4142 calculum
455 4089 560 4154 adjacit,
571 4091 660 4156 ineptit
674 4089 796 4153 prolecto,
809 4087 852 4152 qul
866 4103 910 4139 nos

128 4180 189 4230 dum
214 4179 410 4245 philosophatur,
436 4177 602 4244 philosophari
626 4179 764 4242 probibeat.
806 4177 911 4228 omnino

128 4269 188 4332 quid
199 4267 235 4320 illi
245 4266 354 4319 Τὶιιιοιιίε
372 4265 421 4318 silli
433 4271 458 4319 et
472 4267 548 4332 jacta
559 4265 584 4316 in'
602 4266 745 4318 universum
765 4279 841 4330 penus
860 4265 909 4316 hu·

128 4369 229 4420 manrmq
255 4354 424 4418 contumeliae,
447 4357 473 4406 ct
490 4354 581 4406 tradita
600 4353 751 4404 AEncsidemi
773 4353 910 4418 perniciosa

126 4445 176 4496 ista
188 4444 341 4506 rudimenta,
358 4447 446 4496 ettotn
465 4443 649 4494 illarerbornm
669 4439 794 4506 conpertas
807 4441 855 4491 sibi
869 4455 910 4492 rc

127 4534 172 4596 lit,
188 4533 278 4585 mlrnm
288 4535 344 4596 inre
354 4534 459 4600 cuipiam
474 4534 597 4585 rideatur.
631 4535 657 4584 st
677 4531 843 4584 euimidcirco
856 4511 917 4584 bec

128 4621 292 4684 scripserunt,
307 4621 422 4684 quianos
436 4621 467 4672 ad
490 4622 584 4684 frugem
606 4619 752 4684 compellere
772 4631 844 4683 posse
861 4619 910 4670 sibi

128 4707 279 4767 rideantur,
292 4712 367 4772 atque
377 4723 407 4760 eo
427 4709 529 4760 oonsilio
540 4721 625 4759 omnes
637 4706 685 4758 sibi
696 4706 910 4772 reprehendendos

129 4797 229 4859 putant,
242 4799 271 4847 ut
282 4797 367 4861 συρτει
376 4797 475 4848 medem
487 4797 641 4857 desinamus,
653 4795 768 4846 nimirum
780 4795 909 4846 veritatem

128 4884 252 4946 cognitam
260 4897 306 4935 nos
315 4884 406 4936 habere
418 4885 599 4948 minuuntque
612 4885 768 4946 ετίειίτοειε,
781 4883 843 4934 tries
854 4895 909 4934 csse

127 4984 168 5023 res
177 5009 185 5035 ,
195 4972 281 5036 quales
292 4974 386 5037 Pyrrho
398 4974 531 5024 statuebat.
564 4975 650 5036 ltaque
660 4973 681 5024 si
691 4971 752 5036 ipsis
761 4971 907 5031 credamus,

126 5074 142 5112 ε
158 5061 324 5114 deterioribus
342 5062 457 5114 meliores
478 5063 624 5123 efficiamur,
647 5062 708 5112 dum
727 5063 754 5112 at
773 5061 863 5111 melius
877 5059 909 5110 de

1681 410 1737 476 2ss

964 528 1020 590 πῶς
1046 527 1249 604 άσυγκατάθιτοι
1269 529 1313 588 καὶ
1328 531 1465 600 ἅδάὶαστοι
1488 535 1614 612 γενοίμεθ’
1630 539 1677 612 άν;
1703 545 1740 602 itt

964 611 986 669 δ’
998 611 1070 672 οθδίν
1090 611 1181 692 ὄφελός
1200 617 1256 674 ἐστι
1270 618 1322 676 τῶν
1341 616 1443 696 λόγων,
1458 618 1484 678 τί
1499 624 1562 696 ἡμῖν
1575 627 1731 706 ἐνοχλοῦσιν,Ι

962 699 979 772 ἢ
994 701 1036 760 διά
1051 701 1077 762 τί
1090 701 1183 780 Τίμων
1199 703 1287 784 φησίν.
1305 703 1315 740 ¹

1024 851 1076 901 Οὔκ
1087 853 1115 902 ἀν
1125 853 1155 911 δὴ
1167 852 1278 919 Πύρβωνὶ
1290 853 1312 917 γ’
1326 854 1423 920 ἐρίσειεν
1439 858 1520 920 βροτὸς
1530 859 1610 917 ἄλλος.

962 984 1000 1042 ot
1015 981 1065 1063 γάρ
1089 986 1190 1061 μᾶλλον
1213 985 1350 1068 Πύρβωνα
1369 989 1503 1067 θαυμάσαι
1526 1015 1563 1058 τις
1584 993 1631 1066 άν,
1653 993 1671 1065 ἢ
1695 995 1736 1053 τὸν

964 1073 1082 1154 Κόρυὸον
1095 1081 1108 1118 ⁸
1128 1075 1243 1150 ἐκεῖνον,
1258 1073 1331 1147 ἥτῖιν
1344 1077 1486 1152 Μελιτίδην
1499 1126 1507 1154 ,
1521 1079 1535 1115 ¹¹
1548 1080 1575 1140 οἳ
1589 1080 1621 1154 δὴ
1636 1084 1733 1146 borota

963 1162 1050 1242 μωρία
1061 1163 1209 1242 διενεγκεῖν.
1223 1163 1408 1242 Ἐνθυμεῖσθαι
1419 1166 1507 1245 μέντοι
1519 1169 1571 1250 χρὴ
1585 1171 1629 1230 καὶ
1643 1178 1726 1231 ταῦτα

962 1248 1069 1318 Ὁποῐος
1082 1250 1135 1330 γάρ
1147 1250 1180 1310 dv
1192 1250 1292 1330 γίνοιτο
1308 1253 1430 1328 πολίτης,
1443 1255 1460 1328 ἢ
1476 1258 1619 1335 δικαστής,
1635 1259 1652 1332 ἣ
1666 1259 1735 1337 σύμ·

962 1336 1068 1414 doctor,
1093 1337 1111 1410 ἢ
1133 1338 1224 1421 φίλος,
1248 1339 1371 1412 italus<
1396 1345 1477 1403 εἰπεῖν
1504 1343 1685 1426 desperem
1709 1371 1738 1425 γε

962 1431 1092 1498 τοιοῦτος,
1111 1426 1130 1498 ἢ
1144 1425 1169 1485 τί
1183 1431 1236 1488 τῶν
1250 1434 1339 1489 κακῶν
1354 1433 1384 1490 οὐ
1399 1429 1554 1509 τολμήσειεν
1575 1435 1605 1492 ἂν
1628 1439 1642 1494 δ
1657 1436 1739 1511 μηδὲν
1789 1497 1796 1505 ,

965 1515 999 1579 ὡς
1014 1515 1117 1586 άληθῶς
1137 1516 1254 1592 οίόμινος
1267 1508 1333 1578 εἶναι
1354 1518 1491 1597 κακάν,άΙ
1511 1523 1637 1602 αἰσχρόν,
1661 1523 1740 1596 dd(—
1798 1512 1799 1526 ί

961 1622 1045 1673 καιον,
1058 1599 1076 1673 ἢ
1089 1601 1193 1683 άδικον;
1204 1605 1273 1665 Οὐδὲ
1286 1606 1336 1687 γάρ
1349 1609 1434 1668 ἐκεῖνο
1444 1607 1508 1688 φαίη
1520 1632 1557 1674 τις
1573 1609 1614 1682 dv,
1629 1609 1670 1669 δτι
1681 1610 1739 1676 τοὺς

961 1689 1054 1766 νόμους
1064 1691 1301 1774 δεδοίκασικριτάς,
1317 1698 1363 1756 καλ
1379 1697 1424 1764 τὰς
1434 1697 1560 1777 τιμωρίας
1576 1701 1599 1757 ol
1611 1703 1734 1760 τοιοῦτοι.

965 1780 1027 1844 Πῶς
1039 1777 1090 1857 γάρ
1106 1777 1132 1838 οἵ
1144 1801 1173 1858 γι
1188 1781 1297 1848 ἀπαθεῖς
1311 1783 1356 1841 καῖ
1372 1781 1516 1865 άτάραχοι,
1529 1785 1648 1865 καθάπερ
1661 1785 1735 1843 αὐτοί

962 1887 1056 1945 φασιν,
1070 1866 1160 1946 δντες;
1176 1865 1232 1947 δγί
1244 1892 1283 1930 τοι
1297 1869 1390 1947 Τίμων
1402 1870 1409 1908 ¹
1434 1879 1517 1932 ταῦτα
1532 1873 1577 1932 καὶ
1588 1874 1658 1953 λέγει
1672 1872 1731 1952 περί

948 1960 1005 2015 ’τοῦ
1018 1954 1167 2036 Πύρρωνος·

1022 2111 1071 2165 tut·
1086 2113 1157 2164 οῑονιι
1170 2116 1197 2166 τὸ
1211 2116 1298 2178 ἄτυφον
1309 2117 1368 2180 {preb
1379 2118 1430 2168 ttov
1442 2119 1480 2178 ἦθ’
1490 2121 1629 2183 ἀδάμαστον
1640 2123 1646 2160 ¹

1021 2190 1094 2235 πᾶσιν
1106 2187 1171 2243 boort
1187 2189 1322 2250 δαμνᾶτοιι,
1337 2188 1379 2252 dp'
1388 2189 1496 2254 ἀρρήτοις
1509 2209 1534 2240 τε
1547 2197 1626 2255 parci<
1638 2209 1663 2241 τε

1022 2257 1087 2304 λαῶν
1097 2256 1163 2306 ἔθνεα
1177 2264 1254 2320 κοῦφα
1269 2259 1407 2322 βαρυνόμεν’
1419 2261 1472 2309 ἔνθα
1482 2262 1521 2310 καὶ
1532 2261 1587 2310 ἔνθα

1021 2325 1047 2372 bt
1059 2327 1151 2375 παθέων
1165 2327 1232 2386 δόξης
1241 2345 1266 2376 τε
1279 2329 1319 2376 καὶ
1334 2327 1423 2388 εἰκαίας
1433 2331 1576 2393 νομοθήκης.

960 2462 1078 2527 Ὅπάταν
1096 2465 1184 2543 μίντοι
1208 2472 1276 2547 φῶσι
1292 2467 1321 2528 τὸ
1344 2469 1423 2548 σοφὸν
1448 2469 1480 2540 δὴ
1495 2474 1589 2544 τοῦτο,
1615 2471 1654 2530 δτι
1677 2471 1731 2532 tto

963 2555 1206 2613 κατακολουθοῦντα
1229 2554 1305 2635 φάσει
1329 2557 1374 2616 καί
1388 2565 1442 2624 τοῖς
1467 2557 1534 2618 ἔθεσι
1550 2563 1613 2632 ζῆν,
1638 2555 1731 2636 μηδενὶ

963 2640 1051 2716 μέντοι
1066 2643 1316 2719 συγκατατίθεσθαι,
1335 2644 1404 2706 πάνυ
1414 2647 1481 2713 τινάς
1495 2647 1558 2705 εἰσιν
1571 2646 1681 2719 εὐήθεις.
1699 2651 1732 2710 El

961 2727 1012 2807 γάρ
1027 2731 1120 2807 μηδενί
1141 2732 1231 2813 ἄλλῳ,
1249 2733 1333 2814 τούτῳ
1346 2741 1407 2813 γοῦν
1430 2739 1500 2815 αὐτῷ
1515 2735 1568 2795 δῖοι
1583 2735 1614 2796 εῖν
1636 2761 1736 2813 συγκυ,

1311 2878 1724 2895 -.....-........-..-.,

956 2949 983 2998 et
1001 2947 1132 3012 injudicata
1146 2963 1199 3000 csse
1216 2956 1324 3014 queant?
1346 2956 1390 3002 aut
1409 2953 1531 3015 quomodo
1552 2953 1588 3002 ita
1610 2965 1655 3002 uos
1669 2965 1738 3014 pera·

956 3049 1028 3098 mus,
1039 3039 1067 3087 ut
1076 3038 1166 3087 nemini
1175 3038 1346 3102 assentiamur,
1359 3053 1438 3104 neque
1446 3039 1579 3104 quidquam
1591 3041 1735 3104 opinemur?

958 3128 988 3174 lt
1001 3138 1058 3174 vero
1068 3126 1090 3176 sl
1103 3125 1162 3176 ultril
1184 3131 1285 3190 prosunt
1299 3127 1354 3178 istm
1374 3127 1566 3194 disputationes,
1584 3143 1628 3180 cur
1639 3129 1737 3180 molesti

956 3213 1025 3264 nobis
1039 3216 1115 3266 sunt?
1129 3218 1173 3265 aut
1185 3216 1346 3279 quamobrem
1358 3217 1447 3268 Timon
1457 3219 1509 3269 εἰει

1010 3340 1070 3384 (lurra
1081 3339 1202 3395 Pyrrhone
1217 3340 1342 3386 lominum
1350 3343 1424 3398 possit
1434 3343 1573 3388 εοιιιειειίενε
1584 3355 1660 3388 ιιεαιο.

954 3453 1004 3502 Νεε
1014 3453 1080 3502 enim
1092 3467 1172 3505 causae
1186 3455 1320 3518 quidquam
1333 3457 1419 3519 linarii,
1436 3471 1481 3507 cur
1494 3457 1645 3521 Pyrrhonem
1653 3457 1750 3522 potius·

955 3539 1110 3602 adruiramnr,
1136 3557 1211 3606 quam
1223 3545 1267 3594 aut
1289 3545 1412 3609 Gorybum
1434 3545 1502 3596 illum
1522 3547 1566 3596 aut
1583 3546 1734 3608 Melittdem,

955 3627 997 3692 qui
1010 3629 1115 3682 stultitia
1128 3631 1243 3682 ridentur
1254 3631 1406 3684 inclaruisse.
1421 3632 1469 3683 Sed
1477 3632 1537 3684 illud
1551 3647 1657 3699 quoque,
1670 3635 1734 3698 quod

954 3717 1043 3780 dicam,
1066 3718 1270 3771 considerandum
1281 3723 1328 3771 est.
1382 3723 1445 3770 Nam
1459 3720 1503 3783 qul
1524 3721 1580 3770 talis
1594 3722 1635 3778 sit,
1652 3721 1733 3782 qunlls

954 3805 1009 3868 ille,
1021 3819 1121 3869 quaeso,
1135 3807 1209 3868 ciris,
1225 3811 1267 3859 aut
1278 3808 1370 3872 iudex,
1383 3812 1427 3857 aut
1444 3807 1606 3867 consiliarius,
1624 3810 1665 3856 aut
1675 3807 1734 3856 ami·

954 3907 1017 3956 cus,
1033 3899 1077 3944 aut
1089 3895 1196 3958 denique
1215 3895 1289 3946 bomo
1310 3896 1410 3946 iuturus
1421 3898 1478 3945 est?
1496 3893 1535 3944 vel
1555 3907 1613 3956 quae
1629 3893 1732 3945 lactnora

954 3995 1002 4032 non
1017 3981 1119 4032 audebit
1131 3983 1172 4046 qui
1192 3982 1253 4032 nihil
1271 3996 1328 4032 vere
1340 3982 1470 4033 honestum
1484 3983 1528 4032 aut
1540 3983 1628 4046 turpe,
1642 3981 1684 4045 qui
1695 3981 1732 4044 jn-

954 4072 1020 4121 stum
1033 4083 1089 4121 ease
1106 4069 1166 4120 nihil
1189 4073 1233 4120 aut
1255 4070 1374 4134 injustum
1397 4068 1556 4134 opinabitur?
1575 4069 1733 4135 Nequeenlm

954 4156 1083 4221 quisquam
1104 4155 1276 4218 affirmaverit,
1307 4155 1374 4208 istud
1397 4156 1524 4208 hominum
1548 4170 1625 4221 genus
1653 4157 1733 4222 legum

953 4245 1126 4296 auctoritatam
1136 4249 1162 4297 et
1178 4259 1265 4310 pesnas
1284 4246 1450 4297 extimescere.
1484 4246 1613 4304 Quomodo
1630 4245 1695 4297 enlm
1709 4247 1732 4297 iu

953 4347 996 4386 eos
1008 4337 1090 4386 motus
1105 4335 1194 4397 cadat,
1209 4333 1289 4398 quise
1309 4333 1340 4385 ab
1360 4334 1426 4386 omni
1444 4335 1525 4386 ,animi
1549 4333 1732 4400 perturbatione
1829 4399 1834 4410 .

953 4437 1045 4476 vacuos
1061 4425 1088 4476 et
1104 4424 1239 4489 intrepidos
1251 4423 1402 4488 praedicant?
1416 4425 1478 4475 Nun
1489 4423 1520 4474 de
1539 4423 1664 4488 Pyrrhone
1682 4421 1733 4486 qui-

952 4514 1009 4573 tlem
1021 4513 1075 4566 θιωο
1083 4515 1150 4566 canit
1162 4514 1249 4566 'liruon
1265 4533 1271 4564 r

1006 4639 1045 4684 aed
1052 4639 1147 4696 quolam
1156 4652 1199 4695 epo
1209 4639 1258 4684 nidi
1269 4639 1398 4682 modestum
1407 4637 1596 4692 indomitumque

1006 4709 1115 4754 omnibus
1129 4708 1254 4765 a'iaqut'bns
1269 4707 1405 4759 domantur,
1421 4707 1497 4751 εάιιιαί
1506 4707 1611 4752 monodia
1620 4710 1642 4750 et
1655 4707 1730 4750 diceu-

1006 4779 1065 4823 leuea
1076 4779 1198 4822 Ιιοιιιῐιιειιιι
1207 4777 1314 4823 ιιοιὶοιιεε
1322 4776 1418 4834 nqitntoe
1425 4777 1490 4822 ultro
1500 4777 1603 4832 citroque
1674 4775 1732 4832 [διἐ,

1006 4849 1213 4903 commotionibus,
1225 4849 1303 4904 ptorr'c
1316 4851 1339 4892 et
1352 4851 1435 4892 ιειιιειε
1448 4847 1541 4904 scripti-r
1553 4845 1651 4902 lapibus.

953 4969 1035 5024 Quum
1044 4970 1128 5017 autem
1137 4965 1283 5030 portuum
1295 4962 1356 5015 illud
1364 4965 1489 5028 sapientia
1502 4964 1650 5028 preceptum
1662 4961 1729 5023 dant,

952 5057 1042 5109 debere
1055 5067 1255 5120 unumquenque
1265 5058 1379 5104 nostrum
1398 5056 1495 5103 natura
1505 5055 1531 5102 et
1545 5050 1657 5102 moribus
1671 5065 1726 5102 cou·

127 5149 202 5200 rebus
209 5149 271 5215 ipsis
282 5149 447 5214 iudicabimus
462 5155 489 5202 et
505 5151 603 5202 saniora
624 5151 753 5215 torquentes
768 5147 905 5200 audiemus.
952 5144 1076 5196 radianter
1087 5144 1211 5198 urentem
1221 5141 1311 5193 nemini
1322 5139 1463 5204 astipulari,
1472 5137 1617 5190 stubissime
1629 5137 1728 5189 iaciunt.

128 5241 191 5298 Quas
201 5251 281 5304 quun
293 5239 328 5293 tta
339 5239 389 5294 sint
395 5275 405 5304 ,
413 5239 456 5306 qui
467 5239 569 5293 undem
583 5237 667 5292 onmia
683 5249 754 5304 aque
767 5235 908 5302 promiscua
953 5235 1014 5282 Nam
1022 5235 1050 5283 ut
1062 5231 1158 5284 catenis
1167 5228 1281 5282 omuibus
1292 5241 1341 5280 non
1350 5226 1474 5291 credatur,
1484 5225 1544 5280 holo
1552 5229 1635 5279 umen
1644 5238 1717 5278 neces

1601 5323 1636 5370 ll.
