3934 5956
61 3243 177 3264 „av-x„-

250 368 312 429 290
585 437 588 444 ,
755 377 907 442 EUDllltss
928 379 1064 446 RHODll
1086 385 1353 451 PElthh'l'E'l'lCl

246 499 302 558 hus
326 500 397 560 meis
416 513 507 604 curat.
527 502 709 584 Quamquam
733 522 777 568 est
797 511 858 586 jam
882 514 1025 594 praecipiti
1074 517 1120 584 δας
1134 519 1160 576 ἐν
1175 527 1228 586 τοῖς
1238 519 1333 600 φόνοις,
1341 510 1384 582 οἷα
1394 519 1463 588 stete
1472 519 1571 601 ήλγουν
1581 520 1627 582 καλ
1640 521 1684 582 hd
1697 521 1747 596 τήν
1761 525 1852 604 ἄρκτον

246 607 309 688 aevo
324 601 352 646 et
363 591 483 690 occidua
495 607 639 652 senectute
661 607 792 674 :tamem
802 601 828 658 si
841 599 970 676 videtur,
980 622 1028 662 ac·
1073 605 1151 672 ίεντο.
1194 606 1229 670 Ἣ
1242 609 1276 685 ᾗδὲ
1293 609 1401 670 δαίσατο
1415 609 1452 679 είς
1466 634 1492 670 τι
1514 603 1653 691 δίνδρονή
1675 613 1766 673 ποδῶν
1789 607 1851 696 εἶχεν

247 687 337 752 orprat
364 677 527 736 doctrinam
560 701 653 740 seram
680 687 766 762 plane
792 701 820 746 et
851 703 1025 766 postumam.
1073 694 1359 778 ἀνίθεικαλκαθῆστο,
1378 696 1582 770 τλνίπιθουλήν
1597 697 1680 773 sisti
1694 699 1852 762 ἐκείνωνέκ-

245 760 334 839 Legat
347 777 477 866 veterum
493 767 737 848 philosophorum
754 791 950 852 monumenta,
968 793 1043 838 tan·v
1071 783 1158 842 κλῖναι
1173 785 1337 866 πειρωμένη.
1378 785 1426 854 Ὡς
1446 786 1473 847 δί
1500 788 1622 868 ἐδόκουν,
1647 787 1723 848 ἕνεκα
1746 795 1795 849 τοῦ
1819 816 1853 864 πη

244 849 357 952 demut
375 855 535 933 intelligat,
552 877 612 916 non
626 879 671 919 me
692 862 818 940 primum
834 865 896 924 haec
923 877 1024 946 requi·
1070 871 1293 952 τιμωρήσασθαι·
1317 874 1360 934 τόν
1378 877 1501 954 λυμεῶνα
1521 874 1595 948 ήκειν
1618 877 1703 955 δεῦρο,
1717 879 1853 951 essentne.

244 959 326 1015 sisse,
340 943 390 1000 sed
401 942 462 1021 jam
475 945 590 1024 pridem
603 949 729 1026 majores
741 972 831 1031 meos,
843 958 1025 1016 Aristotelem
1072 955 1120 1034 μίν
1135 959 1226 1022 λίαινα
1238 963 1268 1022 ού
1281 961 1417 1034 λείπειν-ῆν
1430 963 1628 1042 φυλακήν,οἰλλ’
1638 963 1735 1046 ύτδτῷ
1748 967 1855 1050 πρέμνα,

243 1029 352 1090 diceet
368 1032 603 1112 Theophrastum
617 1051 647 1096 et
661 1043 817 1101 Eudemum
832 1057 861 1104 et
875 1045 1022 1122 Lyconem
1070 1051 1187 1119 καθῆστο
1204 1053 1341 1130 ἐλλοχῶσα
1356 1050 1402 1112 καί
1416 1050 1529 1134 ύφαιμον
1553 1051 1609 1112 ἀνω
1630 1052 1777 1131 βλέπουσα.
1821 1057 1855 1118 ‘o

243 1131 420 1198 caeterosque
436 1123 567 1184 Platonis
586 1125 714 1187 minores
733 1149 739 1186 :
756 1131 809 1208 qui
830 1133 974 1210 plurimos
989 1136 1025 1194 li·
1071 1133 1098 1192 δλ
1112 1134 1192 1210 λίων,
1212 1127 1255 1196 οἵα
1269 1140 1405 1217 ἀδημονῶν
1421 1140 1468 1199 καί
1488 1137 1574 1200 ἀλύων
1590 1141 1642 1200 ose
1655 1146 1704 1200 πού
1728 1143 1810 1222 ἀχους
1821 1148 1855 1213 ὣς

242 1207 312 1268 bros
326 1209 363 1267 de
381 1211 480 1286 genitu
506 1214 677 1274 animalium
705 1217 801 1296 deque
823 1221 904 1280 victu
929 1222 1024 1300 deque
1070 1224 1214 1305 ἄνθρωπος,
1230 1217 1286 1286 εἶτα
1299 1229 1387 1294 ἐντοῖς
1400 1227 1485 1308 ὄρεσιν
1500 1229 1600 1300 ήλθϊτοΒ
1612 1227 1659 1288 καὶ
1674 1229 1751 1309 ἀνδρὶ
1763 1234 1854 1314 ὑλουρ-

241 1299 392 1378 partioulis
418 1301 512 1380 deque
532 1306 612 1364 omni
640 1305 807 1368 differentia
829 1311 1022 1389 reliquerunt.
1070 1317 1109 1394 γῷ
1124 1315 1320 1395 περιτυγχάνει.
1365 1313 1400 1376 Ὁ
1410 1316 1438 1375 δὲ
1454 1316 1537 1376 ίδεισε
1550 1317 1596 1376 καὶ
1608 1316 1704 1398 ἀφίησι
1718 1319 1855 1380 reses

241 1387 329 1466 Bene,
346 1389 426 1466 quod
443 1391 521 1468 apud
536 1405 575 1467 te,
592 1391 725 1468 Maxime,
741 1417 828 1458 causa
845 1400 952 1475 agitur,
971 1399 1023 1476 qui
1069 1423 1126 1464 κον.
1171 1405 1211 1466 Τὸ
1224 1404 1252 1462 θλ
1266 1403 1353 1486 θηρίον
1369 1409 1383 1465 θ
1401 1405 1468 1466 λε’ων
1480 1405 1566 1466 ίααινί
1579 1430 1607 1465 ιε
1620 1407 1667 1466 καί
1683 1409 1781 1468 ἑαυτὸν
1795 1413 1855 1470 ἀνα-

240 1497 296 1556 pro
320 1491 368 1536 tua
387 1479 549 1539 eruditione
579 1481 673 1557 legisti
695 1487 827 1563 prolecto
857 1487 1025 1548 Aristotelis
1069 1493 1155 1558 τείνας
1166 1492 1308 1564 ἠσπάζετο,
1321 1484 1417 1560 ὡςοίός
1426 1513 1455 1550 τε
1464 1485 1507 1564 ήν,
1520 1490 1724 1572 καίτῇχλιύττη
1734 1495 1851 1576 τδαρόα·

240 1566 300 1646 περί
315 1566 389 1648 ζῴοιν
399 1567 533 1645 γενέσεως,
543 1569 603 1650 περί
618 1569 691 1650 ζῴων
708 1573 852 1652 ἀνατομῆς,
870 1574 930 1655 περί
951 1573 1023 1656 ζῴων
1071 1601 1142 1636 ωπον
1157 1579 1307 1658 ίφαίδρυνεν
1329 1583 1408 1658 αύτῷ·
1433 1580 1478 1640 κοιλ
1499 1581 1595 1649 ίκεῖνος
1615 1582 1854 1660 ἐπεθοίρσησαν·“ύ
1960 1625 1961 1650 ι

239 1655 355 1735 ἱστορίας
366 1656 1025 1744 multijugavolumina‚praetereaproblemata
1069 1687 1097 1724 τι
1119 1662 1189 1724 λίων
1206 1663 1357 1744 περιόαλύν
1386 1665 1410 1724 οἱ
1424 1664 1471 1736 τὴν
1496 1663 1576 1744 ούράν
1601 1657 1665 1744 ήγτν
1689 1666 1781 1741 αὐτόν,
1806 1669 1851 1726 καλ
1960 1681 1961 1724 ι

240 1743 396 1802 innumera
413 1745 542 1819 ejusdem
557 1790 566 1818 ‚
582 1760 642 1805 tum
668 1767 705 1806 ex
721 1751 822 1808 eadem
845 1767 923 1812 secta
937 1764 1023 1811 caete-
1070 1753 1178 1834 ἀφιέντα
1196 1753 1240 1812 τὸν
1253 1751 1365 1813 πίλεκυν
1381 1757 1429 1812 οὐκ
1443 1750 1501 1830 τίοι,
1518 1752 1577 1812 ἀλλ’
1595 1752 1722 1831 ἐσήμαινε
1736 1763 1776 1834 τῷ
1790 1756 1854 1814 sccii
1960 1767 1961 1772 ’

239 1850 352 1902 rorum,
366 1833 398 1890 in
412 1832 521 1908 quibus
536 1833 565 1891 id
582 1855 674 1911 genus
691 1837 772 1896 varia
786 1852 961 1900 tractantur.
1070 1841 1218 1902 eiecticiae.
1262 1840 1355 1908 Ὣςδὲ
1378 1839 1769 1922 οὗσυνίει,όδο“τῷστόματι
1787 1843 1855 1902 ἐλού-
1960 1893 1961 1896 ,

280 1919 442 1998 (Apulejus
454 1921 490 1979 de
505 1923 601 1998 magia
612 1937 688 1984 orat.
706 1946 771 2006 cap.
787 1929 851 2006 36.)
1070 1929 1131 1989 ἀετο
1144 1930 1190 1990 καί
1206 1928 1301 2010 ι’ίνμιξέν
1316 1932 1351 2004 οἱ,
1367 1930 1413 1989 καί
1432 1928 1519 1988 είπετο
1534 1929 1639 2003 ἐκεῖνος,
1655 1927 1709 2007 ἀχει
1721 1952 1750 1986 τε
1766 1929 1855 1987 ericiis

279 2025 329 2068 tao.
346 2009 381 2067 Oi
395 2010 540 2076 πελεκθνες
555 2013 581 2070 ίν
597 2020 650 2079 τοῖς
671 2019 801 2092 ποταμοῖς
824 2016 926 2096 κόγχας
946 2039 1021 2096 περι·
1068 2016 1263 2078 ἐπλτίιοιύλιον.
1305 2017 1360 2080 Καί
1374 2016 1494 2090 ἡλίαινα
1507 2009 1572 2092 εἶδε,
1593 2015 1639 2076 καί
1654 2015 1722 2088 σύν-λ,
1735 2019 1853 2095 προσελ·

237 2095 371 2178 χαίνονπες
386 2087 443 2154 είτα
457 2097 655 2158 καταπίνουσιν.
698 2100 794 2162 Ἔνδον
808 2103 836 2162 δὲ
847 2104 893 2163 καί
905 2106 931 2162 ἐν
943 2107 1021 2182 μυχῷ
1068 2112 1147 2167 dehoc
1161 2105 1334 2184 ἀπεσήμαινε,
1347 2104 1393 2164 καί
1420 2103 1491 2186 ἐώρα
1508 2103 1620 2184 οίκτρόν,
1644 2104 1689 2162 κοιλ
1706 2102 1854 2164 &vitlem

238 2191 284 2259 τῆς
292 2184 605 2268 γαστρύςύποθάλψαντες
616 2193 759 2267 despect-⁸
770 2192 815 2252 καί
824 2192 857 2252 cd
868 2193 915 2270 μίν
928 2191 1023 2272 ecept-
1067 2197 1104 2262 είς
1117 2194 1165 2266 τήν
1177 2195 1284 2275 ἄρκτον.
1328 2191 1445 2256 Συνιδὼν
1458 2183 1501 2252 odo
1512 2195 1526 2250 t
1539 2192 1673 2272 ἄνθρωπος
1685 2192 1733 2252 καί
1745 2193 1853 2270 συμύα-

237 2299 283 2336 κια
298 2279 327 2336 itt
349 2279 396 2346 τῆς
417 2274 496 2342 ἀλέας
515 2275 602 2350 διίστη
623 2281 756 2361 ὡσπεροῦν
771 2287 822 2343 τῶν
834 2285 931 2365 ἑφθῶν·
946 2286 970 2341 ol
994 2276 1021 2337 δί
1069 2283 1122 2344 tho
1137 2283 1278 2355 ἠδικῆσθαί
1291 2307 1318 2342 τι
1329 2283 1435 2350 τούτους
1446 2281 1472 2352 ἐξ
1487 2279 1594 2354 ἐκείνης,
1606 2283 1641 2346 ὡς
1651 2271 1708 2360 εἶχε
1724 2281 1816 2362 ῥώμης
1827 2305 1853 2340 τε

237 2365 401 2446 ίξορύττουαι
416 2365 450 2424 τὰ
464 2365 529 2446 κρέα
554 2367 599 2426 κοιλ
619 2367 708 2448 ἔχουσι
725 2371 839 2433 διῐπνον.
883 2372 938 2434 Καί
956 2368 1022 2450 με’ν·
1067 2369 1497 2452 καλχειρῶνέξόκοψιτὸδένδρον.
1541 2367 1631 2431 Καλτδ
1641 2368 1689 2446 μὲν
1702 2369 1851 2450 ἀνετράπη,

235 2477 276 2514 τοι
288 2454 333 2513 καί
347 2455 371 2513 σί
382 2453 468 2534 λάροι,
485 2456 520 2521 ee
536 2453 657 2532 Εύδημός
672 2481 754 2540 φησι,
768 2460 827 2529 τούς
843 2461 952 2541 κοχλίας
973 2489 1020 2542 μς.
1068 2461 1124 2533 eet
1139 2459 1298 2540 κατηνέχθη,
1313 2459 1358 2518 καί
1371 2457 1546 2518 διεσπάσαντο
1563 2459 1587 2516 ol
1602 2461 1679 2535 θῆρες
1692 2456 1795 2530 αὐτήν·
1811 2459 1853 2518 τόν

236 2543 400 2622 τεωρίζοντες
413 2543 458 2601 καί
473 2547 538 2624 ὑψοῦ
555 2543 671 2624 αἴροντες
685 2556 742 2616 ταῖς
756 2547 865 2630 πέτραις
881 2551 1020 2630 βιαιότατα
1068 2573 1097 2610 τε
1113 2549 1251 2630 ἄνθρωπον
1265 2553 1278 2609 ό
1292 2547 1359 2608 λε’ων
1372 2549 1460 2620 ἀπαθῆ
1470 2571 1499 2606 τε
1511 2547 1556 2608 καί
1567 2549 1645 2619 ἀσινῆ
1657 2546 1740 2607 πόλιν
1758 2547 1855 2618 ἔπαινοί,-

236 2631 474 2712 πμοσαράττουσιν.
1067 2661 1146 2719 γαγαν
1157 2640 1193 2706 είς
1207 2638 1251 2698 τὸν
1265 2640 1361 2719 χῶρον,
1377 2627 1406 2695 ού
1422 2635 1547 2716 πρότερον
1567 2637 1688 2715 ἐνέτυχεν
1703 2637 1790 2716 αύτῷ,
1809 2635 1855 2695 καί

276 2720 425 2798 (AElianus
448 2721 485 2780 de
500 2723 671 2782 animalium
692 2736 796 2784 natura
810 2725 864 2788 lib.
883 2725 935 2802 lll,
953 2749 1018 2809 cap.
1068 2727 1188 2786 ἀπέδωκε
1201 2731 1233 2807 τῇ
1249 2726 1274 2795 ἐξ
1290 2729 1375 2808 ἀρχῆς
1389 2723 1528 2806 ύλοτομίφ.

239 2828 288 2868 ao.
311 2809 379 2888 Περὶ
393 2807 541 2868 πελεκόνων
552 2810 703 2890 καὶλύρων.
714 2812 842 2892 Scripsi:
858 2823 870 2850 ⁸
885 2819 1017 2896 ἀνιρῶσι]
1106 2815 1256 2893 (llllianus
1270 2815 1307 2874 de
1327 2815 1498 2874 animalium
1513 2825 1617 2874 natura
1638 2812 1692 2872 lib.
1709 2813 1766 2887 lll,
1787 2833 1852 2892 cap.

238 2895 322 2956 codd.
337 2899 484 2973 ἀνιμούαιν.
504 2896 569 2944 -ί
583 2900 813 2982 προααράττουσι]
832 2903 916 2965 codd.
932 2927 1019 2984 προσ·
1068 2927 1103 2964 αι
1122 2903 1183 2984 περί
1202 2903 1305 2971 λέοντος
1326 2904 1372 2962 καί
1384 2903 1480 2983 ἀρκτου
1495 2900 1541 2962 κοιλ
1559 2904 1697 2982 ύλουργοῗι.
1713 2901 1852 2980 Scripsi:

236 2984 427 3066 eipennoni.)
1065 2992 1211 3066 ’ίδόκουν,
1238 2991 1314 3051 ίνικα
1337 2995 1383 3050 τοῦ
1399 3015 1437 3065 πη
1454 2987 1670 3071 τιμωρήσασθαι]
1690 2990 1779 3049 codd.
1795 2990 1853 3049 ἀδό-

276 3072 416 3152 ιαι.Λίγει
440 3072 564 3152 Εὔδημος
578 3077 605 3135 ίν
624 3077 758 3160 Παγγαίῳ
778 3080 817 3160 τῷ
832 3079 944 3161 Θρακίιρ
958 3082 1017 3141 κοί·
1065 3087 1234 3153 κουντοῦπη
1254 3080 1467 3159 τιμωρήσασθαι.
1493 3079 1551 3126 —¹’
1567 3075 1669 3156 ἠλᾶτο]
1685 3099 1754 3136 curn
1778 3077 1853 3136 Ges·

232 3185 268 3243 αη
277 3160 380 3229 λέοντος
390 3161 481 3242 ἐρήμῳ
494 3166 613 3243 φυλακῆς
625 3167 775 3227 ἐπιστᾶσαν
786 3165 880 3246 ἀρκτοι
889 3169 1020 3246 σκύμνους
1066 3189 1158 3244 nero;
1178 3168 1261 3228 codd.
1275 3167 1384 3240 ήλοιντο.
1407 3195 1474 3226 -ο
1489 3165 1687 3247 ἀπεθάρσησαν]
1702 3167 1777 3225 libri
1789 3166 1856 3224 tes-

203 3255 221 3264 ’“
235 3253 281 3310 τοῦ
295 3247 398 3317 λίοντος
417 3251 563 3330 διαφθεῖραι
578 3251 622 3312 διά
643 3254 673 3312 cd
700 3245 887 3334 μικρούςεῖναι
914 3254 953 3315 ἔτι
971 3259 1017 3317 καί
1065 3258 1205 3338 θάρσησον.
1222 3255 1288 3303 -θ
1305 3255 1369 3335 tte]
1385 3253 1606 3335 libriddl.-)

236 3337 335 3416 ἀμῦναί
349 3361 438 3419 σφισιν
451 3339 601 3409 ἀδυνάτους.
647 3341 724 3404 Ἐπεί
742 3343 769 3402 δὲ
785 3344 801 3400 ἀ
824 3342 894 3403 ίκετο
904 3343 936 3404 ἔκ
952 3369 1019 3414 τινος
1107 3366 1156 3409 ιιι.
1170 3345 1248 3424 Λέγει
1262 3344 1387 3423 Εὔδημος
1395 3343 1478 3404 ίππου
1494 3343 1555 3412 νίας
1568 3341 1679 3404 καὶτῶν
1696 3342 1857 3421 νεμομένων

237 3427 318 3506 ἀγρας
333 3429 349 3486 ό
358 3449 386 3484 τε
401 3426 489 3508 πατήρ
504 3426 580 3504 καλή
600 3429 711 3511 μήτηρ,
727 3430 774 3491 καί
786 3366 853 3492 cidon
874 3432 933 3502 τοὺς
953 3438 1018 3494 παῖ·
1065 3438 1112 3506 τῆς
1130 3433 1237 3516 ἀρίστης
1249 3436 1390 3512 ἐρασθῆναι
1405 3431 1449 3492 τὸν
1468 3432 1629 3511 ἱπποκόμον,
1644 3433 1783 3514 ὣσπεροῗιν
1798 3455 1855 3491 κα·

236 3649 362 3710 AEmilius‚
374 3649 492 3715 quoniam
507 3665 586 3716 usque
598 3651 660 3702 adeo
671 3651 747 3704 rebus
758 3653 821 3704 meis
830 3657 910 3705 curat.
926 3657 1021 3724 Quam-
1065 3655 1199 3709 esculenta.
1211 3656 1278 3714 Quin
1293 3655 1369 3706 etiem
1386 3655 1481 3719 gano,
1497 3657 1526 3705 ut
1537 3652 1664 3704 Eudemus
1682 3651 1783 3711 scribit,
1806 3665 1856 3702 sa-

237 3753 313 3806 quarn
326 3741 365 3792 est
381 3740 433 3804 jam
449 3740 571 3806 precipiti
583 3754 637 3793 evo
655 3744 680 3792 et
693 3741 796 3793 occidue
810 3746 937 3796 senectute
958 3762 964 3794 :
980 3747 1018 3796 ta-
1065 3743 1153 3795 blimes
1164 3743 1277 3794 cochleas
1288 3743 1396 3807 rapiunt,
1406 3745 1482 3807 atque
1491 3741 1523 3792 alr
1534 3741 1586 3792 alto
1595 3739 1707 3806 dejectas
1721 3739 1859 3792 violentis·

235 3843 305 3891 men,
328 3830 350 3881 ai
372 3829 479 3890 videtur,
502 3830 607 3895 accipiat
634 3830 772 3883 doctrinam
796 3845 876 3884 seram
894 3833 966 3899 plane
995 3838 1022 3886 et
1066 3832 1128 3882 sime
1141 3831 1173 3882 sd
1188 3845 1249 3882 saxa
1263 3831 1378 3883 allidunt.
1397 3833 1452 3891 Quo
1465 3830 1508 3893 tit,
1528 3831 1558 3881 ut
1571 3828 1674 3880 remotis
1691 3827 1765 3880 testis
1778 3840 1859 3878 σεσυ-

234 3921 384 3982 postumam.
402 3920 477 3983 Legat
491 3921 605 3970 veterum
624 3919 829 3985 philosophorum
846 3925 1019 3983 monumenta,
1065 3919 1239 3982 lentaeligant.

236 4006 336 4056 tandem
360 4010 388 4056 ut
404 4005 539 4072 intelligat,
554 4023 602 4059 non
615 4023 656 4061 me
677 4010 786 4075 primum
804 4011 860 4063 hec
873 4012 1019 4077 requisisse,
1097 4014 1149 4060 121.
1167 4011 1196 4059 in
1210 4011 1329 4072 Pangaeo,
1341 4007 1453 4058 Thraciss
1461 4008 1557 4066 monte,
1572 4005 1702 4058 Eudemus
1714 4005 1858 4056 eitonam

236 4094 281 4145 sed
305 4095 355 4158 iam
381 4095 478 4159 pridem
503 4099 609 4162 majores
628 4112 709 4159 meos.
731 4099 890 4152 Aristotelem
919 4100 1022 4152 diceet
1065 4093 1698 4172 leoniscuhiliadelensorihusrecuoadstautu,
1717 4093 1794 4157 hujus
1811 4105 1860 4143 σι-

235 4183 433 4247 theophrastum
457 4188 482 4234 et
501 4186 651 4238 Eudemum
675 4190 702 4240 et
723 4189 845 4253 Lyconem
867 4191 1021 4254 ceterosque
1065 4185 1131 4237 tulos
1148 4185 1193 4251 qui
1206 4199 1251 4251 per
1269 4187 1370 4236 etatem
1383 4199 1410 4237 se
1427 4183 1538 4236 noudum
1557 4183 1624 4236 tueri
1641 4185 1756 4248 possent,
1770 4181 1860 4232 inter-

234 4269 346 4321 Platonis
358 4271 466 4322 minores
480 4288 485 4321 :
500 4273 545 4336 qui
561 4273 681 4338 plurimos
693 4275 771 4326 libros
782 4275 813 4326 de
827 4277 911 4339 genitu
925 4277 1021 4328 anima-
1065 4273 1161 4326 iecisse.
1174 4277 1233 4326 lton
1250 4275 1366 4340 parentes
1383 4287 1462 4339 quum
1475 4271 1590 4324 alicunde
1610 4285 1643 4323 ex
1655 4273 1750 4322 venatu
1762 4283 1861 4321 rever-

234 4359 298 4411 lium
309 4359 391 4424 deque
403 4359 472 4410 victu
488 4359 570 4426 deque
580 4361 710 4426 particulis
726 4363 808 4428 daque
820 4365 887 4416 omni
901 4363 1021 4418 ‹litimon-
1065 4365 1155 4416 tisseut
1174 4375 1300 4428 cesosque
1312 4362 1434 4415 vidissent
1447 4362 1556 4422 catulos,
1571 4359 1743 4418 srenissimo,
1760 4361 1794 4408 ut
1806 4371 1862 4424 par
1960 4399 1961 4406 ,

234 4449 270 4501 tla
285 4448 447 4514 reliquerunt.
472 4451 549 4508 Bone,
572 4449 641 4514 quod
657 4450 724 4516 apud
739 4454 780 4511 te.
801 4453 922 4514 Maxime,
946 4467 1020 4505 causa
1064 4457 1131 4514 erat,
1143 4452 1229 4504 dolore
1244 4450 1350 4504 effectos
1364 4465 1448 4502 ursam
1466 4451 1592 4502 insecutos
1605 4462 1667 4501 esse.
1682 4450 1752 4499 Hauc
1763 4450 1862 4498 auton
1960 4451 1961 4516 t

234 4537 325 4604 agitur,
345 4538 390 4604 qul
410 4551 455 4603 pro
471 4541 516 4590 tua
533 4537 671 4590 eruditione
683 4539 765 4603 legisti
778 4540 888 4606 proiecto
903 4542 1020 4593 Aristote
1063 4544 1133 4593 metu
1154 4539 1326 4608 perterritam,
1349 4541 1482 4605 postquem
1495 4538 1606 4602 auiugit,
1622 4537 1649 4588 in
1661 4536 1777 4588 arboreta
1800 4550 1864 4587 eve·
1960 4533 1961 4552 ¹

233 4628 265 4679 lis
282 4629 335 4694 utel
354 4629 421 4693 ζῴων
436 4629 563 4692 γενέσεων.
584 4630 636 4694 περὶ
649 4630 716 4694 ζῴων
737 4631 938 4698 eratosthenem
954 4631 1020 4696 ζῴων
1063 4629 1138 4692 sisse,
1160 4629 1246 4695 ibique
1269 4632 1298 4680 ut
1323 4627 1423 4680 illorum
1451 4625 1554 4678 insidias
1581 4624 1674 4676 νίίαιοθ
1698 4621 1861 4674 consedisse

234 4717 341 4783 ἱστορίας
353 4716 484 4782 multiiuga
495 4717 633 4778 volumine,
649 4721 768 4784 preterea
781 4719 1020 4784 problemataiunu·
1063 4722 1147 4778 Quum
1166 4731 1226 4770 vcro
1243 4718 1436 4784 suspicarentur,
1458 4714 1605 4779 lignatorem
1621 4709 1816 4778 quodammodo
1835 4709 1863 4760 in
1960 4707 1961 4764 l

233 4806 435 4871 moraejusdem,
453 4809 509 4857 tum
521 4821 552 4858 er
564 4806 650 4859 eadem
665 4811 733 4860 secte
746 4811 908 4868 ceterorum.
922 4809 948 4860 in
960 4809 1019 4874 qui-
1063 4805 1181 4858 ultionem
1197 4806 1272 4860 credis
1286 4807 1388 4871 iamiam
1410 4803 1503 4862 aiiorc,
1524 4802 1628 4854 leenam
1646 4799 1750 4866 quaen
1769 4799 1863 4850 eonti-
1960 4809 1961 4874 χ

234 4895 283 4946 hus
293 4895 320 4946 id
334 4911 412 4960 genus
428 4896 498 4949 varia
513 4899 659 4949 tractantur.
674 4899 802 4964 (Apulejus
814 4898 846 4950 de
858 4899 939 4964 magia
954 4903 1017 4950 orat.
1063 4897 1149 4948 nenter
1165 4895 1197 4946 ed
1210 4895 1306 4947 arboris
1317 4899 1433 4946 truncum
1453 4891 1556 4944 insidias
1571 4891 1756 4954 comparantem
1773 4901 1863 4942 excau-
1960 4885 1961 4970 l

234 4997 288 5049 cet)-
302 4987 352 5046 36.)
1062 4985 1180 5037 huisseet
1197 4985 1302 5036 sublatis
1321 4967 1412 5044 oculis,
1432 4981 1491 5047 quia
1504 4979 1653 5044 sanguineus
1666 4976 1786 5028 roboret
1802 4977 1861 5027 sni·

267 5077 319 5123 120.
336 5074 449 5126 Pelemni
468 5074 630 5126 uurutilibus
646 5076 746 5128 conchis
764 5089 791 5128 se
806 5076 945 5142 complent,
964 5089 1019 5128 eas·
1063 5074 1221 5134 fundebatur,
1245 5073 1362 5124 tetricum
1380 5083 1431 5136 pre
1449 5083 1476 5122 se
1495 5069 1582 5120 tulisse
1604 5066 1714 5118 νιιλῑυι.
1739 5065 1861 5116 leonori

233 5172 284 5224 quc
296 5173 373 5224 quum
387 5161 508 5213 stomachi
524 5162 604 5214 calore
616 5165 782 5224 concoxerint.
794 5169 927 5224 evomunt,
943 5169 1018 5230 etque
1045 5175 1122 5214 ·vero
1135 5162 1202 5213 haud
1225 5176 1298 5214 secus
1323 5165 1399 5226 atque
1417 5159 1542 5210 hominem
1566 5155 1650 5208 dolore
1663 5153 1813 5204 cruciatum
1834 5153 1861 5202 iu

239 5247 368 5312 testisjam
385 5248 436 5300 ulti
452 5249 533 5302 calere
548 5251 778 5318 diductis,eligunt
792 5267 823 5308 ex
836 5255 945 5321 hisquae
958 5256 1017 5304 sunt
1062 5251 1306 5310 montibuserrnsse.
1321 5241 1849 5300 dum-materiariumiahrumoilendissct
1960 5279 1961 5282 ,
