3958 5942
241 409 300 470 274
737 403 889 466 EUDEMI
912 402 1047 464 111101311
1070 399 1342 470 PERIPATETICI

241 537 336 612 νίσκος,
345 539 368 596 εἰ
375 535 403 594 δέ
412 535 519 596 έλιιττον
529 535 687 614 ἡμικυκλίου
695 535 749 610 τίη,
759 536 1018 618 προγράψαςτοιόνδτ
1062 537 1117 598 ἐστὶ
1132 545 1186 606 τοῖς
1202 537 1276 606 ίκτύς
1285 542 1331 597 τοῦ
1351 535 1538 618 εὐθυγράμμου
1558 538 1693 616 τμήμασιν
1709 543 1838 621 αἰφιειρω-

240 623 563 704 τιθἹπποκράτηςτοῶτο
575 625 777 688 κατεσκεύασεν.
822 623 915 687 Ἔστω
924 625 1018 694 κύκλος
1063 628 1148 704 μένοις
1163 628 1214 686 ὐπὸ
1227 630 1279 688 τῶν
1294 651 1323 688 εκ
1338 627 1372 686 κύ
1397 630 1444 708 βη.
1488 625 1628 708 Ἑκάτερον
1641 628 1691 707 γάρ
1706 632 1760 686 τῶν
1775 627 1845 696 ἐντύς

241 709 435 795 οὐδιάμετρος,
449 717 488 792 ἐφ’
503 705 521 794 ἡ
534 717 551 786 ἡ
565 713 619 792 αύ,
637 713 743 794 κέντρον
759 713 787 772 δέ
799 716 877 772 αὐτοῦ
893 715 923 795 έφ
939 705 967 772 οὐ
982 739 1016 788 κ,
1062 715 1183 793 ἡμεόλιόν
1207 719 1277 775 ἐστιν
1292 715 1403 774 ἑκάστου
1424 717 1475 773 τῶν
1495 713 1581 780 ἐκτός·
1595 715 1703 790 ἡμιολία
1715 714 1767 795 γάρ
1783 717 1846 775 ὑπά-

239 805 315 876 καίὴ
332 804 379 880 μὲν
395 805 435 886 ὐφ’
450 795 468 882 ἡ
482 803 514 880 γδ
535 801 597 882 δίχα
614 825 643 860 τε
656 804 702 862 καί
725 803 789 882 πρὸς
802 802 880 883 θρθθις
902 802 1018 879 τεμνέτω
1062 827 1147 865 κειται
1158 810 1175 878 ἡ
1188 809 1215 876 εζ
1228 809 1274 877 τῆς
1286 807 1315 864 ἐκ
1326 811 1371 864 τοῦ
1387 805 1504 883 κέντρου,
1514 806 1583 863 τοῦτ’
1600 803 1654 862 έστι
1669 808 1715 876 τῆς
1728 827 1758 863 εκ
1769 805 1818 864 καί
1833 811 1848 883 β

239 884 373 974 εὴνέφ’ἡ
392 881 591 972 βκ,ἡθέέφ’ἡ
605 893 633 959 εζ
650 889 725 968 ήχθω
738 890 812 972 παρὰ
827 890 874 962 τὴν
889 883 957 970 ἐφ’γὴ
971 891 1016 967 αθ,
1062 895 1108 953 καὶ
1127 898 1171 974 βη.
1211 891 1542 974 Ἐδείχθηγδιρκαίαύτη
1557 891 1604 964 ίση
1620 897 1652 974 τῇ
1669 916 1711 954 εκ.
1754 887 1848 954 Είούν

239 983 284 1042 καί
305 981 358 1041 θπθ
371 987 415 1042 τοῦ
429 1004 446 1040 κ
460 978 607 1058 ἐπεζεύχθω
624 977 667 1036 έπί
682 977 715 1037 τδι
735 981 778 1055 εζ,
795 979 968 1054 συμπιπτέτω
990 980 1018 1039 δέ
1063 983 1175 1063 ίκατέρα
1189 985 1240 1042 τῶν
1257 986 1285 1052 εζ
1298 987 1329 1056 ζη
1350 980 1461 1059 ἡμιολία
1474 980 1531 1040 ἐστὶ
1543 981 1654 1058 δυνάμει
1670 981 1787 1054 ἑκάστης
1796 985 1849 1042 τῶν

240 1071 419 1148 ἐκύαλλομένη
432 1069 475 1128 ἐπί
488 1068 518 1128 τὸ
529 1071 544 1137 ζ
557 1072 575 1140 ἡ
589 1070 810 1147 ἐπιζευχθεῖσατῇ
822 1067 860 1148 ἐφ’
874 1059 892 1146 ἡ
905 1091 935 1137 εη
949 1067 1018 1128 κατὰ
1063 1069 1206 1148 εἰρημένων
1222 1073 1313 1152 τριῶν,
1327 1073 1361 1136 ῶς
1376 1071 1403 1128 δέ
1415 1072 1443 1128 αἱ
1459 1073 1555 1128 εὐθεῖαι
1576 1069 1639 1150 πρὸς
1657 1070 1704 1137 τὰς
1725 1071 1849 1149 εὐθείας,

240 1160 270 1219 τὸ
283 1185 313 1233 η,
335 1158 382 1219 καί
397 1157 476 1218 πάλιν
489 1156 542 1216 άπθ
557 1163 602 1217 τοῦ
616 1159 637 1315 β
654 1155 698 1216 ἐπί
712 1155 745 1214 τύ
761 1158 791 1228 ζη
808 1155 1017 1234 ἐπεζεύχθωσαν,
1062 1159 1191 1236 τμήματα
1205 1158 1270 1240 πρδς
1279 1157 1313 1217 τίε
1325 1157 1465 1235 τμήματα,
1480 1157 1514 1217 τθι
1528 1157 1574 1218 δύο
1585 1159 1636 1234 άρα
1647 1159 1784 1238 τμήματα
1795 1169 1849 1226 τοῖς

241 1245 395 1330 φανερδνδὴ
409 1243 449 1304 ότι
465 1249 482 1316 ἡ
499 1243 547 1321 μίν
561 1246 601 1324 ἐφ’
621 1307 626 1322 ⁸
644 1247 673 1312 εζ
688 1243 871 1320 ἐκύαλλομένη
890 1245 932 1304 ἐπὶ
951 1243 1018 1324 τδβ
1062 1246 1145 1328 τρισίν
1167 1249 1238 1306 ἐστιν
1254 1244 1312 1307 ίσα.
1355 1247 1389 1306 Εἰ
1404 1235 1485 1304 οὐνό
1515 1245 1562 1322 μέν
1589 1249 1714 1324 μηνίσκος
1732 1246 1768 1305 τά
1790 1249 1851 1327 τρία

239 1344 370 1398 πεσεῖται·
390 1332 523 1394 ὑπόκειται
537 1333 619 1412 γλρὴ
639 1337 668 1402 εζ
682 1334 726 1391 ἐπὶ
740 1332 770 1392 τδ
792 1337 809 1412 β
822 1331 943 1404 νεύουσα,
957 1338 973 1405 ἡ
992 1331 1019 1391 δέ
1062 1333 1191 1412 τμήματά
1205 1338 1271 1408 ἐστι,
1287 1334 1392 1394 καὶτοῦ
1407 1333 1594 1414 εὐθυγράμμου
1610 1335 1641 1394 τδ
1658 1335 1732 1414 παρὰ
1751 1335 1788 1394 τά
1802 1336 1849 1394 δύο

239 1424 278 1506 ἐφ’
292 1417 311 1505 ᾖ
324 1429 359 1506 βη
372 1423 417 1495 ίση
433 1423 506 1482 ἔσται
522 1427 555 1503 τῇ
570 1424 610 1504 ἐφ’
625 1413 644 1499 ἡ
659 1445 700 1496 εκ,
714 1426 791 1480 τοῦτο
806 1422 832 1482 δὲ
846 1421 910 1488 ἴσως
924 1421 971 1499 μέν
987 1422 1018 1480 άν
1062 1421 1201 1498 τμήματα,
1212 1419 1243 1480 τδ
1255 1419 1282 1478 δέ
1297 1419 1481 1501 εὐθύγραμμον
1496 1419 1624 1495 μετὰτῶν
1640 1420 1686 1479 δύο
1697 1421 1851 1496 τμημάτων

239 1537 277 1580 τις
287 1511 333 1572 καί
349 1511 548 1592 προχειρότερον
564 1509 686 1582 δείξειεν,
705 1507 763 1586 ἐμοί
778 1509 805 1568 δέ
819 1510 849 1567 ἐκ
862 1513 914 1567 τῶν
931 1532 1017 1590 προω-
1064 1509 1119 1570 ἐστὶ
1132 1512 1270 1590 χωριστῶν
1295 1510 1388 1588 τριῶν,
1405 1506 1461 1566 ἔστι
1475 1507 1503 1565 δέ
1526 1507 1560 1564 τλ
1577 1507 1620 1568 δύο
1637 1508 1772 1584 τμήματα
1797 1518 1852 1576 τοῖς

240 1597 428 1680 μολογημένων
443 1597 523 1664 οὕτως
547 1599 643 1668 ἐπῆλθε
666 1596 760 1666 δείξαι·
787 1597 922 1656 ὑπόκειται
946 1601 963 1668 ἡ
988 1599 1018 1674 δγ
1062 1598 1146 1677 τρισίν
1161 1597 1218 1669 ίσα,
1241 1598 1295 1664 ίσος
1318 1598 1350 1656 θν
1363 1594 1405 1669 εἴη
1424 1595 1582 1672 δμηνίσκος
1604 1600 1642 1676 τιῘι
1658 1599 1851 1680 εὐθυγράμμῳ.

240 1691 288 1762 τὴν
306 1693 340 1768 βκ
359 1689 437 1766 διχῶς
450 1709 479 1744 τε
491 1684 537 1745 καί
557 1686 621 1764 πρὸς
635 1685 712 1764 ὀρθάς
725 1683 841 1763 τέμνειν,
864 1685 908 1744 ἐπί
922 1689 968 1758 τῆς
988 1687 1020 1764 δγ
1062 1683 1126 1747 Ὀτι
1141 1685 1168 1744 δέ
1192 1676 1299 1754 οὐτοςθ
1323 1684 1449 1762 μηνίσκος
1463 1685 1589 1744 ἐλάττονα
1615 1686 1775 1762 ἡμικυκλίου
1801 1692 1852 1759 τὴν

242 1779 292 1858 ἄρα
308 1777 337 1836 τὸ
352 1778 456 1854 κέντρον
472 1773 528 1832 ἐστί
543 1777 588 1832 τοῦ
605 1771 666 1853 περὶ
687 1772 717 1832 τθ
732 1773 870 1853 τραπέζιον
883 1797 1018 1854 γραφησο·
1063 1775 1135 1842 ἐκτὸς
1151 1773 1387 1856 έχειπεριφέρειαν,
1397 1773 1510 1832 δείκνυσι
1521 1774 1564 1832 διὰ
1573 1779 1619 1832 τοῦ
1627 1775 1675 1846 τὴν
1686 1800 1733 1848 εκη
1747 1777 1851 1852 γωνίαν

241 1865 320 1944 μένου
331 1863 427 1924 κύκλου
443 1861 485 1921 διδι
502 1861 532 1921 τὸ
544 1862 663 1940 πόρισμα
674 1865 721 1921 τοῦ
733 1861 838 1941 πρώτου
853 1863 1020 1940 θεωρήματος
1063 1865 1090 1922 ἐν
1105 1866 1143 1945 τῷ
1158 1865 1229 1930 ἐκτὸς
1240 1855 1320 1923 οὐσαν
1333 1863 1456 1942 τμήματι
1471 1861 1601 1941 άμόλεῖαν
1617 1857 1691 1925 εἶναι.
1704 1866 1852 1924 Δέδεικται
1958 1909 1959 1920 ,

240 1958 286 2014 τοῦ
303 1955 330 2012 ἐν
344 1955 383 2029 τῷ
395 1948 474 2030 τρίτῳ
490 1952 541 2008 τῶν
557 1949 702 2010 Εὐκλείδου
717 1948 870 2028 στοιχείων·
887 1950 976 2023 ἐπειδὴ
992 1951 1019 2009 δέ
1063 1951 1114 2032 γάρ
1130 1953 1156 2010 ἐν
1170 1955 1208 2033 τῷ
1221 1953 1301 2034 τρίτῳ
1313 1958 1360 2011 τοῦ
1375 1952 1464 2033 τρίτου
1478 1955 1530 2010 τῶν
1544 1953 1686 2012 Εὐκλείδου
1696 1953 1853 2032 στοιχείων,

240 2037 411 2121 παράλληλός
436 2041 505 2097 ἐστιν
526 2041 543 2108 ἡ
565 2061 595 2110 εη
612 2041 646 2115 τῇ
666 2036 700 2097 κύ
721 2036 766 2096 καί
788 2040 823 2104 είς
839 2037 920 2106 αὐτίις
936 2040 1019 2115 έμπέ-
1063 2039 1104 2098 ὅτι
1131 2042 1195 2112 ἡέν
1221 2045 1259 2120 τῷ
1278 2041 1397 2100 ἐλάττονι
1422 2039 1584 2116 ἡμικυκλίου
1609 2041 1732 2118 τμήματι
1752 2041 1853 2117 μείζων

241 2151 345 2192 πτωκεν
358 2131 376 2198 ἡ
390 2127 433 2203 γδ,
445 2127 491 2192 τύς
506 2124 576 2192 ἐντὸς
587 2125 682 2204 γωνίας
698 2127 770 2184 δυσίν
781 2127 868 2204 ὀρθαῖς
880 2124 938 2194 ίσας
951 2131 1022 2187 ποιεῖ
1064 2130 1141 2207 ὀρθῆς
1149 2129 1231 2189 ἐστιν.
1272 2129 1338 2189 Ὅτι
1350 2127 1377 2186 δέ
1392 2127 1509 2206 άμθλεῑά
1523 2129 1622 2201 ἐστινὴ
1636 2130 1686 2188 ὑπὸ
1695 2153 1744 2200 εκη
1755 2133 1852 2207 γωνία,

241 2218 283 2278 διδ
300 2217 330 2277 τδ
345 2215 368 2274 κ’
384 2213 406 2274 θ’
420 2219 466 2273 τοῦ
479 2211 595 2294 πρώτου,
613 2213 687 2294 δρθαλ
701 2213 728 2272 δέ
748 2216 775 2272 αί
788 2213 851 2294 πρὸς
863 2214 892 2273 τὸ
906 2239 933 2294 γ,
947 2217 1020 2295 ὀρθαί
1065 2217 1195 2276 δείκνυσιν
1216 2216 1311 2285 ούτως·
1343 2215 1401 2274 ἐπεί
1423 2220 1439 2286 ἡ
1459 2215 1507 2291 μέν
1530 2217 1568 2299 ἐφ’
1582 2207 1601 2294 ἡ
1621 2219 1651 2285 εζ
1664 2216 1776 2294 ἡμιολία
1792 2219 1852 2277 ἐστὶ

241 2308 292 2386 ἄρα
305 2303 349 2364 καί
364 2305 391 2362 αί
404 2301 468 2383 πρδς
479 2302 508 2360 τὸ
523 2301 555 2360 δ’.
598 2301 634 2364 Ἢ
646 2294 689 2361 οὐν
700 2304 732 2381 γθ
742 2301 785 2362 διδι
796 2307 841 2360 τοῦ
852 2301 958 2383 κέντρου
972 2303 1020 2376 τὴν
1064 2309 1116 2364 τῶν
1148 2309 1177 2364 ἐκ
1193 2311 1237 2366 τοῦ
1259 2305 1366 2384 κέντρου
1389 2303 1541 2381 θυνάμει,ἡ
1563 2295 1725 2384 θέέφέῇβκ
1753 2305 1852 2380 μείζων

112 2415 116 2418 .
198 2421 215 2430 .,
230 2390 444 2476 «mehe
458 2389 589 2468 τέμνουσα
600 2389 646 2449 καί
657 2390 718 2468 δίχα
732 2389 875 2466 τέμνειδιδι
888 2391 918 2450 τὸ
934 2392 1020 2473 τρίτον
1063 2387 1193 2474 τῆςέρ’ᾔ
1213 2391 1803 2474 βζ,δςόῃχαὶγωοίρὴπ,ὸμῷζ’μείζω,
1818 2397 1853 2458 ὦ,

240 2491 286 2545 τοῦ
300 2482 389 2562 τρίτου
398 2481 450 2539 τῶν
465 2479 613 2558 στοιχείων.
657 2478 735 2540 Ἐπεί
754 2470 798 2540 οὐν
813 2478 858 2550 ίση
875 2481 972 2554 ἐστίνὴ
988 2485 1020 2556 θη
1064 2481 1151 2559 δείξω,
1163 2483 1208 2554 ίση
1221 2482 1248 2540 δέ
1264 2487 1280 2553 ἡ
1297 2484 1331 2561 βκ
1344 2485 1379 2560 τῇ
1394 2503 1436 2557 κε,
1452 2480 1565 2559 φανερὸν
1578 2478 1619 2537 δτι
1631 2479 1680 2537 κθν
1698 2482 1716 2550 ἡ
1733 2478 1772 2558 ἐφ’
1789 2471 1852 2556 ἧκε

240 2577 274 2654 τῇ
291 2574 329 2649 δε,
343 2567 416 2642 κοινὴ
431 2567 458 2628 δέ
471 2572 487 2638 ἡ
503 2568 532 2635 δζ
544 2567 589 2624 καί
601 2568 674 2645 ὀρθαί
686 2569 712 2626 αί
722 2567 786 2646 πρὸς
800 2566 828 2626 τὸ
839 2565 872 2641 δ’,
886 2569 931 2627 καί
946 2572 1021 2649 βάσις
1066 2569 1162 2644 μείζων
1179 2561 1196 2648 ἡ
1220 2575 1267 2641 τῆς
1288 2571 1327 2647 ἐφ’
1347 2559 1366 2656 ᾗ
1382 2571 1414 2646 βζ
1437 2566 1454 2638 ἢ
1476 2568 1602 2626 διπλασία
1617 2568 1708 2644 μήκει,
1724 2567 1802 2639 καλὴ
1815 2571 1852 2648 ἐφ’

242 2660 372 2740 άραὴζη
388 2655 464 2736 βάσει
476 2659 509 2734 τῇ
524 2654 555 2722 ίὸ
568 2654 625 2726 ίοη,
642 2653 711 2712 θλλλ
725 2654 770 2712 καί
789 2658 805 2726 ἡ
823 2659 948 2735 βζτῇζκ
961 2657 1019 2736 ἴση,
1064 2647 1140 2736 ήβε,
1152 2655 1219 2715 ώστε
1235 2662 1282 2728 τῆς
1298 2649 1414 2736 ἐφ’ἡκζ
1428 2654 1479 2734 ἄρα
1505 2655 1779 2733 μείζωνὴθιπλασία
1802 2660 1853 2732 μή·

242 2747 308 2810 διότι
323 2746 368 2808 καί
382 2749 400 2816 ἡ
419 2748 452 2822 βγ
463 2746 497 2822 τῇ
507 2765 552 2820 γκ,
567 2741 639 2811 κοινή
652 2744 706 2814 δέὴ
720 2741 759 2821 γζ’
769 2743 815 2802 καὶ
830 2743 905 2823 ὀρθαί
916 2748 942 2803 αί
954 2746 1019 2826 πρὸς
1065 2769 1105 2805 κει
1118 2743 1163 2803 καί
1180 2745 1290 2823 δυνάμει
1304 2743 1347 2802 διθι
1358 2743 1406 2813 τήν
1428 2741 1572 2817 ὁμοιότητα
1585 2741 1718 2822 τριγώνων
1733 2745 1789 2800 τῶν
1807 2747 1853 2823 βεκ

242 2838 315 2914 τὸγ,
358 2831 437 2894 Ἐπεί
448 2821 492 2889 οὐν
514 2829 559 2888 δύο
572 2833 599 2888 αί
611 2831 644 2902 ηζ
658 2830 689 2898 ζθ
708 2831 765 2889 δυσί
781 2832 838 2898 ταῖς
855 2835 894 2900 κζ’
911 2835 937 2901 ζε
950 2833 1021 2906 ίσαι,
1066 2839 1124 2915 βκζ.
1167 2830 1249 2893 Ἔστι
1261 2832 1312 2912 γὰρ
1329 2838 1364 2898 ὼς
1382 2835 1397 2902 ἡ
1418 2829 1450 2890 εύ
1461 2831 1526 2910 πρὸς
1542 2831 1727 2912 βκ’,ούτωςὴ
1743 2854 1773 2888 εκ
1788 2831 1854 2912 πρὸς

243 2927 288 2984 καί
303 2922 396 3003 γωνίαι
420 2922 448 2979 αί
472 2917 540 2977 κατὰ
558 2918 673 2998 κορυφὴν
702 2917 769 2992 ίσαι,
788 2918 834 2978 καί
858 2921 934 3000 βάσις
948 2927 965 2994 ἡ
983 2923 1021 2996 η6
1064 2925 1105 2994 κζ,
1118 2920 1214 2993 ώστεὴ
1229 2923 1269 3002 ἐφ’
1281 2913 1298 2999 ἡ
1308 2944 1338 2978 εκ
1353 2918 1448 2996 μείζων
1463 2919 1519 2978 ἐστί
1531 2924 1578 2991 τῆς
1592 2919 1633 2998 ἐφ’
1648 2910 1709 2994 ἡκζ
1721 2917 1739 2988 ἡ
1753 2921 1854 2977 διπλα·

244 3014 323 3094 βάσει
336 3014 369 3092 τῇ
379 3031 409 3069 εκ
422 3008 475 3080 ίση.
520 3007 727 3089 Περιγεγράφθω
741 3007 772 3080 δὴ
788 3007 848 3089 περὶ
861 3009 892 3068 τὸ
909 3001 953 3084 εζη
967 3013 1021 3090 τρί·
1067 3007 1112 3068 σία
1127 3007 1248 3085 δυνάμει,
1264 3008 1320 3080 ἡδί
1336 3005 1376 3087 ἐφ’
1391 2998 1410 3088 ᾖ
1423 3009 1451 3075 εζ
1464 3005 1574 3083 ἡμιολία
1594 3005 1702 3083 δυνάμει
1716 3010 1764 3076 τῆς
1785 2999 1854 3087 {vj}

241 3123 326 3182 γωνον
335 3102 430 3178 τμῆμα
445 3093 542 3154 κύκλου
554 3096 584 3154 τὸ
596 3099 641 3168 εζη
656 3095 744 3172 θμοιον
759 3098 928 3176 ἑκάστῳτῶν
944 3121 974 3158 εκ
988 3099 1022 3157 κύ
1066 3121 1106 3158 εκ.
1149 3093 1184 3157 Ἦ
1201 3096 1253 3178 άρα
1273 3087 1341 3176 ἐφ’ᾔ
1356 3099 1382 3165 εζ
1395 3096 1489 3170 μείζων
1498 3095 1553 3154 ἐστί
1566 3093 1674 3172 δυνάμει
1687 3097 1739 3152 τῶν
1755 3097 1798 3174 ἐφ’
1815 3086 1854 3160 αἷς

244 3195 279 3272 βη
285 3185 448 3266 τμημάτων·
459 3181 558 3242 τούτων
567 3173 611 3242 οὐν
620 3182 701 3250 οὐτως
707 3181 820 3262 ἐχόντων
832 3185 862 3244 τθ
869 3185 1020 3264 τραπέζιον,
1065 3211 1095 3247 εκ
1106 3191 1147 3257 κζ.
1192 3187 1226 3246 El
1247 3184 1294 3260 μέν
1307 3183 1359 3262 γθρ
1378 3183 1506 3241 διπλασία
1521 3174 1553 3256 ἦν
1568 3183 1677 3259 δυνάμει
1689 3187 1742 3240 τῶν
1755 3185 1798 3261 ἐφ’
1813 3174 1854 3249 οἷς

242 3277 323 3360 φημί,
341 3275 381 3356 ἐφ’
394 3263 424 3332 οὐ
449 3275 483 3351 βκ
498 3295 546 3344 κη,
568 3270 741 3353 περιλήψεται
766 3269 870 3338 κύκλος.
914 3273 953 3332 Τὸ
974 3275 1021 3350 μέν
1067 3296 1097 3333 εκ
1111 3277 1151 3350 κζ,
1166 3280 1183 3348 ἡ
1195 3298 1225 3334 εκ
1235 3279 1282 3346 τῆς
1293 3276 1337 3348 κζ,
1353 3269 1462 3347 ἡμιολία
1475 3269 1502 3328 δέ
1516 3275 1533 3343 ἡ
1546 3274 1573 3340 ζε
1586 3273 1634 3343 τῆς
1648 3293 1687 3343 εκ,
1697 3263 1729 3342 ἡν
1745 3271 1778 3328 έεν
1791 3277 1812 3346 ἡ
1827 3277 1854 3340 (e

241 3368 293 3446 γάρ
308 3385 356 3434 εκη
371 3359 494 3438 τρίγωνον
510 3357 684 3439 περιλήψεται
697 3357 806 3425 κύκλος·
822 3359 917 3437 ἔχομεν
931 3360 1021 3440 γὰρέν
1064 3361 1110 3434 ἴση
1125 3363 1234 3440 δυνάμει
1255 3369 1312 3428 ταῖς
1329 3383 1358 3419 εκ
1380 3357 1419 3428 κζ’
1445 3361 1480 3426 ὡς
1497 3359 1540 3417 ίπλ
1553 3361 1671 3438 ἀριθμῶν
1686 3362 1739 3418 τῶν
1758 3383 1794 3418 στ
1811 3361 1855 3434 δύ,

241 3457 281 3534 τῷ
293 3451 407 3528 πέμπτῳ
418 3451 464 3505 τοῦ
476 3445 599 3525 τετάρτου
615 3450 665 3506 τῶν
680 3446 817 3527 στοιχείων
832 3445 891 3526 περί
905 3445 935 3505 τδ
949 3447 1020 3506 δοθέν
1065 3447 1195 3521 ἐπειδὴδὲ
1207 3448 1302 3526 μείζων
1313 3447 1331 3520 ἡ
1346 3447 1470 3506 διπλασία
1483 3445 1539 3506 ἐστὶ
1550 3447 1669 3524 δυνάμει,
1684 3451 1700 3518 ἡ
1716 3470 1746 3506 εκ
1758 3453 1812 3520 τῆς
1824 3472 1855 3508 κε

241 3539 365 3620 τρίγωνον
379 3532 474 3594 κύκλον
488 3531 658 3615 περιγράψαι.
701 3533 768 3594 ’Eam
780 3523 824 3591 οὐν
839 3531 913 3602 δείξω
927 3533 1021 3614 τῇάπδ
1066 3538 1161 3615 μείζων
1177 3538 1232 3599 ἐστί
1248 3536 1367 3613 δυνάμει.
1410 3532 1539 3611 Ἀμὸλεῖα
1554 3533 1606 3613 ἄρα
1621 3533 1691 3593 ἐστίν
1706 3537 1855 3615 ἡτρὸςτῷ
1958 3543 1959 3558 ³

241 3631 288 3688 τοῦ
301 3623 408 3704 κέντρου
420 3621 465 3681 ἐπί
479 3624 539 3681 τδκ
562 3621 622 3696 ίσην
643 3619 696 3681 θπδ
709 3626 756 3681 τοῦ
770 3621 876 3701 κέντρου
891 3622 934 3681 ἐπί
952 3621 981 3681 τδ
995 3627 1021 3702 β,
1064 3626 1193 3702 κγωνία,
1210 3625 1317 3685 έλαττον
1345 3623 1396 3701 άρα
1418 3623 1574 3699 ἡμικυκλίου
1597 3621 1628 3681 τδ
1652 3627 1765 3700 τμῆμα,
1787 3617 1854 3704 ἐνῷ

242 3717 320 3789 δ’θύθδ
337 3714 377 3772 3³¹
391 3709 421 3770 τί
437 3709 709 3793 Υθίίθόίίίίίδίῗμῆμα
730 3709 827 3770 κύκλου
841 3709 892 3769 ’διὰ
905 3715 950 3771 τοῦ
973 3734 1020 3783 εκη
1066 3717 1148 3777 ἐστιν.
1191 3713 1272 3775 Οὐτω
1284 3705 1604 3792 μένούνθἹπποκράτης
1619 3711 1706 3770 πάντα
1720 3713 1854 3786 μηνίσκον

240 3805 298 3879 ἡξει
313 3802 358 3864 καί
378 3799 420 3859 δεδι
434 3805 479 3859 τού
499 3801 528 3880 β,
544 3799 590 3860 καί
612 3800 786 3880 περιλήψετιιι
807 3799 904 3859 κύκλου
926 3803 1022 3878 τμῆμα
1066 3802 1289 3883 ἐτετραγώνισεν,
1303 3802 1377 3884 εἴπερ
1391 3803 1437 3863 καί
1451 3801 1494 3860 τὸν
1501 3798 1659 3876 ἡμικυκλίου
1674 3799 1782 3858 καὶτὸν
1797 3803 1855 3876 μεί-
1958 3793 1959 3856 ί

240 3893 271 3954 τδ
285 3890 431 3973 τραπέζιον,
444 3887 508 3968 ὅπερ
520 3893 614 3966 τμῆμα
629 3891 674 3949 καί
688 3888 718 3949 τδ
727 3886 852 3969 τρίγωνον
866 3887 978 3966 περιέξει
991 3889 1021 3950 τὸ
1064 3896 1126 3962 ζονα
1142 3892 1301 3965 ἡμικυκλίου
1323 3893 1369 3951 καί
1384 3893 1428 3954 τδν
1446 3891 1572 3950 ἐλάττονα
1591 3887 1686 3968 έχοντα
1707 3889 1755 3962 τὴν
1775 3891 1853 3959 ἐκτὸς
1958 3909 1959 3928 ³

241 3984 282 4062 ἐφ’
303 3973 333 4039 οὐ
356 3983 412 4051 εζη.
454 3976 603 4058 Ληφθίντος
624 3968 668 4038 οὐν
690 3978 796 4057 κέντρου
812 3967 864 4037 οἷον
883 3982 926 4036 τοῦ
945 3979 1020 4039 λκαί
1065 3979 1243 4062 περιφέρειαν,
1267 3983 1326 4039 ἀλλ’
1352 3981 1411 4061 οὐχί
1428 3980 1471 4040 τύν
1492 3978 1537 4036 ἐπί
1549 3979 1596 4049 τῆς
1615 3984 1661 4035 τοῦ
1681 3979 1852 4055 τετραγώνου

242 4065 462 4146 ἐπιζευγνυμένων
483 4069 535 4126 τῶν
554 4069 584 4128 λε
603 4070 638 4141 λη
658 4071 693 4129 λκ
712 4067 762 4142 λύ,
779 4067 868 4141 έπειδὴ
890 4069 1021 4137 ἰσοσκελές
1064 4068 1179 4148 πλευρᾶς
1194 4066 1282 4146 μόνον,
1299 4071 1334 4134 ὡς
1349 4067 1540 4146 θ’λλέξανδρος
1553 4064 1704 4144 ἱστόρησεν,
1717 4067 1746 4125 οὐ
1760 4065 1853 4142 μέντοι
1958 4101 1959 4116 1

241 4160 297 4217 ἐστι
311 4155 341 4215 τδ
356 4157 402 4230 ελη
418 4155 550 4234 τρίγωνον,
561 4157 589 4215 αί
605 4156 656 4236 γάρ
670 4161 700 4218 ἐκ
713 4164 759 4216 τοῦ
773 4158 880 4237 κέντρου
890 4157 955 4232 ίσαι,
965 4159 1020 4219 ίσαε
1064 4158 1123 4218 οὐδέ
1140 4155 1184 4215 τδν
1207 4155 1302 4216 κύκλον
1330 4157 1487 4238 ἐπεχείρησε
1510 4151 1702 4233 τετραγωνίσαι
1727 4152 1772 4210 διὰ
1797 4159 1852 4213 τῶν
1958 4183 1959 4190 ¹

241 4245 307 4304 εἰσίν
322 4244 349 4302 αί
365 4243 429 4323 πρδς
446 4247 480 4324 τῇ
499 4244 575 4322 βάσει
593 4245 716 4322 γωνίαιὴ
732 4245 783 4305 ύπθ
799 4247 847 4316 ληε
861 4249 894 4325 τῇ
907 4246 958 4306 ὑπὸ
971 4249 1018 4320 λεη
1063 4245 1124 4324 περὶ
1147 4246 1195 4316 τήν
1216 4249 1261 4302 τοῦ
1276 4243 1404 4324 ἑξαγώνου
1430 4242 1545 4322 πλευράν
1562 4241 1711 4320 μηνίσκων,
1737 4243 1775 4310 ώς
1803 4247 1853 4300 καὶ

241 4331 285 4393 δεδι
297 4332 328 4392 εδ
343 4330 463 4406 πέμπτον
477 4337 523 4390 τοῦ
536 4330 642 4410 πρώτου
654 4335 706 4391 τῶν
726 4331 882 4408 Εὐκλείδου,
895 4333 951 4393 ἐστι
962 4335 1018 4408 θέὴ
1063 4341 1139 4394 τοῦτο
1154 4331 1319 4410 Ἀλέξανδρός
1334 4355 1423 4414 φησιν.
1466 4329 1547 4391 Ἀλλά
1573 4329 1699 4404 μηνίσκυν
1721 4327 1782 4404 ἅμα
1800 4331 1853 4388 καὶ
1958 4355 1959 4360 ’

241 4421 292 4481 ὑπὸ
305 4424 355 4503 βηε
368 4419 414 4494 ίοη
428 4423 460 4500 τῇ
475 4419 526 4478 ὐπδ
540 4443 601 4499 κεη,
614 4419 680 4480 διότι
694 4421 740 4480 καί
752 4425 769 4493 ἡ
782 4420 812 4479 εὐ
821 4419 866 4494 ίση
881 4427 970 4501 τῇκη,
985 4427 1020 4492 ὡς
1062 4421 1158 4482 κύκλον
1168 4421 1367 4503 ἐτετραγώνισεν
1382 4421 1472 4488 οὕτως.
1514 4414 1656 4479 Ἔστωσαν
1669 4418 1730 4497 περὶ
1739 4415 1853 4498 κέντρον

241 4511 357 4591 ἐδείχθη,
380 4508 426 4569 καί
443 4506 491 4579 ὅλη
508 4507 560 4588 άρα
579 4511 596 4581 ἡ
618 4508 668 4566 ὐπδ
694 4513 743 4586 βηε
769 4506 867 4590 δλητῇ
892 4509 944 4570 ύπδ
968 4535 1016 4584 κεη
1064 4513 1104 4592 ἐφ’
1119 4501 1148 4570 οὐ
1162 4533 1179 4570 κ
1195 4509 1240 4569 δύο
1255 4509 1355 4584 κύκλοι,
1374 4513 1391 4581 ἡ
1411 4509 1439 4568 δέ
1454 4512 1499 4568 τοῦ
1525 4505 1599 4572 έκτδς
1623 4505 1767 4585 διάμετρος
1790 4507 1855 4576 έξα-
1958 4521 1959 4556 ῑ

240 4598 311 4659 ἐστίν
320 4597 376 4671 ίση,
389 4595 446 4656 έστι
462 4595 489 4656 δέ
509 4594 555 4657 καί
569 4599 586 4668 ἡ
599 4619 629 4656 κε
644 4601 676 4676 τῇ
693 4602 729 4678 βη
744 4600 790 4664 ίση
818 4596 864 4657 καί
877 4597 953 4677 βάσις
967 4600 1018 4680 ἄρα
1063 4599 1165 4658 πλασία
1176 4599 1285 4677 δυνάμει
1298 4603 1345 4672 τῆς
1358 4602 1403 4656 τοῦ
1419 4597 1488 4665 ἐντδς
1498 4596 1543 4654 καί
1558 4593 1686 4672 ἑξαγώνου
1698 4595 1852 4676 ἐγγραφέν-

238 4693 255 4762 ἡ
272 4691 305 4748 κλ
318 4693 351 4768 τῇ
365 4686 400 4748 λύ
413 4684 469 4760 ίση,
485 4685 555 4745 ἐστίν
568 4685 613 4760 ίση
627 4685 679 4767 άρα
692 4709 724 4768 τη
740 4687 792 4748 ἀπὸ
801 4691 847 4748 τοῦ
862 4687 969 4769 κέντρου
984 4694 1017 4770 τῇ
1063 4708 1105 4754 τος
1123 4690 1158 4752 είς
1172 4686 1216 4744 τὸν
1235 4685 1305 4752 ἐντδς
1318 4684 1413 4745 κύκλον
1433 4689 1477 4743 τοῦ
1491 4685 1531 4764 ὐφ’
1546 4673 1583 4742 ῶν
1604 4681 1639 4740 αὐ
1653 4683 1694 4760 γδ
1717 4685 1762 4753 εζ,
1776 4681 1811 4740 αί
1822 4707 1854 4742 τε

238 4780 272 4838 λκ
288 4779 363 4858 ἡλβ,
373 4777 457 4857 ταύτῃ
472 4775 504 4848 δὴ
516 4777 654 4857 γεγράφθω
666 4776 696 4836 τθ
710 4780 812 4855 τμῆμα.
854 4775 962 4837 Τούτων
973 4769 1017 4837 οὐν
1064 4765 1150 4854 ἐφ’ών
1172 4798 1208 4833 κα
1229 4773 1264 4834 κύ
1281 4797 1314 4852 κγ
1327 4776 1357 4834 ἐκ
1380 4779 1425 4833 τοῦ
1446 4773 1551 4849 κέντρου
1584 4769 1783 4848 ἐπιζευχθεῖσαι
1804 4773 1853 4844 ἐκ·

239 4865 319 4932 ούτως
339 4863 630 4944 ἐχόντωνθγενόμενος
647 4863 781 4943 μηνίσκσς,
803 4855 833 4926 οὐ
853 4865 927 4932 ἐκτὸς
946 4889 1018 4946 περι·
1064 4863 1255 4943 6εβλήσθωσαν
1276 4862 1325 4931 έως
1339 4867 1386 4936 τῆς
1401 4867 1445 4922 τοῦ
1461 4861 1534 4928 ἐκτός
1549 4859 1646 4919 κύκλου
1666 4861 1851 4941 περιφερείας,
1958 4883 1959 4906 ι

239 4954 329 5035 φέρεεα
344 4958 403 5027 ἡεκ
419 4958 464 5034 βη,
476 4953 531 5022 ίσος
552 4953 627 5014 ἔσται
641 4957 679 5030 τῶ
694 4955 870 5034 εὐθυγράμμῳ
892 4958 931 5033 τῷ
946 4977 1017 5033 συγ·
1063 4957 1107 5015 καί
1121 4956 1161 5036 ἐφ’
1175 4947 1212 5014 ῶν
1226 4959 1260 5028 ηθ
1280 4961 1305 5014 θι
1318 4953 1527 5034 ἐπεζεύχθωσαν,
1545 4950 1592 5010 καί
1606 4951 1684 5022 δῆλον
1702 4951 1744 5010 ότι
1766 4949 1817 5010 καί
1832 4952 1853 5019 ἧ

238 5041 353 5124 κειμένῳ
378 5045 477 5102 ἐκτῶν
500 5045 578 5123 τριῶν
593 5041 725 5124 τριγώνων
748 5045 800 5102 τῶν
825 5045 874 5123 βζη
894 5046 943 5121 βζκ
962 5047 1017 5115 εκζ.
1063 5049 1096 5116 ηθ
1110 5048 1135 5102 θι
1152 5042 1282 5122 ἑξαγώνου
1299 5044 1349 5103 εἰσί
1370 5041 1481 5123 πλευραί
1496 5045 1543 5100 τοῦ
1564 5042 1599 5108 εἰς
1613 5037 1658 5099 τὸν
1671 5038 1782 5118 μείζονα
1800 5036 1852 5098 κύ·
1958 5061 1959 5112 ι

237 5127 283 5190 T&
307 5129 359 5209 γὰρ
371 5129 423 5190 άπδ
440 5133 492 5190 τῶν
505 5133 609 5192 εὐθειῶν
626 5133 665 5214 ἐφ’
679 5121 721 5201 αἶς
735 5133 764 5202 εζ
785 5134 816 5206 ζη
837 5131 1017 5213 ἀφαιρούμενα
1063 5136 1125 5192 κλον
1138 5134 1342 5217 ἐγγραφομένου,
1367 5133 1412 5193 καί
1430 5131 1491 5214 περί
1512 5131 1560 5204 τήν
1581 5130 1622 5211 ἐφ’
1635 5123 1668 5202 ἧς
1693 5153 1725 5202 η,
1749 5129 1852 5205 τμῆμα
1958 5151 1959 5200 ;

240 5218 309 5287 ε’ντός
320 5223 365 5276 τοῦ
376 5219 502 5296 μηνίσκου
513 5219 565 5280 άπδ
577 5225 622 5280 τοῦ
635 5218 818 5302 εὐθυγράμμου
832 5220 962 5300 τμήματα
972 5221 1018 5281 ίσοι
1064 5221 1155 5300 όμοιον
1176 5227 1215 5305 τῷ
1240 5222 1426 5306 ἀφαιρουμένῳ
1444 5221 1496 5282 ύπδ
1513 5222 1617 5301 τῆεέφ
1650 5209 1854 5299 ἡηθπεριγε·
1958 5209 1959 5262 ί
