3938 5968
208 379 270 440 500
823 373 1038 436 ANDRONICI
1058 373 1191 434 llllODlI

209 510 265 572 ἔστί
279 515 326 585 τῆς
340 507 438 592 miluc·
456 513 474 582 ἡ
493 507 545 590 ἀρα
570 507 645 590 φιλία
665 507 715 578 ίίος
732 507 813 570 ἐστίν.
834 504 900 571 Ἔτι
923 513 992 591 φιλεῖ
1036 527 1110 566 causa
1124 515 1230 574 rescat,
1250 525 1309 578 qum
1328 511 1382 576 ipsa
1405 509 1522 562 amicitias
1543 509 1643 560 notione
1657 508 1803 559 continetur
1828 521 1836 551 =

207 627 246 670 τις
265 600 310 660 τὸν
328 599 425 678 ἀγαθὸν
448 599 538 682 φίλον,
553 597 594 658 ὁτι
607 600 679 678 αὐτῷ
699 597 794 677 ἀγαθιίς
812 599 894 659 ἐστιν·
911 603 925 658 ὁ
941 598 992 679 γθιρ
1039 589 1139 676 οθίξίῑῦὓ
1159 592 1274 674 θῐθθβοί
1294 587 1412 674 difficilia·
1439 589 1518 638 P⁰ll⁰
1533 583 1615 648 diligit
1630 582 1722 670 {liqui}
1738 582 1836 632 b⁰¹1¹¹¹¹¹

332 688 406 770 οε
428 711 582 768 εεεε
607 687 703 766 m<
727 686 828 766 νεε
851 690 890 766 ει
912 686 991 769 ω·
1037 659 1838 803 :attrectataeenecaretur

208 769 478 949 {ueritati
492 776 934 944 ‘titistzi‘titssll
947 775 993 836 “⁸¹
1038 813 1396 937 ςςνςςςνςςςςςι
1409 813 1606 932 ςςςςιςῑ
1625 809 1751 876 aar
1767 811 1837 861 rc

248 956 262 983 '¹
274 959 327 1018 Καὶ
338 955 404 1026 ὅλως
413 913 506 1017 τθίσάν
519 957 723 1016 ἀνταποδίδωσι·
736 955 842 1036 λέγεται
850 954 901 1036 γθρ
913 954 990 1038 φιλό-
1069 901 1182 1023 Dareique
1198 971 1243 1022 par
1258 956 1310 1021 pari
1323 898 1419 1006 relertl:
1432 969 1496 1038 nam⁸
1505 921 1617 1036 amicitia
1627 954 1709 1037 'vulgo
1720 953 1834 1018 equati-

143 1071 146 1078 .
207 1049 285 1118 τνςφ
307 1046 406 1120 ἰσότης.
422 1051 507 1106 ταῦτα
523 1045 549 1106 φρ
564 1047 613 1106 οὐκ
631 1047 692 1106 ἄνευ
715 1045 902 1128 προαιρέσεως.
920 1049 937 1118 ἡ
957 1043 985 1104 δὲ
1039 1033 1078 1082 tas
1097 1025 1754 1108 uocatur:i1aecautemnons1neconsutiuttiuut:
1774 1040 1838 1108 ocu·

208 1095 359 1220 προαίρεσις
382 1139 428 1218 ἀφ’
444 1136 565 1209 ihm-,5
592 1137 643 1216 ἄρα
658 1134 732 1220 φιχςα
749 1134 798 1205 Q
821 1133 902 1195 ἐστρν,
926 1139 944 1206 ἦ
967 1133 994 1194 δὲ
1039 1101 1122 1152 sitium
1137 1115 1196 1202 acro
1208 1099 1241 1150 ab
1253 1099 1341 1198 habitu
1360 1097 1542 1180 proticrscrtur:
1562 1099 1675 1178 amicitia
1688 1109 1747 1158 ergo
1761 1097 1838 1212 tratri}

1040 1175 1082 1222 tus
1097 1175 1154 1222 est.
1171 1175 1198 1223 at
1209 1175 1320 1234 amatio,
1338 1184 1419 1237 quum
1438 1181 1491 1221 stuc
1510 1168 1613 1220 consilto
1630 1167 1673 1230 tit,
1690 1179 1778 1220 merus
1796 1179 1826 1215 ca

209 1229 313 1309 φίλησις
331 1225 392 1286 ἀνιιι
406 1225 584 1308 προαιρέσεως
597 1217 677 1302 οὖσα,
696 1229 815 1308 καθαρῶς
830 1226 886 1286 ἐστι
900 1223 992 1293 πάθος.
1040 1245 1156 1300 affectus,

543 1395 612 1474 Κεφ,
634 1392 673 1466 η’,
1362 1393 1423 1457 cap.
1441 1390 1510 1442 vul.

209 1561 266 1614 Ὀτι
275 1564 370 1621 πολλοῖς
383 1561 445 1614 εῖναι
462 1562 559 1618 τελείως
571 1561 636 1624 φίλον
652 1561 696 1612 otia
715 1561 852 1628 ίνθίχεται,
869 1562 911 1612 καί
927 1565 997 1611 ποῖαι
1042 1567 1099 1614 Fieri
1116 1577 1163 1612 nou
1184 1567 1292 1624 nosse‚ut
1305 1566 1357 1623 quis
1370 1562 1472 1623 perlecta
1483 1563 1609 1608 multorum
1627 1561 1729 1606 amicitia
1745 1565 1836 1616 utatur,

443 1631 492 1677 τῶν
507 1629 531 1676 ἕο
547 1626 666 1686 ίίοοοίοῑς
679 1625 762 1690 φιλίαι.
1096 1637 1205 1695 etqualca
1215 1647 1296 1684 eorum
1306 1638 1344 1694 qut
1353 1635 1491 1682 auctoritate
1501 1633 1583 1680 ttoreut
1596 1633 1703 1678 amicitie
1714 1635 1770 1678 nint.

249 1769 281 1804 ⁴*
297 1767 391 1832 Ποίντα
409 1769 457 1847 μὲν
471 1759 516 1830 οάν
528 1769 561 1828 τθι
575 1767 664 1852 φιλικθ
679 1769 724 1828 καί
740 1768 757 1828 θ
771 1769 897 1849 προσήκει
914 1769 997 1852 φίλοις
1073 1774 1161 1827 Omnia
1178 1773 1253 1838 igitur
1273 1785 1331 1838 quas
1349 1771 1380 1822 ad
1401 1769 1537 1821 amicitiam
1558 1771 1672 1833 spectant
1686 1769 1717 1828 ¹et
1737 1768 1837 1818 amicos

210 1861 237 1919 ἐν
253 1863 287 1940 τῇ
306 1856 381 1939 φιλία
404 1857 545 1936 συμάαίνιι
567 1863 619 1917 τῶν
636 1861 741 1936 ἀγαθῶν
766 1857 843 1937 μόνῃ·
861 1860 887 1916 ἐν
903 1859 930 1916 δὲ
945 1861 998 1927 τοῖς
1042 1863 1142 1924 decent,
1159 1863 1185 1912 iu
1201 1862 1253 1912 suta
1265 1863 1389 1912 bonorum
1412 1858 1523 1910 amicitia
1537 1859 1619 1908 locum
1639 1857 1836 1908 habeutziuter

211 1947 349 2028 στρυφνοῖς
364 1947 409 2004 καί
431 1945 614 2025 πρισθντιιιοῖς
633 1938 712 2018 ἧττον
737 1945 838 2025 γίνεται
859 1951 876 2018 ἡ
903 1947 991 2028 φιλία,
1043 1956 1155 2002 austeros
1175 1953 1261 2002 autem
1275 1954 1301 2000 ct
1315 1963 1386 2000 senes
1401 1963 1430 1998 eo
1443 1949 1526 2000 ruinas
1544 1947 1654 1997 amicitia
1674 1945 1834 2008 conciliatur,

210 2033 264 2114 ὁσῳ
277 2033 469 2116 δυσκολιίιτεροί
483 2038 551 2108 τίσι,
566 2036 612 2095 καῖ
627 2027 707 2107 ἧττον
730 2042 789 2102 ταῖς
804 2034 921 2112 ὁμιλίαις
935 2037 996 2116 χαί·
1042 2043 1164 2107 quosunt
1179 2038 1333 2091 difficiliores
1353 2039 1486 2104 minusque
1503 2037 1633 2090 homiuum
1655 2049 1788 2100 congressu
1808 2039 1836 2086 et

212 2143 311 2205 ρουσιν·
329 2121 411 2205 ἡγθιρ
434 2123 526 2206 ὁμιλία
540 2123 587 2184 καί
608 2123 637 2185 τθ
651 2133 767 2185 συνεῖναι
790 2125 908 2186 δοκοῦσιν
929 2116 996 2188 εἶναι
1043 2129 1323 2182 semronedclectautur
1341 2147 1346 2177 :
1363 2141 1421 2178 uam
1442 2141 1522 2178 sermo
1537 2129 1564 2178 ct
1586 2127 1715 2178 convictus
1730 2125 1763 2176 ad
1775 2139 1838 2175 con-

211 2213 299 2296 φιλίας
311 2214 448 2286 ποιητινιά.
1043 2219 1212 2284 glutinandum
1235 2219 1370 2268 amicitiam
1392 2217 1475 2268 valere
1497 2216 1620 2268 videntur.
1670 2217 1763 2280 ltaque
1783 2216 1837 2264 cito

252 2302 304 2364 Διδι
324 2307 401 2362 τοῦτο
424 2302 476 2364 νίοι
496 2303 543 2383 μίν
569 2303 672 2386 ταχέως
688 2302 803 2381 γίνονται
827 2303 909 2386 φίλοι,
930 2327 994 2386 πρε·
1044 2311 1106 2359 liunt
1116 2310 1221 2374 juvenes
1236 2307 1322 2366 amici,
1338 2321 1409 2358 senes
1418 2321 1467 2356 nou
1484 2306 1544 2357 item
1560 2320 1661 2372 :neque
1678 2305 1744 2356 euim
1759 2305 1833 2370 quis-

212 2388 309 2452 σθῦται
324 2391 375 2450 ιδὲ
390 2391 445 2451 οὔκ·
458 2393 488 2450 οὐ
502 2391 552 2473 γθρ
566 2393 674 2452 δυνατὸν
686 2389 956 2472 φίλονγινέσθαιτινθι
971 2383 994 2474 ᾧ
1043 2415 1120 2465 quam
1135 2399 1175 2458 ei,
1198 2411 1249 2464 quo
1267 2400 1307 2450 vel
1324 2411 1373 2448 noo
1390 2396 1540 2456 delectatur,
1559 2397 1599 2448 vel
1623 2409 1682 2446 curu
1710 2409 1761 2460 quo
1785 2409 1837 2445 nou

212 2479 241 2537 οὐ
263 2477 352 2560 χαίρει
374 2481 433 2540 οὐδὲ
447 2479 539 2552 ἥδεται
562 2479 660 2541 συνών·
675 2483 753 2539 τοῦτο
770 2477 798 2538 δί
819 2481 844 2538 ίν
864 2489 917 2550 τοῖς
932 2504 996 2561 πρε·
1047 2487 1151 2538 libenter
1164 2489 1334 2545 conversatur,
1347 2499 1402 2537 esse
1416 2485 1511 2535 amicus
1522 2488 1604 2550 potest
1620 2502 1625 2534 :
1640 2483 1709 2550 quod
1722 2484 1749 2534 in
1766 2484 1835 2534 seui-

213 2567 323 2636 σάιίταις
342 2569 371 2628 οθ
388 2569 458 2629 πάνν
473 2569 622 2648 συμθαίνει·
637 2565 723 2648 ὀλίγον
738 2569 789 2649 γθρ
804 2570 891 2638 αὐτοῖς
906 2570 936 2630 τδ
952 2575 999 2644 τῆς
1045 2580 1092 2630 bus
1107 2593 1155 2630 uon
1169 2577 1241 2628 tacite
1254 2578 1359 2630 evenitr
1379 2591 1469 2643 parum
1481 2577 1546 2628 euim
1567 2575 1705 2640 voluptatis
1721 2576 1787 2626 inest
1808 2575 1835 2624 in

211 2660 316 2730 ἡδονῆς,
330 2656 382 2718 Διά
401 2656 434 2716 tt
449 2657 516 2717 αὔτθι
529 2659 560 2730 δὴ
575 2656 633 2716 οὐδὲ
650 2659 674 2716 οί
690 2655 813 2739 στρυφνοὶ
828 2657 898 2718 πάνυ
910 2657 997 2738 γίνον-
1044 2669 1102 2722 illis.
1122 2668 1289 2729 Quamobrem
1308 2681 1338 2718 uc
1353 2668 1446 2718 austeri
1459 2666 1562 2731 quidem
1580 2663 1725 2716 iacitetiuut
1743 2665 1837 2726 antici,

211 2769 256 2806 ται
276 2748 361 2828 φιλοι,
377 2747 437 2808 ἀλλ’
462 2751 486 2807 cl
500 2750 613 2806 τοιοῦτοι
629 2735 698 2806 είνοι
718 2745 766 2822 μίν
780 2749 845 2807 εἰσιν
862 2748 996 2820 ἀλλήλοις·
1045 2757 1089 2808 sed
1109 2755 1222 2808 benevoli
1241 2757 1303 2806 tales
1317 2757 1476 2820 potiusiuter
1492 2758 1608 2807 cesum:
1629 2755 1694 2805 bona
1707 2755 1775 2804 enim
1787 2753 1838 2804 sihi

214 2834 354 2915 βούλονται
377 2837 428 2916 γθρ
443 2835 568 2908 ἀλλήλοις
588 2833 623 2894 τά
650 2833 736 2916 ἀγαθά
752 2833 795 2894 διθ
816 2837 864 2910 τὴν
889 2837 996 2918 χρείαν,
1045 2851 1133 2898 mutuo
1143 2849 1243 2911 optant,
1265 2845 1359 2912 quibua
1373 2850 1458 2909 egent,
1471 2845 1515 2896 sed
1531 2849 1557 2896 et
1572 2845 1637 2896 alter
1648 2845 1680 2895 ab
1697 2845 1777 2895 altero
1792 2858 1838 2894 nc-

211 2927 258 2984 καί
274 2924 441 3004 λαμάἀνουσι
456 2928 521 3006 παρ’
536 2925 673 3002 ἀλλήλων,
686 2915 723 2984 ῶν
740 2925 862 3006 ίκάτερος
876 2927 999 3007 ίκατίρου
1044 2936 1168 3002 cipitquae
1179 2934 1321 2986 desiderat:
1333 2934 1432 2988 sednon
1445 2935 1581 2986 admodum
1595 2938 1654 2984 suut
1668 2934 1757 2992 amici,
1774 2934 1837 2998 quia

213 3015 309 3075 δεῖται·
325 3015 396 3096 φίλοι
407 3013 435 3074 δὲ
448 3015 478 3073 οὗ
493 3013 562 3075 πάνν
575 3013 643 3092 εἶσί,
654 3013 698 3074 td
712 3013 744 3074 τδ
759 3014 796 3092 μὴ
808 3016 995 3098 συνημιριύειν
1045 3039 1124 3090 neque
1141 3039 1190 3074 uua
1203 3028 1270 3074 totos
1281 3023 1334 3074 dies
1343 3027 1542 3084 commorantur,
1559 3037 1640 3089 neque
1653 3023 1716 3074 atter
1730 3021 1836 3072 alterius

214 3105 282 3184 μηδί
308 3109 411 3186 χαίρειν
440 3103 574 3176 ἀλλήλοις·
604 3104 622 3166 θ
648 3103 680 3177 δὴ
704 3103 820 3182 μάλιστα
843 3095 1001 3167 εἶναιδοκεῖ
1044 3116 1156 3166 moribus
1173 3113 1319 3174 delectatur,
1344 3127 1402 3180 quaa
1426 3115 1535 3166 maxime
1560 3113 1676 3165 amicitia
1704 3113 1837 3165 convenire

214 3193 306 3276 φιλιαδι
321 3192 367 3252 καί
388 3193 514 3265 ποιητικθ
526 3191 625 3275 φιλίας.
1045 3218 1150 3270 eamque
1165 3204 1245 3254 [acere
1257 3203 1383 3256 videntur.

254 3282 293 3308 '¹‘
311 3285 422 3352 Πολλοῖς
438 3281 465 3342 δὲ
485 3283 559 3364 φιλον
576 3272 643 3340 εἶναι
655 3281 700 3340 τθν
713 3283 856 3341 σπουδαίαν
869 3281 937 3342 κατά
950 3283 999 3358 τὴν
1076 3293 1125 3345 Sed
1141 3293 1249 3358 perlecta
1260 3307 1317 3344 cum
1329 3293 1417 3343 multis
1430 3291 1543 3344 amicitia
1561 3291 1666 3350 nemini,
1679 3291 1725 3357 qui
1736 3290 1774 3342 τῖε
1788 3291 1837 3341 bo·

215 3369 320 3430 τελείαν
332 3369 421 3450 φιλίαν
432 3374 479 3430 οὐκ
491 3373 637 3450 ἐνδέχεται,
645 3371 736 3452 ὥσπερ
746 3369 805 3430 οὐδὲ
813 3371 842 3429 ιθ
854 3372 917 3452 ίρᾷν
928 3375 995 3435 πολ·
1045 3397 1092 3434 uus
1105 3383 1145 3442 sit,
1165 3380 1318 3432 intercedere
1332 3385 1428 3447 potest,
1451 3382 1517 3432 sicut
1540 3381 1595 3433 lieri
1614 3381 1719 3446 nequit,
1734 3384 1763 3430 ut
1775 3381 1837 3444 quis

213 3461 267 3518 λῶν
285 3457 342 3534 ἀμα
355 3457 475 3518 δυνατόν.
493 3456 645 3536 Ὑπερθολὴ
668 3459 719 3538 γάρ
742 3457 781 3527 τίς
802 3459 858 3517 ίστι
871 3460 959 3540 φιλίας
980 3465 998 3535 ἠ
1044 3472 1181 3522 multarum
1194 3485 1336 3522 amoreuno
1349 3471 1561 3536 temporessagret.
1580 3473 1643 3522 Nam
1658 3469 1735 3520 nimia
1748 3469 1837 3519 amici-

213 3543 302 3604 τελεία
310 3547 396 3629 φιλία.
406 3547 446 3607 Τὸ
459 3545 486 3605 δὲ
494 3549 610 3606 τοιοῦτον
625 3544 690 3626 πρθς
700 3544 746 3605 ἕνα
757 3543 857 3627 πίφυκι
868 3545 995 3627 γίνεσθαι.
1045 3561 1087 3611 tiae
1100 3560 1180 3612 iorum
1192 3561 1303 3628 perfecta
1317 3561 1426 3612 audcitia
1438 3561 1547 3613 ridetur.
1558 3564 1611 3612 Hoc
1624 3565 1710 3614 autem
1720 3576 1777 3612 tum
1786 3576 1838 3611 uno

215 3636 256 3696 Τὸ
268 3633 319 3716 γορ
333 3636 387 3704 τοῖς
399 3637 486 3704 αὖοοῖς
499 3635 602 3716 χαίρειν
618 3635 734 3718 σφόδρα,
746 3637 775 3695 οὖ
792 3635 878 3717 ῥᾴδιον
893 3639 920 3696 la
935 3641 999 3701 πολ·
1044 3650 1166 3702 θιιιιίιιιιις
1181 3651 1274 3717 suscipi
1285 3651 1380 3716 patitur
1393 3665 1478 3702 rerum
1491 3655 1589 3704 natura.
1602 3651 1694 3704 iisdem
1708 3651 1776 3702 enim
1790 3665 1838 3702 re·

214 3725 267 3793 λοῖς
281 3715 360 3785 εἶναι·
376 3725 415 3785 ἔτι
436 3725 464 3784 δὲ
476 3725 534 3786 οὐδὲ
551 3723 684 3806 ἀγαθοὺς,
700 3725 745 3786 καί
759 3726 917 3797 σπουδαίους
932 3733 999 3791 πολ·
1044 3741 1172 3792 hcmcuter
1183 3739 1316 3802 delectari,
1331 3741 1375 3792 rix
1391 3745 1429 3792 est
1441 3741 1580 3792 multorum
1596 3759 1603 3790 ε
1618 3741 1684 3791 sicut
1701 3755 1747 3792 uec
1757 3741 1837 3791 bunos

214 3812 273 3882 λοθς
288 3805 357 3874 εἶναι
383 3814 480 3899 ῥᾴδιον.
498 3813 599 3883 Ἄλλως
620 3839 649 3876 τε
674 3841 708 3897 τη
724 3815 833 3896 τοιαύτῃ
858 3818 932 3901 φιλία
953 3819 999 3880 καί
1044 3835 1069 3880 et
1082 3830 1173 3895 probos
1193 3831 1286 3880 multos
1300 3830 1409 3896 reperire
1426 3828 1498 3882 tacite
1517 3835 1564 3882 ast.
1582 3827 1652 3881 Adde
1664 3830 1733 3896 quod
1751 3829 1776 3880 in
1790 3829 1838 3880 tali

215 3911 317 3987 μοοροῧ
334 3905 372 3965 δοῖ
386 3904 496 3988 χρόνου,
519 3905 564 3966 κοί
584 3905 736 3980 οοοηθοίος,
753 3904 798 3966 οοοῑὶ
813 3904 905 3986 eulpa<
920 3909 997 3989 ἅκρι-
1044 3920 1154 3970 amicitia
1172 3923 1227 3969 tum
1241 3918 1342 3984 longum
1362 3922 1461 3986 tempus
1478 3923 1504 3970 et
1520 3919 1687 3978 consuetudo,
1708 3922 1762 3968 tum
1780 3917 1838 3967 dili·

214 3994 275 4062 ἀοῦς
287 3995 421 4066 ἀλλήλοιν.
438 3999 526 4057 Τοῦτο
538 3993 565 4054 δὲ
578 3996 707 4076 χαλεπόν.
725 3993 802 4056 Κατθι
817 3994 845 4054 δὲ
859 3994 905 4064 τθς
916 3997 999 4070 ἄλλοις
1044 4023 1103 4073 geue
1114 4007 1251 4059 amicorum
1264 4008 1330 4060 iuter
1346 4023 1374 4060 sc
1387 4009 1525 4076 exploratio
1544 4009 1689 4074 requiritur.
1715 4009 1769 4058 Hoc
1785 4021 1836 4056 au-

215 4083 303 4164 φιλίας
314 4083 425 4152 πολλοῖς
438 4084 572 4165 ίνδέχεται
587 4089 679 4168 φιλεῖν·
696 4089 740 4148 καί
755 4088 807 4169 γὰρ
828 4087 872 4146 διὰ
885 4090 915 4148 τὸ
928 4089 996 4171 χρή·
1044 4100 1094 4148 tem
1104 4096 1205 4149 diiticitc
1217 4100 1265 4149 est.
1281 4100 1309 4148 lu
1322 4097 1425 4163 reliquis
1439 4113 1498 4150 reru
1512 4097 1629 4148 amicitiis
1645 4095 1734 4148 multos
1744 4107 1832 4144 amare

213 4195 292 4250 σιμον
316 4176 424 4241 πολλοῖς
447 4175 567 4254 ἀρέσκειν
583 4176 717 4256 ἐνδέχεται
732 4177 803 4250 τινά,
827 4177 872 4236 καί
889 4179 932 4240 δελ
948 4181 995 4252 τὴν
1043 4199 1176 4252 possumus
1188 4207 1195 4238 ι
1208 4185 1301 4238 etenim
1318 4190 1344 4238 et
1353 4187 1471 4238 utilitatis
1482 4201 1557 4238 causa
1575 4185 1659 4238 multis
1674 4183 1833 4249 placerene-

212 4258 308 4331 θδοοίιο
336 4258 448 4328 nollet<
470 4261 618 4342 ίρίλιιεται·
643 4265 735 4324 πολλοί
762 4265 813 4347 γὰρ
843 4271 867 4328 ci
893 4268 995 4338 τούτοις
1043 4279 1093 4328 teat
1115 4275 1219 4344 aliquis,
1245 4280 1270 4328 et
1292 4276 1421 4342 voluptate
1441 4278 1535 4328 multos
1555 4277 1633 4328 allicit
1653 4293 1660 4326 ·.
1678 4272 1752 4325 multi
1766 4272 1836 4324 cndu

214 4347 365 4430 χαίροντας,
382 4347 427 4408 καί
444 4349 488 4408 διὰ
502 4356 586 4410 ταῦτα
602 4357 750 4434 φιλοῦντας,
764 4355 809 4415 καί
824 4358 882 4415 οὐδὲ
897 4361 996 4418 πολλοῦ
1043 4369 1103 4416 suut
1121 4365 1165 4431 qui
1192 4365 1231 4416 iuis
1252 4365 1409 4417 delectantur
1433 4381 1463 4418 ac
1479 4370 1610 4433 propterea
1633 4368 1732 4424 amant,
1754 4377 1837 4429 neque

212 4436 309 4519 χρόνον
333 4437 434 4497 δέονται
459 4438 523 4520 πρὸς
545 4439 576 4499 τὸ
596 4442 689 4523 πεῖραν
709 4441 800 4503 λαθεῖν
827 4446 925 4527 ἀνιριὸἥ
945 4451 997 4508 τῶν
1043 4454 1238 4520 lcugotempore
1251 4455 1283 4506 ad
1299 4455 1392 4507 amicos
1407 4455 1572 4522 explorandos
1586 4458 1667 4519 egent,
1689 4454 1734 4506 sed
1751 4453 1837 4504 statim

213 4529 314 4610 φίλων,
332 4528 392 4586 ἀλλ’
418 4528 512 4588 αὐτίκα
531 4529 574 4588 tut
597 4529 645 4602 τὴν
671 4531 800 4612 χρείανῆ
826 4535 873 4608 τὴν
901 4537 997 4610 ἡδονὴν
1044 4547 1161 4598 utilitatis
1174 4550 1219 4598 aut
1233 4548 1370 4613 voluptatis
1388 4561 1463 4598 causa
1485 4561 1512 4599 se
1530 4533 1754 4597 amare'iateutur.
1774 4547 1836 4603 Quas

212 4617 370 4696 ὁμολογοῦσι
391 4617 486 4699 φιλεῖν.
503 4615 540 4678 Ἥ
555 4621 603 4698 μὲν
620 4608 664 4680 οθν
684 4621 772 4683 τελεία
792 4625 866 4705 φιλία
887 4625 958 4686 ἐστίν
977 4633 994 4702 ἡ
1043 4651 1102 4700 ergo
1116 4635 1176 4688 boui
1194 4650 1269 4689 causa
1290 4636 1432 4688 instituitur
1451 4635 1574 4694 amicitia,
1591 4638 1629 4686 est
1654 4633 1765 4700 perfecta
1785 4632 1836 4683 :ad

213 4705 256 4763 διὰ
267 4703 297 4764 τὸ
312 4705 418 4785 ἀγαθόν·
434 4705 501 4767 αἱδί
517 4708 576 4768 καθ’
598 4708 740 4789 ὁμοιότητα
755 4715 772 4784 ἡ
794 4718 841 4773 τοῦ
860 4715 994 4798 χρησίμου
1044 4727 1120 4792 hujus
1137 4729 1222 4778 autem
1237 4726 1427 4778 similitudinem
1440 4725 1536 4778 accedit
1553 4739 1582 4775 ea
1598 4738 1658 4789 quaa
1677 4723 1796 4775 utilitatis
1812 4724 1836 4772 et

212 4793 258 4854 κοί
272 4799 318 4854 τοῦ
332 4795 416 4866 θδὲος·
1043 4815 1180 4880 voluptatis
1191 4828 1267 4867 causa
1283 4815 1449 4867 contrahitur.

253 4883 307 4912 *¹¹*
317 4885 379 4945 Τῶν
392 4884 418 4945 δί
426 4885 485 4948 καθ’
494 4887 662 4966 ὁμοιότηταῆ
673 4896 718 4951 τοῦ
729 4891 803 4966 ἡδέος
809 4897 910 4974 μᾶλλον
919 4897 997 4977 ὁμοία
1075 4907 1167 4956 Earum
1180 4917 1310 4972 veroque
1328 4919 1344 4955 a
1358 4903 1521 4956 similitudine
1537 4901 1731 4956 denominantur
1749 4901 1836 4953 amici·

214 4973 315 5055 ίστίτῇ
329 4977 439 5059 ἀληθινῇ
459 4977 553 5061 φιλίᾳ,
568 4977 630 5039 ὁταν
654 4979 688 5040 cd
706 4984 771 5044 ciria
791 4986 854 5066 παρ’
871 4987 994 5061 ἀλλήλων
1044 4993 1079 5046 tia
1094 4993 1231 5060 voluptatis
1254 5009 1329 5047 causa
1346 4997 1474 5046 contracta
1496 4993 1576 5060 magis
1598 4993 1730 5045 adrerum
1747 4989 1836 5043 amici·

215 5117 1827 5156 ---—--—-—--—--......-.....-.....-...

245 5203 258 5232 ¹¹
272 5205 321 5255 Καὶ
334 5205 363 5256 τθ
375 5205 431 5292 ίσρν
442 5208 625 5296 ἀνταποδίδωσι
641 5217 694 5266 τιτλ.
713 5239 746 5251 -
758 5215 785 5242 **
801 5216 861 5281 Gap.
877 5221 899 5269 θ.
917 5217 957 5270 Ἐν
971 5220 997 5270 δὲ
1014 5227 1066 5281 τοῖς
1079 5231 1208 5292 στρυφνοῖς
1228 5230 1270 5280 καί
1283 5227 1458 5297 πρςσάντινιοῖς
1475 5231 1528 5282 ντλ.
1544 5253 1576 5268 -·
1587 5229 1633 5260 ¹⁴²*
1650 5228 1753 5284 Πολλοῖς
1766 5227 1789 5277 δ’
1801 5227 1838 5276 οἵ·

215 5291 254 5326 ναι
268 5279 335 5341 φίλον
347 5293 413 5328 aare
422 5295 466 5338 την
482 5283 576 5332 τιλιιαν
591 5285 642 5335 ατλ.
664 5309 688 5323 ··
702 5285 761 5316 *Μ
773 5288 872 5340 Τούτων
885 5292 1020 5361 θεμιῖλλοι
1035 5295 1100 5346 lousa
1113 5297 1180 5363 φιλία
1189 5299 1241 5350 κτλ.
