3934 5956
458 451 688 514 anniculum
709 450 1047 515 ulcomnctinouum
1068 449 1356 512 PARAPHRASIS.
1652 460 1711 520 329

104 590 159 649 κόν·
174 588 205 647 τό
219 588 249 646 θό
262 595 323 658 πη“
342 584 421 662 λόγου
440 582 567 664 μετέχον,
580 586 610 645 τό
629 584 738 662 θυμικόν
760 584 806 644 καλ
825 586 882 644 ἔτι·
931 593 982 657 tur,
996 594 1120 658 quatenus
1141 591 1165 640 ei
1183 589 1338 655 obtemperat
1360 592 1386 641 et
1406 605 1500 642 morem
1521 594 1591 656 gerit.
1614 598 1711 650 aaroni

102 675 255 753 deuorando·
270 679 348 732 τοῦτο
358 673 409 755 γθρ
428 677 548 733 κοινωνεῖ
565 672 662 753 λόγου,
682 673 741 734 καθ’
756 672 817 734 ὅσον
831 695 884 732 κα·
930 683 1013 730 autem
1027 677 1210 745 quodammodo
1220 691 1307 744 parere
1318 679 1393 729 animi
1404 683 1500 744 partem
1513 681 1711 750 rationiaexper-

102 764 198 838 τήκοόν
214 766 284 824 ἔστιν
300 765 378 822 αὐτοῦ
389 761 435 821 καλ
450 761 632 843 πειθαρχικόν.
648 759 710 824 Ὀτι
726 763 752 821 δὲ
769 759 886 821 πείθεταθ
931 767 1034 820 temvel
1047 768 1157 819 exomni
1172 767 1352 827 admonitione,
1371 767 1545 820 adhortatione
1560 774 1585 820 et
1597 772 1714 836 objurga-

103 881 160 924 πως
179 855 229 915 ὑπό
250 853 328 932 λόγου
349 852 380 912 τθ
404 850 516 930 ἄλογον,
532 850 644 933 φανερόν
668 851 720 911 ἀπὸ
730 854 782 910 τῶν
798 855 884 910 νουθι-
932 855 998 908 tione
1011 859 1126 922 apparet,
1147 856 1207 921 quia
1219 856 1260 907 hia
1278 857 1353 907 multi
1372 857 1510 908 animorum
1525 863 1610 910 motus
1620 860 1714 912 rationo

104 949 182 1018 σιῶν,
196 942 242 1004 καὶ
259 945 313 1003 τῶν
325 938 538 1021 παρακλήσεων,
557 941 602 1000 καὶ
623 938 810 1018 ἐπιτιμήσεων·
834 938 887 1000 ἀπὸ
932 947 1043 996 carentes
1054 943 1180 996 sedantur.
1195 944 1332 1009 Dupliciter
1346 948 1430 996 autem
1440 945 1532 996 dicitur
1544 947 1646 999 rationis
1662 963 1715 1000 ease

106 1033 208 1094 τούτων
221 1032 274 1114 γὰρ
295 1029 392 1091 πολλαὶ
411 1033 463 1089 τῶν
485 1029 587 1108 ἀλόγων
604 1029 732 1102 κινήσεων
748 1027 885 1109 ῥυθμίζον-
933 1034 1091 1099 participem,
1109 1033 1174 1084 sicut
1196 1037 1221 1084 et
1242 1034 1365 1086 rationem
1382 1034 1482 1087 habere.
1521 1036 1634 1088 Dicimus
1650 1039 1716 1090 enim

103 1147 158 1184 ται.
171 1125 272 1190 nonu<
287 1121 314 1182 dl
331 1121 436 1200 λέγεται
458 1119 488 1178 τὸ
507 1119 745 1200 λόγουμετέχειν,
761 1117 882 1197 καθάπερ
933 1123 1041 1188 aliquem
1056 1123 1135 1189 petris
1155 1126 1181 1174 et
1194 1124 1331 1174 amicornm
1352 1124 1474 1175 rationem
1486 1124 1590 1186 habere,
1609 1127 1655 1192 qni
1672 1142 1717 1193 pa·

105 1215 150 1274 καλ
159 1215 189 1272 τό
198 1212 276 1294 λόγον
290 1211 371 1291 ἔχειν.
392 1209 512 1289 Δόγομεν
530 1209 582 1289 γὰρ
595 1215 641 1269 τοῦ
657 1207 756 1290 πατρὸς
769 1207 814 1267 καὶ
828 1211 883 1265 τῶν
933 1211 1152 1277 renteadiligenter
1165 1215 1236 1263 curat
1247 1212 1408 1274 antemium,
1420 1215 1512 1278 etque
1524 1214 1561 1265 illi
1570 1215 1622 1266 ficri
1629 1217 1718 1280 jubent

106 1304 190 1385 φίλων
213 1301 291 1380 λόγον
306 1299 397 1380 ἔχειν,
423 1297 453 1356 τό
477 1295 677 1380 ἰπιστρόρεσθαι
698 1295 763 1378 πρὸς
784 1295 887 1366 αὐτούς,
934 1301 1101 1366 exsequitur:
1122 1301 1230 1352 dicimus
1245 1304 1271 1352 ct
1285 1303 1377 1352 artium
1392 1301 1625 1354 mathematicorum
1641 1306 1718 1355 ratio-

105 1380 205 1457 καλοῖς
224 1389 375 1450 καλιόουσιν
391 1385 580 1456 όξακολουθιῑν·
595 1384 707 1462 λέγομεν
726 1383 754 1444 δὲ
772 1383 818 1443 καὶ
837 1386 889 1442 τῶν
933 1404 991 1441 nem
1009 1390 1100 1441 habere
1116 1390 1238 1456 aliquem,
1261 1391 1306 1456 qui
1324 1405 1367 1442 eae
1389 1391 1471 1450 norit,
1493 1394 1538 1442 aut
1555 1393 1718 1458 cognitionem

108 1483 305 1561 μαθηματικῶν
329 1477 407 1554 λόγον
430 1473 520 1556 όχειν,
552 1476 583 1535 τό
610 1475 707 1534 εἰδέναι
734 1473 820 1549 αὐτό,
844 1473 889 1534 καὶ
935 1495 1021 1532 earum
1043 1481 1152 1546 aliquam
1171 1481 1211 1531 vel
1231 1481 1363 1532 scientiam
1388 1486 1535 1534 consecutus
1561 1486 1606 1534 cat.
1624 1485 1719 1536 Eodem

108 1569 206 1652 γνῶσίν
217 1591 276 1627 τινα
289 1565 334 1627 καλ
344 1564 492 1642 ἐπιστήμην
507 1565 592 1624 αὐτῶν
605 1562 687 1644 ἔχειν.
704 1563 783 1626 Κατὰ
798 1567 890 1622 τοῦτον
935 1583 1035 1634 quoquc
1057 1569 1131 1620 modo
1147 1569 1279 1634 dupliciter
1295 1570 1391 1635 aliquid
1406 1570 1499 1622 dicitur
1518 1573 1622 1624 rationis
1640 1575 1719 1638 parti-

107 1659 153 1718 τὸν
168 1657 265 1738 τρόπον
278 1657 379 1723 occid<
397 1653 503 1733 λέγεται
517 1656 563 1714 καὶ
575 1653 606 1714 τό
621 1653 700 1729 λόγου
715 1651 844 1733 μετέχειν·
860 1651 891 1710 τθ
936 1671 993 1722 cepa
1006 1677 1012 1708 :
1026 1657 1134 1723 primum
1151 1660 1249 1723 proprie
1260 1662 1285 1710 et
1296 1659 1322 1709 in
1339 1673 1366 1710 sc
1382 1659 1476 1710 habens
1486 1661 1563 1712 talem
1574 1662 1639 1721 mm,
1654 1665 1720 1714 sicut

108 1745 158 1825 μὲν
170 1747 267 1826 κυρίως
288 1745 334 1804 καλ
348 1745 375 1803 ἔν
389 1745 512 1826 ἑαυτι’ξ),·Ι
534 1743 626 1825 ὥσπερ
646 1743 710 1803 αὐτὸ
729 1743 760 1804 τό
775 1741 890 1822 λογικόν·
935 1759 994 1810 pars
1007 1747 1133 1798 rationalia
1148 1765 1154 1796 ι
1167 1745 1256 1797 deinde
1269 1747 1413 1812 improprie,
1430 1750 1459 1798 ut
1477 1749 1568 1811 altera,
1589 1751 1720 1816 quaqua

107 1837 137 1896 τὸ
154 1835 181 1894 δὲ
195 1836 238 1896 διὰ
252 1835 282 1894 τὸ
298 1833 388 1916 ἐκείνῳ
398 1834 568 1914 πειθαρχεῖν,
584 1833 663 1912 λόγου
678 1831 800 1914 μετέχειν
812 1831 888 1912 λέγε·
937 1835 1026 1884 rationi
1044 1839 1130 1899 paret,
1143 1836 1209 1886 sicut
1224 1836 1316 1901 aliquis
1326 1837 1404 1901 patri,
1418 1837 1520 1888 rationis
1535 1851 1635 1903 quoque
1645 1839 1721 1904 parti·

107 1949 168 1998 ται,
185 1922 277 2003 ὥσπερ
290 1948 330 1992 τις
344 1928 382 2004 τῷ
394 1924 475 2004 πατρὶ
489 1922 618 1985 πείθεται.
937 1936 995 1987 ceps
1004 1923 1105 1974 dicitur.

147 2019 297 2094 Διαιρεῖται
311 2012 338 2072 δὲ
353 2011 427 2084 καλὴ
442 2012 521 2093 ἀρετὴ
534 2011 603 2072 κατὰ
616 2012 663 2086 τὴν
680 2010 806 2094 διαρορθν
829 2009 892 2071 ταό-
970 2011 1019 2062 Sed
1031 2012 1116 2076 etipsa
1128 2012 1264 2063 secundum
1276 2012 1340 2063 hano
1357 2011 1523 2064 differentiam
1534 2013 1656 2065 dividitur
1668 2015 1721 2066 rir-

107 2121 166 2176 ιην·
181 2103 291 2183 λέγομεν
304 2101 356 2182 γὰρ
374 2101 468 2174 αὐτάς,
480 2099 527 2169 τὰς
545 2101 592 2178 μὲν
607 2101 791 2179 diaconumt„
806 2099 835 2160 αθ
846 2105 891 2160 τοῦ
937 2102 980 2151 tua
1001 2100 1083 2150 :alias
1098 2100 1162 2151 euim
1176 2100 1283 2150 virtutes
1298 2101 1323 2150 in
1338 2101 1484 2164 cogitatione
1498 2105 1523 2152 et
1540 2103 1636 2153 ratione
1653 2103 1721 2168 pooi-

109 2197 215 2272 λογικοῦ
230 2195 290 2251 τίσι·
302 2191 350 2259 τός
363 2191 391 2250 δὲ
404 2191 515 2266 ἠθικός,
530 2191 560 2250 αθ
578 2195 623 2252 τοῦ
639 2195 750 2270 θυμικοῦ
765 2191 812 2250 καλ
825 2192 889 2249 ἐπι·
937 2189 977 2242 λοῦ
990 2203 1043 2240 esse
1054 2187 1172 2248 dicimus.
1186 2202 1244 2254 (1¹1ae
1258 2188 1290 2238 nd
1303 2189 1448 2240 rationalem
1457 2189 1601 2241 referuntur
1613 2195 1719 2256 partem,

110 2284 255 2360 θυμητυεοῧ
278 2283 338 2342 εἶσι.
361 2282 416 2343 Kal
437 2280 601 2354 διανοητικαὶ
627 2281 674 2357 μέν
702 2281 769 2355 εἶσι,
793 2279 891 2363 σορία,
938 2277 1131 2330 &lldsadmffless
1145 2277 1282 2341 periinere,
1299 2291 1362 2342 (1⁰³⁵
1373 2278 1479 2329 morales
1491 2280 1644 2344 appellamus
1655 2294 1723 2344 quae·

111 2367 213 2436 σύνεσις
236 2369 281 2427 καλ
308 2368 444 2449 φρόνησις·
466 2368 556 2444 ἠθικαὶ
574 2369 619 2442 δέ,
648 2368 825 2448 ἐλευθεριότης
845 2367 892 2428 καὶ
938 2367 1147 2434 queaddteram
1161 2365 1310 2426 referuntur,
1325 2368 1350 2417 in
1363 2383 1413 2432 qua
1428 2368 1581 2418 iracundiam
1594 2373 1620 2418 ot
1639 2369 1723 2422 libidi-

110 2455 280 2538 σωφροσύνη.
296 2455 385 2518 'Ocea
408 2457 460 2538 γὰρ
485 2457 546 2538 περὶ
567 2461 613 2518 τοῦ
635 2458 712 2530 ἤθους
733 2456 895 2535 λέγωμεν,·
940 2471 997 2512 nem
1009 2458 1165 2510 collocamur.
1178 2461 1207 2510 1ο
1215 2459 1312 2510 ratione
1321 2459 1403 2524 poeita
1419 2463 1477 2510 sunt
1485 2459 1617 2524 sapientia,
1631 2459 1724 2510 intelli-

111 2546 141 2604 οὗ
164 2544 276 2622 λέγομεν
302 2545 346 2605 τόν
369 2543 505 2626 ἄνθρωπον
532 2545 649 2626 σορὸνῆ
678 2545 797 2618 συνετόν,
824 2543 895 2604 ἀλλὰ
939 2547 1022 2612 gentia
1032 2549 1057 2597 et
1069 2546 1214 2612 prudentia,
1233 2548 1259 2598 in
1273 2547 1384 2598 moribus
1393 2547 1529 2599 liberalitas
1544 2551 1570 2598 ct
1584 2551 1724 2613 temperan-

112 2632 271 2715 trodov‘xel
297 2632 430 2714 σώφρονα.
445 2632 622 2712 Ἐπαινοῦμεν
638 2632 665 2694 δὲ
687 2633 716 2692 τθ
734 2633 832 2716 σορόν,
850 2633 895 2693 διὰ
940 2635 984 2686 titi·
1000 2638 1051 2686 Νθῦ
1072 2635 1139 2686 enlm
1160 2636 1283 2695 wlemllss»
1305 2650 1385 2701 quum
1405 2635 1437 2687 (Ῑθ
1455 2637 1567 2688 ¹1¹⁰fib¹¹⁸
1588 2635 1722 2701 ¹0<11¹¹m¹¹f=

112 2723 160 2792 τλν
170 2721 273 2800 ἀγαθὴν
288 2719 355 2796 ἴξιν,
366 2720 424 2794 ἥτις
436 2722 506 2782 ἐστὶν
517 2722 611 2803 ἀρετή.
625 2721 682 2791 'sle
696 2721 746 2804 γὰρ
758 2721 896 2790 ἐπαινετθις
941 2724 1077 2789 capientem
1092 2726 1136 2774 aut
1149 2723 1339 2789 intelligentem,
1354 2724 1398 2776 ced
1416 2723 1504 2776 mitem
1519 2723 1603 2776 dicere
1616 2724 1724 2788 aliquem

112 2811 179 2882 ἔξεις
194 2809 289 2891 ἀρετὰς
305 2811 428 2889 λέγομεν.
542 2823 549 2837 “
941 2816 986 2864 aut
997 2814 1184 2877 temperantem.
1199 2813 1265 2872 Quin
1283 2812 1359 2864 etiam
1379 2813 1515 2878 sapientem
1531 2827 1545 2864 a
1559 2813 1623 2863 bono
1637 2813 1725 2864 habitu

153 2899 284 2979 (Scripsi
302 2905 338 2958 :⁸
361 2901 430 2960 ἀλλά
454 2903 517 2980 πη]
543 2902 632 2978 vulgo
648 2900 717 2960 ἀλλὰ
740 2905 791 2980 πῇ
818 2897 896 2947 ..θ
941 2897 1158 2962 1ουᾱοπιυο,ι[ιιω
1178 2901 1216 2949 eat
1232 2898 1320 2950 nutus.
1335 2898 1441 2949 Habitus
1455 2899 1583 2966 cnimeos,
1606 2899 1648 2960 qui
1666 2903 1725 2951 sunt

114 2989 182 3048 ἄλλο
194 3013 219 3046 τι
234 2987 286 3068 da]
302 2989 390 3066 vulgo
404 2990 469 3049 όλλό
484 3013 510 3049 τι
524 2989 563 3052 θν.
579 3000 641 3036 -0
660 2989 690 3048 τὸ
702 2989 731 3049 δέ
742 2991 796 3070 πη]
807 2989 897 3065 vulgo
942 2986 1091 3046 laudabilffl.
1103 2985 1212 3039 virtut&
1224 2999 1350 3041 mamus·

113 3077 147 3136 τὸ
168 3077 195 3138 δὲ
213 3081 262 3158 πῇ.
280 3109 321 3124 -
334 3076 348 3114 ‘¹
363 3075 408 3136 καὶ
423 3079 449 3136 ἰν
464 3080 566 3158 ἑαυτῷ]
582 3099 618 3137 ex
633 3078 805 3151 Aristotelc3
830 3077 895 3141 cod.

115 3165 162 3223 καὶ
176 3167 275 3244 ἑαυτῷ.
285 3195 326 3212 -
339 3164 496 3246 ’λόγωμεν]
506 3167 570 3227 cod.
588 3165 707 3246 λέγομεν.
722 3189 782 3227 -ι
794 3167 897 3246 πρᾶον]
959 3165 965 3172 ’

115 3253 206 3330 vulgo
225 3263 321 3336 πρᾷον.
