3934 5956
256 319 317 382 296
477 312 529 375 ou
550 307 790 374 serstorum
816 305 988 382 museus
1011 303 1228 368 otsotruuls
1250 301 1300 364 ET
1321 301 1634 366 suocsssoemus

256 465 372 512 exarata
386 468 447 510 esse
466 446 645 520 ferebantur,
656 447 689 506 in
706 444 878 504 adulterinae
892 441 1035 502 editionis
1082 440 1152 500 tatio
1164 438 1335 499 attribuitur
1349 438 1382 497 in
1394 435 1546 496 codicibus
1557 456 1639 496 manu
1648 439 1767 513 ematis,
1776 461 1813 502 nee

257 543 352 601 locum
366 539 508 600 sinceram
524 535 743 598 substituerent.
756 533 855 604 Quid?
869 532 949 611 synod
960 531 1035 592 ordi·
1082 550 1143 589 non
1156 549 1174 588 a
1186 527 1337 608 Simplicio
1352 528 1384 586 in
1399 525 1567 603 Categorias
1581 539 1609 584 et
1622 524 1751 586 Favorino
1760 533 1813 608 apud

256 651 323 690 nem
341 628 484 687 librorum
499 623 826 700 Aristoteleorum,qui
841 643 919 682 nunc
936 623 968 680 in
983 642 1037 681 no·
1089 619 1238 678 Laertium
1254 616 1316 696 (ιγ)
1328 615 1381 677 lib.
1394 615 1430 688 V,
1447 636 1502 689 ar,
1517 613 1657 694 siquidem
1668 615 1736 690 quod
1749 616 1782 676 ibi
1791 640 1814 678 ιι
1898 631 1899 634 ’

255 718 325 776 stris
345 712 561 793 exemplaribus
575 725 636 784 est,
652 710 688 770 ab
711 711 882 769 Andronico
900 721 1036 788 repeten—
1083 709 1205 787 septimo
1222 705 1392 764 Ethicorum
1404 703 1563 783 profertur,
1578 704 1609 761 in
1622 704 1733 780 septimo
1745 703 1814 765 Eude

256 807 326 863 duan
341 803 552 862 existimamus.
571 799 643 858 Nam
659 799 842 878 Porphyrius
858 798 917 876 (rt)
933 798 962 855 in
977 797 1038 856 vita
1084 795 1210 851 mim-um
1232 806 1343 866 exstat3
1361 795 1432 852 item
1451 813 1468 851 a
1492 791 1622 851 Gemisto
1637 791 1794 872 eleuone‚q

255 891 368 950 Plotini
391 911 455 970 cap.
480 898 517 958 al,
543 888 688 948 memoriae
707 887 820 966 prodit,
837 887 1036 945 Andronicum
1085 893 1150 960 post
1163 881 1357 942 Nicomachea
1375 881 1432 940 hoc
1454 901 1529 961 opus
1553 881 1688 960 scriptum
1704 893 1816 958 putat,et

256 980 421 1038 Aristotelis
437 991 466 1038 et
480 977 676 1054 Theophrasti
690 976 842 1034 volumina
856 975 888 1034 in
899 987 1037 1034 tractatus
1083 969 1202 1028 illorum
1220 969 1302 1028 uelut
1326 969 1561 1047 supplementum
1583 981 1667 1046 atque
1680 968 1816 1027 emendatio-
1898 1005 1899 1024 2

255 1065 453 1139 distribuisse,
467 1067 508 1125 ita
517 1079 549 1123 ut
563 1063 662 1122 affinis
674 1063 837 1138 argumenti
850 1063 958 1139 scripta
969 1083 1038 1122 con·
1084 1075 1150 1116 nem
1163 1057 1314 1117 continere
1328 1056 1500 1118 arbitratur.
1516 1055 1572 1114 Sed
1595 1056 1661 1133 quia
1676 1074 1759 1114 rerum
1772 1075 1816 1114 rer

252 1155 399 1233 jungeret.
415 1155 473 1225 oui
485 1153 558 1213 ordo
573 1165 691 1231 praestat
705 1152 800 1230 priori
812 1152 1037 1210 commentario·
1083 1145 1247 1223 horumque
1257 1145 1404 1222 quandam
1418 1143 1456 1204 ab
1471 1143 1644 1202 Aristotelea
1657 1155 1684 1201 et
1695 1143 1816 1203 dicendis

255 1264 320 1302 rum
354 1242 587 1322 perturbationi,
612 1261 700 1320 quam
735 1241 864 1300 servavit
894 1239 1038 1316 Diogenes
1085 1234 1316 1314 philosophandi
1340 1253 1448 1310 genere
1470 1233 1725 1293 dissimilitudinem
1741 1231 1816 1308 haba,

256 1331 389 1392 Laertius
408 1331 461 1392 lib.
484 1330 519 1405 v,
544 1332 636 1389 αα-αδ
658 1329 908 1409 scriptionumque
930 1329 1037 1406 indici,
1084 1322 1483 1402 hocantiquaephiloscphiae
1497 1333 1707 1381 monumentum
1718 1320 1814 1399 aliht),
1898 1333 1899 1378 ζ

255 1440 342 1498 quern
363 1419 482 1479 exhibet
499 1421 631 1478 incertus
643 1419 771 1496 scriptor
785 1418 854 1476 vitae
877 1417 1038 1476 Aristotelis
1084 1411 1239 1489 inquibus
1255 1423 1351 1487 etego
1366 1430 1463 1470 meum
1474 1428 1581 1470 nomen
1592 1409 1730 1489 profiteor,
1741 1409 1817 1466 reatin
1898 1439 1899 1464 ;

255 1507 333 1586 apud
348 1507 513 1584 hienagium
524 1505 560 1564 ad
571 1505 656 1582 Diog.
672 1509 769 1563 Lae'rt.
782 1503 836 1565 lib.
849 1503 884 1576 V,
899 1503 1038 1563 ssess-
1085 1500 1215 1558 Eudemo
1230 1499 1394 1561 vindicant.
1407 1499 1437 1559 ls
1449 1513 1546 1559 autem
1561 1519 1619 1558 nnn
1634 1495 1818 1575 solumadphi·
1898 1517 1899 1560 ι

256 1595 396 1654 litandum
417 1609 528 1665 tamen,
552 1614 618 1652 eum
641 1594 799 1652 nonnullas
821 1591 1039 1652 dissertationes
1085 1589 1251 1666 losophiam
1266 1589 1504 1668 pertractandam
1527 1607 1559 1648 se
1580 1588 1667 1660 dedit,
1681 1585 1724 1646 sed
1739 1584 1818 1642 matie
1898 1573 1899 1606 i

255 1703 311 1760 pro
322 1684 431 1763 spuriis
446 1681 603 1755 habuisse,
618 1699 684 1758 quae
694 1679 763 1757 jure
778 1681 844 1739 aliis
855 1679 1039 1758 philosophis
1086 1676 1205 1734 anaticas
1222 1675 1281 1756 (19)
1298 1677 1383 1736 etiarn
1411 1676 1587 1757 disciplinas
1608 1689 1636 1735 et
1655 1687 1772 1734 mucram
1783 1693 1817 1730 ου

255 1783 339 1831 aetate
362 1769 576 1849 posterioribus
601 1769 735 1846 genuina
756 1767 941 1826 ddebantur.
958 1766 1039 1828 Talis
1086 1763 1321 1844 gnitionem(ao)
1337 1765 1490 1844 protessus
1509 1779 1564 1825 est.
1581 1764 1660 1824 Adde
1678 1763 1818 1841 quodniulta
1898 1775 1899 1838 ζ

255 1871 299 1918 cst
312 1859 469 1936 disputatio
491 1859 528 1913 de
545 1857 801 1932 interpretatione,
830 1856 914 1930 cujus
937 1867 1038 1914 arieto·
1090 1853 1224 1912 fabulose
1238 1853 1275 1912 de
1291 1854 1394 1914 mundi
1409 1855 1525 1931 origine
1539 1855 1571 1913 in
1585 1853 1689 1931 seriptis
1705 1851 1750 1910 suis
1766 1849 1819 1906 rete

256 1945 369 2003 ritatem
394 1955 491 2002 tuetur
514 1943 679 2001 Alexander
703 1941 763 2022 (rs)
785 1941 1034 2020 Aphrodisiensis.
1085 1958 1153 2000 rens
1166 1940 1203 1999 de
1214 1939 1349 2014 deorum,
1363 1941 1413 2018 qui
1424 1942 1533 2018 partim
1544 1939 1620 2019 apud
1631 1937 1816 2014 Graecospautin
1898 1983 1899 1986 ι

255 2032 338 2092 Adde
357 2051 422 2108 qua
443 2030 581 2090 Boethius
594 2042 623 2088 et
646 2029 815 2108 Simplicius
827 2033 859 2088 in
873 2031 1039 2106 Categoria·
1086 2027 1163 2104 apud
1178 2025 1320 2087 barbaros
1333 2029 1472 2088 coluntur
1487 2029 1598 2110 (aspri
1616 2047 1647 2086 ac
1656 2038 1770 2107 potestate
1780 2025 1818 2082 dis

258 2142 323 2181 rum
343 2121 537 2198 explicatione
561 2129 663 2178 contra
686 2118 854 2179 Andronici
882 2119 1039 2180 sententias
1087 2118 1209 2192 putavit.
1243 2116 1439 2196 Philosophiae
1462 2119 1562 2178 studio
1587 2119 1626 2176 ita
1649 2117 1781 2185 tenebatur,
1795 2129 1817 2172 ut

255 2209 412 2269 disserunt.
1086 2204 1173 2264 unice
1189 2205 1220 2265 in
1235 2207 1366 2284 magistri
1380 2207 1523 2288 operibus
1538 2205 1740 2290 interpretandis
1750 2223 1817 2262 reus·

296 2301 437 2356 Eudemus
456 2296 588 2356 Rhodius
604 2295 679 2372 (ιδ),
700 2294 786 2372 cujus
800 2313 890 2372 supra
913 2295 1039 2354 mentio·
1087 2306 1169 2352 retur
1190 2295 1251 2374 (aa)
1278 2298 1402 2376 ejusque
1427 2301 1555 2376 vestigia
1577 2300 1676 2378 ubique
1698 2305 1817 2376 prement,

256 2407 321 2448 nem
338 2388 410 2462 feci,
426 2387 593 2446 auditorum
609 2385 777 2444 Aristotelis
788 2397 855 2460 post
867 2384 1039 2462 Theophra·
1086 2402 1139 2442 nec
1164 2384 1221 2442 nisi
1246 2405 1311 2444 raro
1331 2385 1368 2444 ab
1391 2406 1427 2445 eo
1448 2386 1627 2449 dissentiret.
1650 2386 1752 2465 Scripsit
1768 2402 1816 2441 vero

257 2491 333 2537 stum
356 2477 616 2556 prestantissimus
635 2473 701 2536 luit.
719 2473 794 2531 lluic
814 2471 916 2532 Ethiea
931 2473 967 2531 ad
982 2473 1038 2532 Eu·
1088 2473 1164 2532 varii
1181 2475 1345 2549 argumenti
1361 2475 1517 2538 uolumina
1534 2497 1541 2536 a
1560 2476 1678 2555 Physica
1692 2477 1751 2552 μδ),
1765 2473 1817 2530 Ana·
1898 2483 1899 2546 ἢ

256 2566 373 2625 tleruum
390 2565 520 2624 creditur
535 2563 703 2634 dedicasse,
717 2581 783 2639 quae
794 2561 845 2620 alii
860 2561 972 2620 malunt
987 2561 1039 2622 Ei·
1088 2562 1195 2639 lytica,
1220 2563 1256 2620 de
1281 2565 1437 2640 categoriis
1452 2567 1526 2644 (ao),
1552 2566 1588 2624 de
1609 2562 1815 2641 interpretatione,
1898 2557 1899 2616 ζ

256 2653 354 2730 δήμοιο
362 2653 471 2714 .vocari
484 2651 520 2710 ab
538 2651 685 2723 Eudemo,
701 2663 841 2728 tanquam
853 2649 890 2708 ab
906 2661 1035 2711 auctore.
1086 2650 1122 2709 de
1132 2653 1250 2726 angulo,
1258 2651 1411 2712 historiam
1421 2654 1620 2726 arithmeticae,
1631 2651 1769 2730 geometria
1776 2648 1816 2726 (τί)
1898 2627 1899 2652 ί

257 2741 291 2800 lit
308 2741 458 2801 Aristoteli
480 2739 598 2818 quidem
613 2739 675 2798 haec
694 2738 730 2798 de
744 2736 877 2796 moribus
893 2757 1038 2796 commen·
1086 2752 1115 2798 et
1136 2741 1311 2815 astrologiae,
1333 2742 1369 2800 de
1389 2741 1521 2802 dictione
1544 2757 1627 2822 atque
1644 2743 1710 2814 alia,
1727 2757 1817 2817 quorun
1898 2727 1899 2740 ¹

261 2849 1813 2874 ..Μ-..Ἡ

258 2908 357 2966 artiore
378 2909 553 2969 ἀνατιθέντων,
569 2911 602 2966 ὡς
623 2907 656 2956 τὰ
670 2905 814 2973 Πυθαγόρου
836 2907 880 2958 καὶ
900 2907 1043 2978 Σωκράτους
1089 2907 1126 2957 Ol.
1139 2907 1233 2958 Fabrio.
1250 2907 1267 2958 l.
1280 2921 1302 2958 e.
1318 2921 1342 2973 p.
1357 2913 1411 2960 too.
1427 2935 1460 2946 —
1472 2912 1524 2974 (17)
1535 2911 1650 2976 Diogenes
1658 2903 1787 2958 Laertiuslb.
1797 2903 1816 2956 l,

259 2979 443 3044 ἐπιγραφόμενα
463 2979 559 3044 βιδλία,
581 2979 614 3042 μὴ
635 2978 696 3028 ὄντα
710 2977 854 3044 Σωκράτους
867 2980 883 3038 ἢ
896 2978 1041 3044 Πυθαγόρυυ
1089 2983 1117 3028 21
1133 2979 1192 3043 φησὶ
1206 2980 1231 3028 dl
1243 2981 1388 3046 Φαδωρῖνος
1400 2981 1425 3031 ἐν
1443 2987 1482 3044 τῷ
1500 2983 1603 3047 δευτέρῳ
1619 2987 1663 3030 τῶν
1681 2981 1818 3041 &renupse-
1898 3003 1899 3030 ι

258 3051 320 3102 ἀλλὰ
332 3054 493 3118 Σωκρατικῶν
507 3051 549 3101 καὶ
564 3051 752 3115 Πυθαγορικῶν·
765 3051 780 3108 ἡ
794 3049 835 3098 διὰ
845 3049 981 3114 φιλοτιμίαν
997 3051 1043 3114 βα·
1088 3048 1189 3112 μάτων,
1202 3053 1242 3106 ῶς·
1251 3050 1371 3102 ἑκάστοτε
1383 3052 1462 3116 λέγει,
1474 3052 1510 3104 Ὦ
1527 3055 1602 3118 φιλοι,
1615 3052 1685 3108 οὐδεὶς
1698 3047 1760 3114 yon·
1777 3041 1817 3094 illi
1898 3057 1899 3068 ¹

257 3123 364 3194 αιλικήν·
382 3122 505 3178 ‘leodecus
525 3119 574 3187 γάρ
589 3127 633 3171 τοῦ
652 3120 748 3171 Aretois
764 3120 883 3183 βασιλέως
894 3121 1042 3184 συνάγοντας
1087 3119 1128 3168 καί
1141 3119 1166 3169 ἐν
1181 3120 1217 3184 τῷ
1233 3121 1330 3186 θδδὸμῳ
1353 3126 1402 3171 τῶν
1417 3121 1525 3173 Ἧθικῶν
1540 3124 1605 3174 ἐστι·
1623 3122 1662 3172 καί
1681 3123 1746 3168 ταῦτα
1758 3113 1817 3179 psit
1898 3135 1899 3150 ι

97 3205 119 3214 ”
162 3201 202 3212 δ’
222 3191 456 3259 “““τά’ῘῘυδαγόρου
479 3193 521 3243 καί
540 3191 696 3256 Πτολεμαίου
715 3191 747 3240 τὰ
765 3187 959 3256 Ἀριστοτέλους,
980 3191 1042 3249 τινλς
1088 3191 1161 3240 αὐτὸν
1171 3191 1423 3259 &sapimus—(18)
1432 3193 1590 3245 Christianus
1602 3192 1708 3243 oreierus
1716 3185 1816 3250 saepis

257 3264 389 3324 καπηλείας
412 3261 483 3328 χάριν
502 3261 535 3310 τὰ
556 3260 662 3326 τυχόντα
684 3259 864 3325 συγγράμματα
879 3257 1043 3322 λαμὸάνοντες
1086 3273 1111 3324 p.
1127 3261 1295 3326 347egregius
1312 3266 1407 3322 auctor,
1428 3264 1484 3314 sive
1504 3265 1692 3329 rnmpmastus.
1707 3253 1817 3310 dseEude

255 3334 369 3396 ίκέδρσυν
381 3333 423 3381 καὶ
435 3331 527 3389 lennes
549 3331 589 3380 διὰ
609 3331 766 3396 παραθέσεως
778 3330 841 3380 νέων
853 3330 955 3394 πυρρῶν
975 3329 1039 3395 (lag.
1086 3343 1144 3380 rnus
1166 3330 1243 3381 luerit
1272 3333 1404 3384 morsuum
1424 3335 1611 3387 Eudemiomm.
1633 3336 1709 3383 Fraus.
1730 3324 1817 3403 Patricius
1898 3327 1899 3384 ζ

258 3403 394 3469 puppini),
417 3403 459 3452 θνα
476 3403 560 3466 οχοῖαν
583 3403 652 3462 δῆθεν
675 3403 719 3460 τὴν
732 3402 759 3450 ἐκ
778 3405 822 3450 τοῦ
838 3399 929 3465 χρίνυυ
948 3400 1042 3458 ἀξιοπι-
1087 3399 1191 3452 disouss.
1210 3402 1343 3467 Peripatet.
1359 3417 1384 3468 p.
1398 3409 1428 3454 25
1444 3407 1470 3455 et
1482 3410 1515 3457 40
1533 3403 1636 3456 Eudemi
1648 3401 1721 3468 polius
1735 3392 1817 3448 uetuit
1898 3445 1899 3466 ,

258 3473 328 3524 στίαν
339 3477 374 3534 'h
395 3474 425 3523 δι’
442 3471 582 3536 ὁμωνυμίας
596 3473 754 3536 συγγραφέων
771 3474 787 3532 ἢ
807 3470 1007 3536 συγγραμμάτων
1024 3473 1040 3534 ἢ
1087 3473 1146 3521 sunl
1159 3485 1225 3532 esse,
1239 3486 1297 3523 oum
1309 3475 1448 3539 presertim
1462 3476 1522 3527 stilo
1534 3479 1560 3527 et
1573 3487 1652 3527 rerum
1664 3471 1734 3536 alque
1743 3463 1817 3518 druse
1898 3485 1899 3498 ι

256 3544 444 3610 ὑπομνημάτων.
465 3542 534 3594 idem
554 3557 579 3607 p.
601 3549 639 3593 m.
657 3557 680 3592 o.
702 3543 817 3609 δεύτερον
839 3543 875 3600 τίς
895 3545 910 3603 ἡ
924 3544 1041 3610 διαίρεσις
1086 3545 1139 3594 tute
1157 3543 1208 3594 sint
1227 3543 1259 3595 ab
1271 3544 1436 3597 Nicomachus
1449 3545 1606 3606 disserentes,
1621 3542 1724 3610 equibus
1734 3537 1817 3588 ridentur
1898 3551 1899 3554 ¹

257 3621 306 3666 τῶν
322 3615 518 3682 Ἀριστοτελικῶν
534 3614 730 3680 συγγραμμάτων
744 3615 838 3665 πολλῶν
851 3614 1039 3680 δντων,χιλίων
1085 3627 1219 3680 usurpasse
1239 3618 1374 3680 (γυοεθυαι,
1399 3617 1517 3681 quintum
1537 3621 1562 3668 et
1585 3617 1677 3668 sextum
1695 3603 1816 3668 librosiui

258 3688 300 3737 τδν
319 3685 436 3752 ιἰριθμὸν,
450 3688 482 3743 ῶς
494 3702 551 3750 φησι
568 3687 723 3748 Πτολεμαῖος
744 3687 757 3734 δ
775 3685 924 3750 Φιλάδελφος
936 3685 1041 3750 άναγρα-
1085 3681 1163 3734 iidem
1175 3683 1222 3748 ipsi
1234 3687 1293 3733 sunt
1307 3689 1332 3734 el
1345 3685 1422 3736 rebus
1432 3690 1458 3736 et
1478 3688 1563 3738 verbis
1575 3701 1630 3738 eum
1639 3684 1728 3750 quinto,
1739 3675 1816 3728 “¹¹⁰3

258 3758 303 3818 φήν
323 3758 404 3807 αὐτῶν
418 3756 585 3819 ποιησάμενος
596 3757 638 3806 καὶ
655 3756 698 3806 τὸν
713 3755 766 3820 βίον
780 3756 856 3804 αὐτοῦ
871 3756 912 3804 καὶ
929 3755 972 3815 τήν
989 3755 1041 3804 διά-
1086 3754 1191 3818 septimo
1207 3754 1378 3806 Nicomachus.
1393 3755 1431 3807 Gi.
1444 3758 1547 3810 densius
1556 3759 1587 3810 de
1600 3757 1677 3820 script.
1689 3753 1737 3804 hist.
1748 3744 1813 3811 pilli

257 3828 333 3877 θεσιν.
346 3851 378 3862 -
387 3827 435 3888 (ll)
446 3825 598 3890 Porphyrius
607 3824 653 3876 rit.
666 3823 755 3876 Plotin.
768 3837 821 3888 cap.
834 3826 887 3875 24⁶
901 3824 1042 3891 δὲ’(Ἆνδρό-
1088 3829 1116 3873 15
1136 3826 1162 3874 et
1181 3825 1267 3878 Herm.
1289 3825 1442 3878 Fritasohius
1460 3827 1489 3878 in
1508 3827 1580 3892 prati.
1595 3827 1626 3878 ad
1639 3825 1724 3878 Ethira.
1734 3811 1815 3868 sudent.

257 3896 341 3960 νικος)
357 3897 390 3946 τά
410 3895 589 3962 Ἀριστοτέλους
600 3895 642 3946 καί
658 3896 818 3962 Θεοφράστου
831 3897 863 3953 είς
874 3896 1041 3962 πραγματείας
1085 3919 1117 3929 -
1137 3894 1186 3956 (19)
1197 3893 1254 3944 Vid.
1278 3894 1366 3958 fragm.
1392 3899 1471 3946 aeos.
1486 3923 1519 3934 -
1532 3895 1648 3962 (imvm
1668 3891 1741 3954 stepo·
1756 3883 1814 3933 94¹⁹&

257 3969 342 4024 διεῖλε,
358 3966 402 4023 τὰς
418 3967 509 4024 οίκείας
528 3968 653 4024 ὑποθέσεις
671 3969 704 4023 είς
727 3967 814 4016 ratem
835 3967 990 4030 συναγαγών.
1009 3990 1042 4003 -
1084 3990 1116 4000 -
1133 3967 1180 4027 (21)
1190 3963 1246 4014 vid.
1262 3963 1351 4028 fragm.
1369 3969 1422 4017 117.
1436 3991 1469 4003 -
1482 3969 1530 4030 (m)
1541 3965 1675 4032 Simplicius
1688 3962 1710 4011 iu
1723 3957 1779 4018 Phys.
1787 3951 1812 3999 ²9·
1898 3957 1899 3960 ’

257 4036 307 4098 (ts)
319 4035 459 4085 Alexander
472 4035 705 4100 Aphrodisiensisin
718 4037 776 4088 libr.
794 4037 915 4100 IAnalyt.
935 4036 979 4087 iol.
1000 4041 1038 4087 52.
1085 4047 1108 4084 a.
1131 4035 1272 4100 δΕὕδημος
1291 4038 1327 4102 τῷ
1344 4035 1507 4102 Ἀριστοτέλει
1527 4025 1816 4098 πάντακατακυλυνίῶθζ
1898 4073 1899 4076 ,

257 4105 401 4166 s.(sclroll.
413 4105 487 4156 Arist.
499 4119 523 4170 p.
539 4111 591 4157 tol.
604 4105 629 4156 b.
648 4106 686 4157 ed.
702 4107 826 4170 Brandis.)
839 4108 863 4158 ἐν
875 4108 921 4173 γὰρ
935 4113 971 4171 τῷ
983 4109 1041 4175 περὶ
1085 4103 1136 4168 (2³)
1158 4105 1263 4170 Physica
1288 4107 1313 4156 in
1335 4109 1387 4158 tros
1406 4107 1484 4159 libros
1508 4108 1587 4159 divisa
1607 4099 1815 4166 manumittentiss
1898 4113 1899 4126 ³

260 4175 483 4241 Ἓρμηνείαςίυαρ.
502 4175 638 4240 θθλίδειξε
649 4179 692 4234 τὰς
703 4179 746 4228 τὸν
760 4178 851 4243 τρόπον
863 4179 966 4244 ἐχούσας
981 4181 1040 4230 ἄνευ
1084 4175 1333 4242 pluresasirnplicto
1344 4177 1506 4242 citanturlin
1521 4179 1611 4246 quibus
1625 4168 1745 4226 Aristotelis
1754 4163 1815 4241 Phyll·
1898 4203 1899 4240 γ

239 4251 301 4298 ,ταῦ
322 4246 474 4308 ἀποφατικοῦ
496 4249 774 4313 προσκατηγοροίμενον
796 4247 876 4304 πάσας
893 4248 1040 4312 καταφάσεις
1084 4258 1169 4294 eorum
1187 4248 1244 4295 ooto
1258 4246 1439 4311 librospraeter
1459 4249 1592 4314 septimum
1610 4239 1760 4310 explicaverat
1773 4227 1811 4278 Vll·
1898 4241 1899 4244 ’

258 4315 329 4364 εἶναι.
349 4315 395 4364 Διὰ
415 4319 489 4364 τοῦτο
504 4316 640 4381 προσέθηκε
656 4317 685 4366 τὸ
703 4335 715 4360 ιι
736 4315 843 4382 καθάπερ
853 4317 935 4381 ἐλέχθη
952 4318 1041 4385 πρδτε-
1084 4315 1172 4381 fragm.
1187 4320 1225 4368 to.
1236 4317 1338 4370 Solebat
1352 4323 1436 4371 sutem
1452 4321 1597 4386 scriptorem
1605 4313 1813 4370 duutasoteutmtt.
1898 4311 1899 4324 t

257 4403 334 4450 pas».
351 4383 391 4444 'ut
408 4381 442 4435 ὧν
465 4385 507 4436 καὶ
523 4387 604 4436 αὐτῶν
617 4385 698 4436 ἔνεστι
721 4386 858 4448 δεικνύναι,
880 4388 918 4436 δτι
940 4388 968 4438 τὸ
984 4390 1040 4454 περὶ
1084 4399 1141 4436 raro
1164 4400 1238 4437 suum
1258 4387 1414 4454 interponere
1431 4389 1552 4455 iudicium
1576 4393 1617 4440 sut
1639 4380 1721 4450 alqui
1737 4372 1814 4426 ίίίίίί·

260 4455 400 4522 Ἓρμηνείας
418 4455 597 4522 Ἀριστοτέλους
616 4455 697 4518 ἐστίν,
715 4457 765 4506 ἀλλ’
777 4456 824 4520 οὐχ
836 4461 868 4514 ῶς
891 4455 1039 4523 Ἀνδράνικδς
1084 4456 1208 4508 rarissime
1234 4456 1341 4524 denique
1361 4459 1474 4526 magistri
1494 4461 1637 4512 sententiam
1658 4457 1783 4518 impugnet.
1796 4440 1815 4489 ¹¹¹

256 4545 337 4590 φησιν.
356 4526 390 4578 Ἢ
400 4529 442 4578 καὶ
461 4529 485 4577 is
499 4527 580 4592 τούτῳ
596 4525 739 4592 προείρηκεν
749 4527 795 4588 ἤδη
807 4527 863 4592 περὶ
874 4528 978 4590 τούτου,
997 4531 1040 4581 δττ
1083 4541 1109 4593 p.
1124 4531 1197 4588 35,8
1215 4527 1260 4580 ubi
1273 4531 1447 4595 Empedoclem
1463 4535 1548 4582 contu
1565 4527 1708 4583 Aristotelem
1726 4510 1813 4570 aarum

257 4597 366 4661 ίλτγτμὴ
378 4597 542 4663 ἀντιστρίφτιν
555 4599 599 4656 τὴν
609 4595 712 4647 καθόλου
723 4597 981 4662 &reparastis-(16)
991 4599 1037 4650 Di·
1082 4623 1116 4639 -
1129 4599 1182 4664 (at)
1195 4602 1339 4654 Ammonius
1354 4604 1381 4654 in
1398 4604 1501 4656 Aristot.
1519 4605 1596 4668 oateg.
1610 4599 1651 4650 tol.
1666 4599 1697 4648 13.
1710 4583 1814 4644 timii*
1898 4639 1899 4660 ι

258 4681 343 4718 versus
364 4668 456 4719 abhoc
471 4666 520 4718 init
533 4666 661 4718 Eudemus
682 4667 802 4732 cyprius,
815 4669 953 4722 Aristotelis
969 4671 1040 4723 tomi·
1084 4672 1110 4722 ot
1123 4671 1240 4738 (ἀφορμὴ
1254 4678 1299 4724 τοῦ
1312 4675 1453 4726 ναθεύτσθαι
1466 4676 1498 4725 τὰ
1508 4673 1678 4740 συγγράμματα
1687 4666 1725 4714 τοῦ
1738 4657 1815 4720 ’tyran
1898 4667 1899 4732 j

257 4736 338 4796 liaris.
357 4740 511 4789 memoratus
531 4736 642 4788 ciceroni
661 4735 693 4788 de
709 4737 815 4790 divinat.
837 4739 882 4792 lib.
907 4743 918 4792 l
933 4755 986 4808 cap.
1010 4749 1039 4793 25
1083 4740 1207 4805 τιλουςλή
1227 4743 1277 4793 τῶν
1291 4745 1488 4810 συγγραμμάτων
1502 4742 1637 4810 ὁμωνυμία·
1652 4741 1672 4788 at
1685 4733 1725 4799 γὰρ
1738 4724 1814 4792 putasti
1898 4749 1899 4794 ι

257 4821 330 4888 ιγιιοιιι
345 4809 491 4860 demnatum
504 4807 646 4859 honestavit
657 4809 787 4873 Stagirites
801 4809 979 4876 editodialogo
995 4813 1039 4878 qui
1084 4813 1161 4862 αὐτοῦ
1172 4813 1282 4877 Εὔδημος
1303 4816 1346 4865 καί
1368 4817 1462 4875 Φανίας
1483 4817 1524 4867 καλ
1541 4814 1684 4878 θεόφραστος
1698 4799 1751 4854 Ἀντί
1766 4795 1814 4852 iiii
1898 4809 1899 4870 l

259 4877 437 4929 inscribebatur
457 4877 585 4929 Eudemus
603 4879 656 4929 sive
681 4878 713 4930 de
742 4879 833 4930 enims.
856 4879 913 4930 lltd.
938 4883 1028 4932 Febris
1083 4888 1127 4933 τοῦ
1147 4885 1296 4936 διδασκάλου
1316 4889 1483 4954 γεγραφῆκασι
1498 4885 1638 4952 κατηγορίας
1655 4878 1692 4930 καί
1707 4870 1813 4938 septen
1898 4871 1899 4912 ί

259 4947 319 5028 llibl.
340 4949 417 5000 Grtee.
430 4949 481 5000 rol.
496 4951 531 5000 llI
548 4963 573 5014 p.
593 4953 638 5000 393
651 4949 690 5001 ed.
713 4951 809 5001 Herios.
824 4954 849 5001 et
864 4952 1036 5016 wyttenbaoh.
1084 4954 1148 5011 νείας
1160 4955 1202 5004 καί
1215 4955 1475 5017 ἆναλυτικήνᾸλυνίςί.
1490 4956 1586 5022 pratas.
1601 4952 1709 5010 odottsg·
1720 4957 1739 5008 P·
1756 4933 1812 4992 ¹²34

258 5015 422 5068 caenandum
438 5019 565 5070 Plutarch.
588 5019 757 5071 (lonsolatnd
774 5019 1035 5085 Apolloniump.115.
1084 5023 1122 5074 od.
1148 5023 1261 5076 Brandis.
1283 5027 1376 5094 ἔγραψε
1391 5029 1437 5096 γὰρ
1456 5031 1497 5080 καί
1517 5029 1664 5093 θεόφραστος
1684 5017 1720 5068 2²³
1734 5011 1812 5067 Είίίίίί

257 5085 288 5164 ll.¹
310 5083 450 5137 Eudemum
475 5090 560 5140 autem
581 5089 793 5154 Peripateticum,
809 5089 895 5140 Galerii
916 5090 1038 5154 aqualem
1056 5089 1062 5120 ί
1082 5095 1136 5160 περὶ
1149 5099 1302 5162 κατηγορῶ,
1318 5097 1379 5146 κατὰ
1397 5099 1496 5164 μίμησιν
1506 5103 1549 5148 τοῦ
1559 5095 1644 5146 streton
1656 5083 1813 5156 διδασκάλουςα

257 5153 367 5218 altosque
378 5157 531 5220 cognomines
546 5159 613 5211 viros
628 5175 700 5212 nemo
712 5174 770 5210 cum
785 5159 881 5212 Rhodio
891 5159 1034 5213 confundet.
1056 5137 1062 5221 i
1084 5165 1132 5228 (ts)
1147 5163 1250 5218 Procius
1270 5164 1296 5216 ln
1319 5167 1463 5228 Euclidem,
1476 5166 1572 5234 quoties
1590 5163 1619 5216 de
1634 5155 1742 5213 scamus
1759 5142 1812 5213 P¹¹¹¹st
