3938 5968
674 341 726 402 DE
748 340 986 404 treberibus
1009 345 1133 408 LIBER.

119 471 270 580 'Heliconi
291 471 317 531 δί
334 472 384 542 ἕξις
399 477 545 558 θεωρητικὴ
566 481 662 560 τῶντῇ
676 477 752 538 πολει
777 499 878 557 coppa-

127 587 139 618 Ὶ
158 587 205 622 ων.

96 586 300 756 ρθ’(λῖκονομικιλ
316 648 343 710 δὲ
361 649 410 721 ἕξις
420 657 565 735 θεωρητικὴ
578 662 630 719 τῶν
647 659 685 738 τῷ
701 657 765 738 clap
780 677 881 736 συμρε·

96 763 233 902 ρον’ίάίίικὴ
249 830 277 889 δὲ
292 829 428 908 ἐπιστήμη
444 833 594 912 κοσμητικὴ
610 837 661 895 τῶν
676 838 755 908 ἠθιῦν.

141 918 303 991 Διαλεκτικὴ
319 918 345 978 δὲ
363 921 497 999 ἐπιστήμη
512 929 559 984 τοῦ
573 915 602 984 εὐ
617 923 794 1003 διαλέγεσθαι.

136 1007 280 1088 Ῥητορικὴ
296 1007 323 1066 δὲ
338 1007 472 1086 ἐπιστήμη
489 1015 534 1070 τοῦ
546 1001 574 1070 εὐ
589 1011 683 1091 λέγειν.

1653 363 1713 423 575

958 485 1065 537 Scientia
1071 487 1154 540 civilis
1165 493 1204 541 est
1216 489 1326 543 deitatis
1333 494 1522 548 commodorum
1535 499 1643 563 cognitio
1655 515 1717 552 con-

927 565 1081 628 templatim.

957 645 1065 697 Privatae
1074 648 1133 700 vitra
1143 651 1207 701 ratio
1219 653 1410 718 contemplativa
1418 654 1519 710 lamiliec
1531 660 1717 712 commodorum

929 735 1035 798 cognitio
1047 740 1091 787 est.

962 798 1060 848 Philoao
1078 800 1119 850 bia
1129 801 1231 851 moralis
1249 807 1288 854 est
1301 805 1404 858 scientia
1417 808 1451 859 ad
1468 812 1623 864 exornandos
1636 827 1718 865 mores

928 873 1040 910 accomm
1074 865 1123 912 ata.

961 922 1097 974 Dialectica
1106 927 1145 975 eat
1159 925 1262 978 scicntia
1273 927 1337 980 bene
1351 930 1496 986 disserendi.

960 1013 1007 1061 trs
1021 1013 1130 1064 oratoria
1143 1017 1183 1066 est
1194 1015 1257 1067 benc
1269 1016 1369 1070 dicendi
1381 1021 1520 1087 disciplina.

71 1111 76 1118 .
136 1095 245 1168 Φυσικχ
261 1094 288 1156 δὲ
303 1097 438 1176 gum-4¹47]
453 1102 506 1156 τῶν
524 1099 584 1212 περὶ
596 1099 643 1172 τὴν
659 1099 747 1180 φύσιν.
960 1099 1115 1167 Physiologta
1129 1117 1213 1154 rernm
1222 1107 1375 1159 naturalium
1385 1110 1489 1162 edentia
1503 1117 1552 1168 est.

134 1181 224 1264 Ἔργα
238 1184 265 1246 δί
278 1188 325 1256 τῆς
341 1185 490 1266 φρονήσεως
497 1187 528 1247 ab
542 1211 571 1246 ευ
587 1187 771 1268 βουλιύεοθαι·
785 1184 816 1244 τὸ
828 1182 884 1264 κρί-
960 1189 1105 1242 Prudentia
1116 1191 1197 1243 ollicia
1209 1199 1268 1245 sunt
1282 1195 1344 1248 bene
1361 1197 1499 1252 deliberare
1512 1202 1641 1266 :judicare
1653 1206 1717 1256 bona

94 1299 147 1333 νειν
163 1275 197 1332 ad
207 1274 294 1352 ἀγαθδι
306 1275 352 1335 καί
363 1273 398 1335 τά
421 1277 505 1352 κακά,
521 1277 566 1338 καί
587 1277 674 1337 πάντα
687 1276 721 1336 ab
736 1279 762 1334 ἐν
778 1279 816 1355 τῷ
833 1273 882 1355 βίῳ
928 1280 954 1328 et
969 1278 1047 1342 mala,
1062 1293 1151 1345 resque
1164 1295 1249 1334 omncs
1265 1284 1292 1335 in
1307 1286 1359 1336 rita
1371 1291 1425 1338 tum
1437 1291 1590 1354 expetendas
1605 1295 1660 1342 turn
1675 1291 1717 1342 lu-

94 1362 187 1442 αίρετά
204 1365 250 1424 καί
265 1365 380 1444 ρευκτά·
395 1365 426 1425 τδ
436 1371 552 1448 χρῆσθαι
567 1375 635 1428 πᾶσι
649 1375 703 1435 τοῖς
718 1365 881 1445 ὑπάρχουσιν
928 1367 1051 1430 glandes:
1073 1371 1265 1437 omnibusque
1284 1379 1420 1440 suppetunt
1449 1379 1569 1433 elbonis
1598 1384 1624 1432 et
1643 1382 1717 1432 malis

94 1455 201 1530 ἀγαθοῖς
215 1451 261 1512 καί
275 1462 366 1521 κακοῖς
376 1455 412 1520 ὣς
429 1457 483 1514 δεῖ·
502 1455 533 1515 τὸ
556 1455 667 1516 συνιδεῖν
684 1451 744 1521 τοῦς
759 1453 881 1534 καιρούς·
928 1456 1044 1508 decenter
1061 1458 1118 1508 uti:
1139 1460 1261 1524 speculari
1283 1465 1501 1527 opportunitates:
1516 1467 1592 1518 dictis
1605 1472 1631 1520 et
1644 1467 1717 1540 lactis

94 1541 124 1600 τὸ
134 1540 248 1620 ἀγχίνως
257 1542 410 1622 χρήσασθαι
423 1543 469 1601 καί
483 1543 552 1626 ἔργῳ
564 1546 609 1602 καί
623 1543 707 1626 λόγῳ·
722 1542 752 1602 τὸ
766 1541 815 1615 τὴν
831 1543 882 1618 tp·
929 1545 1049 1609 sagaciter
1061 1547 1099 1598 uti
1112 1565 1119 1598 ι
1135 1561 1220 1600 rerum
1236 1550 1348 1602 omnium
1361 1553 1462 1606 utilium
1482 1557 1598 1609 notitiam
1614 1558 1714 1611 babere.

93 1629 199 1710 πειρίαν
216 1629 285 1710 ἔχειν
294 1634 346 1690 τῶν
359 1630 499 1712 χρησίμων
514 1633 652 1695 ἁπάντων.

134 1717 237 1795 Μονίμη
257 1717 283 1778 δί
304 1719 350 1778 καί
366 1720 499 1800 ἐμπειρία,
524 1723 570 1782 καί
584 1721 721 1803 ἀγχίνοια,
736 1719 782 1780 καί
797 1719 883 1778 ίπιδι-
958 1718 1077 1770 Memmii
1096 1733 1155 1771 W⁰
1169 1723 1195 1772 θί
1205 1721 1293 1785 peritia
1307 1725 1333 1772 θῑ
1349 1724 1478 1789 ”millia
1495 1726 1555 1777 illm
1570 1727 1714 1790 θθῐῑθῐίῑθθι

94 1804 197 1882 Eidem,
206 1807 252 1868 καὶ
266 1807 406 1884 Momm,
424 1809 483 1882 ἤτοι
494 1811 550 1871 ἀπὸ
565 1816 611 1884 τῆς
622 1809 771 1892 φρονήσεως
782 1807 882 1882 ἑκάστη
928 1797 953 1845 et
971 1793 1067 1843 consilii
1086 1794 1184 1846 bonitas
1196 1809 1236 1846 res
1250 1800 1306 1848 sunt
1322 1798 1426 1863 singulm
1445 1801 1516 1862 tales,
1531 1805 1560 1852 ut
1575 1803 1614 1853 vel
1629 1817 1645 1852 a
1658 1817 1715 1867 pru-

94 1899 311 1977 abac
327 1899 476 1981 ιιι
490 1904 524 1980 ι
540 1898 707 1983 ιιι
722 1898 756 1957 ι
772 1895 819 1976 ι
834 1899 880 1957 ι
928 1867 1019 2012 ιιι
1032 1867 1227 2008 calcata
1247 1872 1716 2015 ιιιιιιιιιιτιιιιτ

92 1991 144 2045 τῶν
161 1977 214 2047 οἷον
233 1988 355 2048 συναίῑῑα
375 1994 409 2070 τῇ
424 1991 548 2096 θθοίθσῑῑ
568 1989 689 2070 καθάπερ
703 1993 721 2062 θ
737 1987 879 2068 §mihi
928 2021 998 2070 velut
1019 2021 1108 2086 peritia
1122 2025 1148 2072 ct
1160 2023 1280 2074 memoria
1296 2043 1302 2073 :
1316 2026 1407 2090 partim
1424 2040 1440 2076 ιι
1458 2027 1591 2092 prudentia
1615 2029 1715 2092 prolici-

92 2073 167 2146 καὶὴ
183 2074 291 2152 μνήμη·
308 2075 342 2136 τίι
360 2076 388 2135 δί
409 2081 462 2138 ἀπο
477 2083 524 2152 τῆς
538 2079 705 2160 φρονήσεως,
733 2067 786 2139 οἷον
801 2083 818 2151 η
834 2081 880 2138 ιύ·
927 2099 1037 2157 amatur,
1053 2096 1123 2148 verbi
1140 2097 1220 2162 gratia
1243 2099 1338 2150 consilii
1353 2100 1459 2162 bonitas,
1479 2105 1504 2153 et
1531 2102 1670 2154 dexteritas
1690 2101 1715 2151 et

93 2163 188 2242 βουλία
197 2211 207 2241 ,
217 2164 292 2238 καίὴ
308 2164 484 2242 ἀπιδεξιίτης,
498 2167 544 2228 καί
558 2173 576 2242 ἡ
592 2168 727 2250 ἀγχίνοια.
928 2169 1056 2234 ὅθὸθῦίίθθ·

135 2253 260 2332 Πραάτης
277 2254 305 2313 δι’
327 2256 397 2314 ίστιν
417 2255 499 2337 ἀρετὴ
522 2262 568 2316 τοῦ
589 2259 755 2333 θυμοειδοῦς,
777 2258 836 2317 καθ’
846 2255 879 2328 ἣν
959 2257 1057 2308 bellilei
1072 2261 1112 2310 etl
1126 2258 1209 2310 virtus
1222 2259 1290 2312 illius
1302 2261 1379 2312 animi
1399 2262 1493 2327 partis,
1510 2262 1600 2328 inqua
1620 2262 1715 2313 irarum

94 2341 159 2421 πρύς
171 2341 250 2422 δργάς
260 2343 375 2420 γίνονται
388 2343 523 2416 ἀκίνητοι·
543 2345 561 2416 ἣ
574 2345 687 2424 μεσότης
704 2345 765 2424 περί
780 2343 878 2424 ἀργάς·
927 2345 1025 2396 exsistit
1045 2345 1127 2407 ardor,
1141 2362 1192 2412 qua
1204 2347 1233 2398 tit
1244 2351 1272 2398 ut
1289 2349 1327 2399 ira
1339 2363 1388 2399 non
1397 2353 1549 2414 tangantur:
1565 2351 1715 2410 velirarum

94 2423 124 2500 ἧς
145 2437 161 2502 ἡ
177 2433 224 2506 μὲν
239 2431 372 2512 θπερῦολὴ
388 2432 524 2514 ὀργιλότης
538 2435 584 2493 καί
607 2434 637 2493 τὸ
651 2433 809 2514 ἀκρόχυλον·
823 2439 839 2507 ἡ
851 2433 879 2494 δὲ
927 2429 1102 2487 mediocritas:
1118 2437 1190 2502 cujus
1203 2438 1309 2490 nimium
1325 2439 1453 2490 iracundia
1466 2443 1492 2491 et
1501 2440 1713 2502 excandescentia,

94 2521 210 2600 ἔλλειψις
224 2519 385 2602 &opp-mian
408 2521 541 2594 ἠλςοςόςης
555 2523 579 2582 b,
597 2521 686 2603 'Epio
706 2525 733 2582 δὲ
756 2525 835 2596 αὐτῆς
850 2522 880 2584 τὸ
927 2539 1017 2590 parurn
1044 2525 1169 2577 lentitudo
1189 2531 1234 2578 ant
1259 2528 1368 2579 stultitia
1391 2533 1438 2580 est.
1464 2531 1528 2580 Sunt
1547 2533 1631 2580 autem
1660 2530 1714 2594 ejus

94 2608 222 2667 diiunctae
238 2610 323 2690 ρίριιν
339 2609 497 2688 ἐγκλήματα
512 2609 558 2670 καί
573 2611 733 2690 ἀλιγωρίαςΰ
747 2611 877 2692 μετρίως·
929 2627 1033 2664 munera
1058 2614 1217 2666 mediocriter
1240 2613 1306 2667 lerrc
1326 2629 1398 2681 posse
1412 2617 1596 2668 criminationes
1611 2621 1637 2668 et
1654 2631 1715 2670 con-

93 2699 139 2756 καί
155 2696 185 2756 τὸ
201 2699 238 2774 μθ,
250 2697 352 2778 ταχέως
366 2701 450 2780 δρμᾷν
464 2700 506 2758 ἐπί
524 2697 572 2772 τὴν
586 2700 733 2780 τιμωρίαν·
747 2702 791 2760 καί
802 2700 832 2760 τδ
842 2701 880 2778 μὴ
928 2706 1036 2753 temtum
1058 2723 1065 2754 ι
1090 2704 1151 2754 item
1164 2718 1212 2753 non
1230 2703 1344 2754 celeriter
1359 2705 1391 2754 ad
1404 2705 1539 2757 ulciscendi
1553 2706 1714 2771 cupiditatem

92 2787 226 2860 εὐκίνητον
240 2787 305 2870 πρὸς
329 2789 425 2870 ὐργάς,
442 2789 552 2871 ἄπικρον
571 2789 598 2849 δὲ
621 2793 659 2870 τῷ
673 2789 731 2862 ἤθει
756 2791 801 2851 καί
818 2792 878 2870 ἀρι-

91 2875 220 2936 λόνεικον.

136 2965 267 3045 (Scripsi
284 2987 291 3024 ι
304 2976 317 3002 ⁸
327 2965 358 3026 τδ
370 2963 479 3045 με’λλον]
492 2988 557 3026 cram
570 2966 635 3027 cod.
655 2987 688 3039 a;
700 2967 767 3028 cod.
784 2965 804 3025 b
817 2967 881 3044 μίλ-

94 3055 152 3114 λον.
168 3056 231 3100 -¹³
255 3056 407 3133 ἠλιθιότης]
423 3055 510 3117 codd.
531 3056 671 3130 ἀλιθιῦτης.
689 3088 730 3102 -
749 3065 759 3092 ⁰
780 3057 879 3136 ὀλιγω-

94 3142 171 3222 ρίας]
185 3142 270 3203 codd.
288 3143 429 3224 ὐλιγορίας.
444 3143 495 3223 -)

382 3233 440 3296 Περί
455 3231 590 3296 ἀνδριίας“.

132 3301 251 3384 Ἀνδρεία
265 3301 277 3338 ⁵
292 3301 320 3362 δι’
335 3305 405 3363 ἐστιν
422 3304 503 3384 ἀρετὴ
518 3311 564 3364 τοῦ
576 3305 726 3382 θυμοειδοῦς
738 3314 759 3379 ⁶,
773 3305 832 3363 καθ’
847 3303 879 3376 ἣν

92 3388 255 3461 δθαπληκτοί
270 3413 337 3460 τινες
349 3390 410 3472 περί
423 3391 502 3473 ρόῦον
521 3390 538 3464 ἢ
553 3392 662 3452 θάνατον
679 3392 804 3472 γίνονται.
826 3393 881 3452 Οἱ-

92 3475 150 3534 κεία
170 3475 198 3536 δὲ
214 3479 281 3557 αὐτῇ
303 3479 433 3561 εὐψυχία,
459 3482 551 3558 λῆμα,
576 3481 773 3562 μεγαλοψυχία,
798 3481 877 3563 ἀρρε-

92 3562 179 3638 νάτης,
197 3565 333 3647 καρτερία,
351 3570 581 3648 μεγαλοπρέπεια,
597 3571 769 3651 ἀνδραγαθία.

133 3653 257 3736 Εὐψυχία
274 3655 322 3732 μὲν
334 3648 378 3718 οὐν
393 3661 463 3717 ἐστιν
479 3657 581 3718 εὐτονία
596 3661 682 3739 ψυχῆς
696 3657 761 3740 πρὸς
781 3657 810 3719 ιδ
824 3660 880 3719 tru-

91 3744 176 3801 τελεῖν
190 3743 223 3800 τά
239 3747 333 3816 ἑαυτῆς
350 3744 424 3824 ἔργα.

135 3837 219 3908 Λῆμα
234 3831 262 3890 δὲ
281 3831 331 3902 ἕξις
344 3834 490 3914 προχείρως
506 3834 650 3914 ὀρεγομάνη
664 3833 678 3870 θ
691 3837 832 3917 ἐπιχειρεῖν
853 3859 881 3895 τε

92 3911 129 3986 οἷς
143 3919 208 3999 χρή,
226 3921 271 3978 καί
286 3922 426 3999 ὑπομένειν
439 3922 454 3980 θ
474 3923 551 4001 λόγος
566 3925 645 4002 αἱρεῖ.

134 4011 328 4090 Μεγαλοψυχία
343 4009 370 4069 δὲ
390 4011 442 4079 ἵξις
467 4011 589 4090 ὑπεράνω
605 4017 717 4071 ποιοῦσα
744 4017 789 4073 τοῦ
807 4018 881 4096 κοινῇ

93 4098 282 4171 ουμῦαίνοντος
297 4101 403 4180 ραύλοις
412 4107 422 4135 ⁸
432 4124 461 4160 τι
471 4100 516 4160 καὶ
533 4101 690 4168 σπουδαίοις.

132 4187 284 4268 Ἀρρενάτης
294 4189 320 4246 δὲ
335 4188 385 4257 ἕξις
400 4189 577 4270 αὐτάρκιιανί
592 4190 762 4272 παρεχομένη
780 4194 806 4251 ἓν
828 4201 882 4261 τοῖς

92 4279 152 4334 κατ’
167 4275 262 4356 ἀρετὴν
275 4277 373 4346 πόνοις.

134 4366 270 4448 Καρτερία
285 4367 313 4426 δὲ
328 4368 446 4447 ὑπομονὴ
474 4367 560 4442 λύπης
580 4368 598 4442 ἢ
619 4367 716 4446 πόνων,
734 4369 812 4430 ἕνεκα
831 4377 877 4432 τοῦ

93 4457 186 4518 καλοῦ.

134 4545 358 4626 Μεγαλοπρέπεια
382 4547 409 4606 δὲ
430 4546 480 4618 ίξις
513 4546 659 4628 ίπαίρουοα
681 4545 741 4615 τούς
770 4545 879 4628 ἔχοντας

96 4633 194 4712 αὐτήν,
209 4635 254 4693 καί
270 4637 436 4716 φρονήματος
447 4637 596 4717 πληροῦσα.

137 4721 310 4802 Ἀνδραγαθία
325 4723 352 4782 δὲ
371 4723 462 4804 ἀνδρὸς
477 4725 568 4803 ἀρετή,
584 4721 769 4798 ἐπιτηδευτικλ
788 4729 880 4786 κοινῶν

95 4809 189 4888 ἔργων,
201 4808 289 4892 Ἔργα
304 4812 357 4871 itt
374 4813 550 4894 ἀνδραγαθίας
569 4813 598 4872 τὸ
625 4813 792 4886 δῦσπληκτον
813 4805 879 4876 εἶναι

96 4896 234 4976 ὐπύρόῦου
255 4905 300 4959 τοῦ
314 4901 374 4982 περί
387 4901 511 4975 θάνατον,
526 4901 572 4960 καί
588 4903 617 4962 τὸ
638 4903 758 4982 εὐθαρσῆ
769 4891 835 4959 εἶναι
854 4904 880 4960 ίν

97 4985 147 5049 τοῖς
158 4985 259 5065 δεινοῖς,
276 4988 321 5046 καί
335 4989 365 5048 τὸ
377 4988 502 5066 εὔτολμον
517 4990 581 5072 πρὸς
596 4989 654 5058 τούς
669 4989 816 5062 κινδύνους,
833 4989 879 5049 καί

92 5073 124 5130 τὸ
136 5077 237 5150 μᾶλλον
251 5082 380 5158 αἱρεῖσθαι
403 5080 523 5140 τεθνάναι
544 5082 646 5154 καλῶς,
659 5079 676 5152 ἢ
692 5082 808 5160 αἰσχρῶς
822 5077 879 5138 σιὀ-

94 5167 198 5244 χισθαι,
212 5165 257 5226 καὶ
271 5166 302 5227 τθ
315 5167 389 5236 νίκης
399 5169 481 5230 αίτιον
490 5167 533 5230 διά
544 5170 641 5237 παντὸς
651 5169 794 5239 γίγνεσθαι.

927 2791 1088 2843 exardescere
1111 2811 1118 2841 ι
1138 2791 1247 2858 denique
1273 2793 1373 2844 animus
1390 2809 1439 2844 non
1464 2793 1606 2858 irritabilis,
1625 2799 1714 2846 natura

927 2881 1029 2932 minime
1044 2881 1133 2934 acerba
1151 2883 1302 2948 minimeque
1316 2883 1431 2948 litigiosa.

1217 3214 1254 3263 De
1267 3210 1421 3264 lortitudine.

957 3297 1088 3350 Fortitudo
1102 3303 1140 3350 est
1162 3299 1243 3350 virtus
1261 3301 1329 3350 illius
1351 3301 1428 3352 animi
1445 3301 1533 3366 partis,
1550 3301 1575 3351 in
1591 3315 1642 3366 qua
1664 3303 1714 3353 ira·
1770 3363 1773 3370 ,

927 3386 982 3422 rum
992 3371 1091 3422 exsistit
1103 3371 1186 3431 ardor,
1201 3386 1252 3436 qua
1260 3373 1298 3433 lit,
1311 3376 1340 3422 ut
1349 3376 1419 3424 metu
1428 3375 1473 3422 aut
1486 3375 1567 3424 morte
1580 3387 1629 3423 non
1642 3372 1714 3424 lacilc

926 3443 1093 3507 percellantur
1115 3443 1235 3494 homines.
1261 3445 1306 3493 Est
1325 3447 1410 3494 autem
1433 3444 1532 3508 propria
1560 3445 1614 3508 ejus
1638 3445 1715 3496 animi

925 3515 1067 3578 prasentia,
1081 3515 1236 3574 conlidentia,
1249 3515 1448 3579 magnanimitas,
1459 3515 1573 3576 virilitas,
1584 3515 1712 3580 patientia,

927 3585 1114 3648 magnificantia,
1134 3585 1277 3634 strenuitas.

957 3650 1038 3699 Animi
1052 3651 1184 3714 prasentia
1204 3649 1308 3714 quidem
1327 3651 1365 3699 est
1386 3649 1440 3713 ejus
1457 3647 1574 3700 alacritas
1591 3649 1623 3700 ad
1638 3664 1714 3715 opera

926 3754 971 3790 sua
982 3738 1139 3804 perlicienda.

961 3827 1114 3878 confidentia
1136 3841 1197 3877 vero
1214 3824 1315 3878 allectio
1340 3825 1415 3876 animi
1436 3829 1531 3890 promte
1555 3826 1656 3890 cupiens
1670 3841 1714 3902 ag-

930 3890 999 3954 gredi
1011 3903 1068 3952 quae
1087 3893 1146 3940 sunt
1158 3889 1282 3948 ludenda,
1297 3892 1322 3940 et
1333 3887 1456 3938 sustinere
1468 3901 1526 3952 que
1540 3889 1604 3938 ratio
1621 3889 1714 3940 evincat

930 3951 1074 4002 sustinenda
1090 3965 1151 4002 esse.

961 4013 1149 4078 ltagnanimitas
1169 4016 1253 4064 autem
1269 4010 1368 4063 allectio
1391 4012 1468 4062 animi
1481 4013 1520 4062 est
1534 4011 1656 4062 diviniora
1671 4015 1714 4063 tin·

929 4090 996 4140 gens,
1020 4090 1096 4141 quam
1111 4089 1169 4140 quae
1181 4075 1345 4126 communiter
1358 4075 1431 4125 malis
1445 4077 1471 4124 et
1488 4073 1559 4125 bonis
1571 4074 1715 4126 bominibus

928 4142 1125 4252 ωιθιίίίίίίάἀόιῑ
1141 4200 1217 4250 animi
1233 4198 1333 4251 allectio
1354 4198 1523 4264 lrugalitatem
1538 4198 1564 4248 in
1586 4197 1713 4250 laboribus

926 4292 1014 4342 virtuti
1035 4289 1205 4342 consentaneis
1222 4289 1363 4341 ostendens.

956 4381 1079 4432 Patientia
1093 4371 1291 4430 estdoloris'ant
1309 4377 1424 4428 laborum
1443 4380 1545 4443 propter
1555 4376 1712 4428 honestatem

926 4467 1048 4520 toleratio.

956 4557 1136 4624 Magnificentia
1156 4560 1195 4608 est
1215 4555 1291 4608 animi
1307 4554 1421 4616 allectio,
1438 4555 1534 4620 erigens
1545 4553 1657 4604 homines
1676 4554 1711 4604 ita

925 4647 1047 4698 anirrratos
1060 4650 1086 4699 et
1104 4647 1207 4712 spiritus
1223 4647 1254 4697 iis
1267 4644 1383 4696 allerens.

957 4736 1097 4788 Strenuitas
1108 4739 1147 4786 est
1163 4735 1210 4786 viri
1224 4736 1306 4786 virtus
1322 4733 1422 4799 publica
1433 4733 1531 4798 negotia
1547 4731 1662 4797 gerentis.

955 4827 1002 4875 list
1024 4827 1109 4876 autem
1132 4824 1179 4874 viri
1205 4824 1300 4876 strenui
1326 4823 1414 4873 mortis
1437 4825 1506 4872 metu
1539 4833 1586 4870 non
1611 4817 1709 4884 percelli

924 4917 1000 4981 atque
1015 4916 1040 4966 in
1059 4915 1244 4967 calamitatibus
1263 4915 1373 4966 animose
1390 4927 1417 4964 se
1436 4925 1530 4977 gerere,
1550 4913 1576 4963 et
1592 4911 1711 4962 audacter

924 5005 1034 5069 pericula
1047 5009 1217 5066 contemnere,
1230 5009 1256 5056 et
1267 5005 1341 5056 malle
1354 5003 1484 5068 pulchram
1503 5002 1608 5052 mortem
1625 4999 1707 5059 obire,

923 5109 1000 5160 quam
1014 5095 1122 5160 turpiter
1135 5110 1149 5145 e
1166 5094 1282 5147 matribus
1294 5092 1405 5146 bostium
1414 5090 1529 5152 evadere,
1540 5092 1566 5140 ct
1580 5087 1710 5140 uictoriam

924 5195 1021 5248 semper
1031 5183 1145 5249 adipisci.
