4020 5950
820 395 871 455 DE
893 395 1116 460 sentiente.
1733 405 1772 464 θδ

156 539 242 616 sippo
257 553 310 594 nec
321 532 462 612 Philippo
472 531 600 608 dignam.
611 533 636 592 Ἰ
638 549 686 590 um
695 529 872 609 injuriosam
881 552 943 591 eam
991 534 1187 594 Cassandrum
1210 533 1285 591 facto
1308 546 1475 608 narrantur,
1492 534 1681 596 incredibilia
1697 553 1774 600 sunt.

156 627 188 684 in
217 623 374 684 Isocratem
396 641 478 694 esse,
505 621 553 680 cui
576 621 760 700 Speusippus
781 621 873 678 multa
891 621 940 679 de·
991 622 1099 682 Ferunt
1111 623 1189 680 enim
1203 620 1399 702 Speusippum
1412 622 1490 682 lucri
1506 642 1593 682 causa
1606 625 1641 682 ad
1654 626 1775 687 Cassan·

42 715 51 737 ⁸
155 713 264 772 buerit.
288 713 423 789 Denique
446 711 643 768 invectionem
664 709 696 766 in
714 706 871 767 Isocratem
890 729 944 787 per
990 709 1036 768 dri
1060 710 1178 789 nuptias
1203 709 1235 769 in
1252 709 1452 769 Macedoniam
1473 711 1636 790 profectum
1663 713 1777 774 levibus

156 822 187 861 se
197 814 353 880 spectatam
363 800 511 858 rhetorem
520 798 621 877 potius
635 817 721 876 quam
733 796 943 876 philosophum
990 797 1166 876 quibusdam
1191 797 1373 858 carminibus
1389 799 1516 858 conditis
1532 798 1707 878 publiceque
1725 802 1777 859 de-

157 891 302 951 redolere.
990 887 1111 946 cantatis
1118 899 1258 965 quaestum
1272 887 1375 946 secisse
1385 890 1455 966 (φο).
1465 889 1504 946 At
1513 888 1674 946 Cassander
1684 887 1709 945 T
1712 888 1777 947 hes-

199 981 302 1040 Fateor
324 980 402 1050 haec,
422 995 488 1054 quae
505 975 645 1035 dicuntur
666 995 682 1033 a
706 975 845 1053 pluribus
868 975 942 1056 (69),
991 975 1156 1049 salonicen,
1193 975 1327 1054 Philippi
1359 976 1470 1053 filiam,
1499 977 1531 1034 in
1557 976 1776 1035 matrimonium

158 1088 247 1148 posse
274 1067 407 1147 speciosa
432 1063 542 1122 videri.
575 1062 632 1121 Sed
658 1064 797 1140 quoniam
832 1076 945 1123 veteres
990 1065 1075 1122 duxit
1101 1067 1199 1142 primo
1224 1064 1409 1143 Olympiadis
1440 1067 1494 1122 116
1528 1085 1605 1124 anno
1631 1066 1677 1123 vel
1712 1078 1778 1124 ante

159 1155 342 1216 minusbene
360 1165 503 1212 moratum
525 1151 614 1210 fuisse
630 1151 826 1230 Speusippum
840 1153 944 1211 testifi-
993 1153 1062 1214 Chr.
1087 1154 1144 1212 316
1169 1153 1240 1233 (73).
1256 1153 1353 1224 Quare
1376 1155 1407 1212 in
1431 1153 1588 1212 Chronicis
1603 1153 1777 1212 Eusebianis

159 1259 261 1304 cantur
280 1243 351 1322 (ρο),
372 1241 474 1302 omnia
488 1260 554 1319 quaa
572 1241 609 1300 ad
624 1240 853 1300 imminuendam
878 1243 943 1320 epi·
989 1259 1025 1298 eo
1052 1244 1117 1319 ipso
1146 1262 1224 1301 anno
1254 1255 1384 1302 notatum
1421 1257 1465 1302 est
1501 1241 1697 1322 Speusippum
1727 1242 1780 1299 flo-

158 1336 241 1395 stolae
256 1332 457 1392 auctoritatem
472 1329 572 1388 alieni
585 1330 871 1405 solentargumenta,
888 1352 943 1410 pro
992 1330 1086 1388 ruisse
1107 1329 1182 1410 (φλ).
1202 1331 1269 1389 llaec
1286 1343 1382 1390 tamen
1406 1332 1565 1408 quominus
1585 1331 1620 1388 ad
1645 1343 1777 1389 nostrum

158 1424 252 1482 nihilo
279 1436 428 1502 putamus.
454 1418 505 1478 Est
529 1419 606 1477 enim
628 1419 766 1477 hominis.
782 1419 891 1495 ingrati
917 1434 945 1479 et
990 1418 1184 1498 Speusippum
1199 1419 1373 1495 referamus,
1388 1434 1553 1499 temporum
1570 1424 1643 1478 ratio
1658 1419 1776 1495 obstat,

159 1513 281 1588 maligni
291 1511 465 1586 magistros,
480 1527 497 1564 a
511 1507 620 1585 quibus
636 1507 749 1566 litteras
763 1520 793 1564 et
806 1521 882 1566 artes
895 1508 944 1567 di·
991 1507 1101 1585 quippe
1122 1510 1174 1586 qui
1194 1508 1257 1586 jam
1282 1523 1348 1568 ante
1370 1510 1488 1568 tertium
1514 1508 1699 1587 Olympiadis
1725 1529 1777 1566 ιιι

159 1601 283 1673 dicerit,
296 1597 495 1679 asperioribus
521 1597 634 1656 facetiis
655 1597 859 1677 perstringere.
881 1602 945 1657 Huc
991 1615 1099 1653 annum
1120 1596 1140 1654 i.
1160 1617 1187 1658 e.
1206 1617 1314 1657 annum
1337 1600 1392 1666 334
1416 1618 1480 1658 aerae
1493 1599 1693 1674 vulgarisfato
1708 1616 1781 1675 per·

160 1688 274 1747 accedit
306 1685 480 1764 simplicitas
511 1685 657 1743 orationis
686 1685 752 1742 sine
785 1684 945 1762 pigmentis
992 1683 1106 1742 hauctus
1126 1685 1174 1746 sit.

161 1777 288 1855 lucoque
302 1774 410 1855 puerili
424 1785 451 1832 et
463 1792 529 1850 quae
543 1774 700 1832 maximam
713 1773 796 1832 illius
811 1777 945 1852 opusculi
1030 1772 1195 1852 Speusippo
1214 1775 1356 1850 magistro
1376 1795 1436 1834 usae
1458 1788 1527 1833 sunt
1542 1775 1606 1832 duae
1627 1773 1776 1846 mulieres,

159 1879 274 1944 partem
292 1877 369 1924 tenet
383 1863 516 1922 narratio
530 1861 566 1920 de
579 1861 711 1940 Philippi
733 1860 895 1939 majoribus
909 1884 946 1923 ex
990 1881 1056 1938 qua
1070 1862 1200 1921 Platonis
1214 1861 1276 1939 jam
1289 1862 1441 1942 discipulae
1457 1863 1588 1934 fuerant,
1606 1861 1777 1932 Lasthenia,

158 1953 305 2032 Antipatri
327 1951 517 2011 historiarum
541 1950 629 2010 libris
646 1963 801 2029 excerpta,
819 1969 884 2029 quae
906 1953 945 2012 ob
990 1949 1144 2010 Mantineae
1154 1952 1281 2022 alumna,
1296 1963 1325 2010 et
1339 1951 1482 2010 naiothea
1491 1950 1631 2011 Phliasia.
1646 1951 1777 2022 Quarum

155 2040 338 2118 jejunitatem
371 2040 483 2099 nemini
511 2039 568 2097 nisi
595 2039 752 2118 Philippo,
786 2039 823 2097 ad
858 2061 944 2119 quem
992 2036 1028 2096 de
1053 2051 1177 2117 utraque
1204 2038 1241 2098 ab
1266 2040 1396 2116 antiquis
1424 2039 1567 2098 memoria
1586 2040 1704 2118 prodita
1724 2052 1781 2099 est.

158 2132 269 2207 scripta
282 2148 347 2188 esse
365 2129 468 2200 lentur,
493 2127 610 2205 placere
625 2140 732 2206 posset.
753 2127 897 2188 Praeterea
909 2151 944 2190 ex
993 2125 1046 2184 llla
1060 2127 1139 2186 enim
1158 2127 1256 2187 virilis
1270 2128 1360 2186 animi
1377 2129 1484 2187 femina
1509 2129 1593 2187 uirili
1608 2131 1718 2188 vestitu
1731 2128 1783 2185 in-

160 2219 379 2278 Socraticorum
390 2216 707 2296 epistolistrigesimam
718 2217 945 2295 primametiam,
993 2215 1062 2274 duta
1078 2217 1167 2276 fuisse
1190 2217 1363 2295 perhibetur
1377 2217 1456 2297 [75):
1478 2217 1539 2276 haec
1554 2218 1700 2290 Diotimae‚
1715 2215 1786 2274 Pla-

159 2306 195 2366 ad
214 2306 386 2385 Philippum
413 2305 483 2364 item
509 2304 622 2377 datam,
646 2324 710 2364 cum
727 2306 840 2366 Orellio
861 2310 943 2386 praef.
991 2306 1069 2364 tonis
1081 2305 1219 2364 convivio
1234 2305 1407 2379 nobilitata,
1423 2307 1586 2383 popularis,
1599 2326 1690 2384 eaque
1700 2309 1782 2380 inge·

159 2415 190 2473 p.
217 2392 270 2452 vn
294 2395 331 2454 ad
355 2393 550 2474 Speusippum
577 2406 725 2452 auctorem
754 2395 862 2454 referre
887 2419 946 2456 non
992 2395 1084 2466 niosa,
1104 2407 1136 2451 ut
1155 2407 1239 2471 puto,
1255 2394 1409 2465 etiestira,
1426 2395 1557 2470 jucunda
1573 2396 1781 2454 consuetudine

160 2483 329 2542 dubitamus
350 2485 423 2561 (γι).
448 2485 582 2561 Denique
596 2483 751 2561 epistolam
766 2486 878 2545 incerto
896 2508 947 2546 au·
992 2502 1057 2540 cum
1069 2481 1245 2560 philosopho
1256 2495 1356 2540 nostro
1366 2482 1521 2559 conjuncta
1530 2496 1601 2540 erat.
1613 2482 1705 2551 Quam
1712 2502 1782 2541 con-

160 2585 240 2630 crore
255 2573 399 2649 vulgatam
419 2571 455 2629 ab
467 2571 594 2644 Oreiiio,
606 2592 671 2650 quae
692 2573 770 2632 inter
784 2573 947 2638 Socraticas
993 2571 1177 2630 suetudinem
1200 2591 1260 2630 uon
1278 2571 1405 2630 defuisse
1424 2571 1476 2648 qui
1492 2571 1622 2630 sinistris
1636 2573 1781 2630 sermoni-

161 2658 313 2736 trigesima
351 2660 477 2720 secunda
506 2673 567 2732 est,
595 2681 678 2738 aeque
714 2683 747 2722 ac
777 2681 945 2744 sequentem
992 2660 1049 2720 bus
1063 2674 1226 2739 carperent,
1240 2679 1326 2718 nemo
1336 2659 1503 2732 mirabitur,
1516 2661 1675 2738 praesertim
1690 2680 1780 2737 quum

160 2747 320 2827 Speusippi
336 2767 398 2808 esse
410 2749 447 2806 ad
463 2747 654 2808 Xenocratem
669 2751 773 2812 missas
787 2773 823 2812 cx
837 2757 947 2834 Dioge·
994 2754 1174 2834 Speusippus
1192 2754 1280 2812 simul
1301 2755 1382 2812 avari
1403 2753 1533 2812 hominis
1556 2757 1683 2832 speciem
1705 2774 1781 2832 prae-

160 2836 209 2896 nis
224 2836 331 2895 Laertii
346 2836 447 2895 verbis
466 2838 497 2896 in
512 2837 576 2915 ejus
592 2839 654 2897 vita
669 2854 746 2900 recte
762 2843 881 2922 collegit
895 2847 949 2905 ΑΙ-
993 2844 1084 2904 beret.
1099 2848 1163 2902 lluc
1177 2857 1308 2924 spectant
1317 2843 1540 2902 mordacissima
1551 2843 1688 2921 Dionysii
1703 2843 1781 2902 dicta

159 2927 260 2986 tatius.
274 2925 384 2984 Etenim
405 2926 519 2984 illelib.
540 2925 617 3002 lua
634 2929 698 2988 ait:
722 2927 772 3002 ἤδη
789 2929 815 2987 δὲ
830 2931 881 2990 und
895 2955 947 2991 πα·
996 2933 1040 2993 εἰσ
1064 2933 1100 2991 ad
1125 2953 1189 2991 eum
1209 2933 1364 2994 scribentis
1381 2955 1387 2991 :
1405 2937 1500 2991 Etiam
1517 2937 1554 2990 ab
1568 2937 1683 2992 Arcade
1702 2938 1785 2992 disci-

163 3013 299 3094 ραλύσεως
314 3013 360 3072 καί
374 3015 405 3072 τὸ
418 3019 497 3091 σῶμα
511 3013 665 3096 διέφθαρτο,
681 3016 727 3074 καί
739 3017 803 3096 πρὸς
815 3019 948 3101 Ξενοκρά-
991 3031 1063 3103 pulo
1075 3041 1123 3083 tua
1131 3029 1345 3103 philosophiam
1355 3031 1460 3085 discere
1470 3031 1550 3084 nobis
1560 3031 1632 3088 licet.
1647 3027 1683 3086 Et
1690 3027 1762 3088 alibi
1774 3051 1782 3088 t

161 3125 213 3174 την
233 3101 411 3180 διεπέμπετο,
427 3106 592 3184 παρακαλῶν
615 3104 693 3163 αὐτὸν
717 3107 821 3179 ἐλθεῖν,
843 3107 887 3166 καί
900 3109 948 3179 τὴν
995 3119 1080 3173 Plato
1095 3119 1222 3173 discendi
1238 3119 1377 3175 studiosos
1397 3123 1488 3191 gratis
1508 3119 1641 3190 οίοοαθαι,
1662 3132 1692 3174 tu
1714 3139 1784 3175 vero

162 3189 265 3269 σχολὴν
302 3190 478 3259 διαδέξασθαι.
515 3192 712 3262 Quamobrem
745 3215 798 3254 nos
833 3217 950 3276 quoque
996 3207 1098 3260 tributa
1111 3211 1366 3281 exigisetaequea
1379 3208 1635 3282 volentibusatque
1651 3210 1784 3262 arcolon-

162 3291 319 3355 utramque
330 3279 485 3356 epistolam
504 3279 669 3360 Speusippo
691 3283 888 3346 attribuimus.
996 3295 1066 3348 tibio
1086 3299 1191 3370 accipis
1217 3293 1285 3370 (76).
1313 3294 1392 3365 Quin
1416 3295 1503 3354 etiam
1526 3295 1653 3372 scriptor
1669 3295 1784 3372 episto-

205 3367 276 3438 Quae
294 3366 330 3424 de
351 3366 508 3446 Speusippi
524 3369 628 3428 itinere
640 3371 671 3430 in
694 3371 892 3434 Macedoniam
911 3378 947 3436 ad
997 3381 1031 3438 lae
1047 3381 1105 3458 (φφ)
1121 3382 1275 3466 Socratica
1299 3396 1386 3441 sextae
1408 3397 1437 3441 et
1460 3383 1617 3456 trigesimae
1637 3383 1780 3460 quandam

167 3483 1004 3507 ’Μ
1026 3496 1776 3516 *ss*

199 3534 250 3618 (69)
263 3536 301 3587 ci.
310 3536 419 3586 lischori
431 3537 470 3618 de¹
479 3538 607 3603 speusippi
627 3541 784 3593 Atheniensis
797 3544 849 3594 vita
857 3545 951 3596 disser-
998 3549 1179 3602 Alexandrinus
1188 3553 1278 3602 strom.
1292 3551 1335 3603 lib.
1345 3553 1380 3602 lv
1392 3551 1457 3616 παρὰ
1470 3551 1580 3602 Πλάτωνί
1592 3567 1618 3600 τι
1633 3551 1786 3613 ἐφιλοσόφουν

162 3609 229 3658 tatto
239 3621 263 3670 p.
278 3611 317 3657 29.
330 3633 369 3694 -.
376 3607 427 3672 (70)
440 3610 693 3694 Ιλιοὶςευαειίιοαιίὶυε
711 3615 780 3676 1v,r
801 3618 900 3682 καὶγὰρ
915 3618 954 3679 ὀρ-
999 3621 1131 3670 Δασθένιια
1152 3624 1167 3680 ἡ
1190 3622 1299 3685 Ἀρκαδία
1325 3622 1395 3685 (lege
1419 3621 1562 3686 Ἇρκαδικὴ)
1587 3623 1627 3670 καί
1650 3623 1786 3681 Ἀξιοθίαι)

164 3677 233 3739 γίλος
243 3677 284 3727 καί
295 3677 385 3736 ίδονων
393 3677 472 3736 ἥττων
485 3695 521 3738 ην.
532 3678 620 3729 Surdus
629 3693 654 3730 ν.
669 3683 829 3742 Σπεύσιππος·
840 3685 954 3748 αὐστηρὸς
999 3690 1111 3740 Φλιασία.
1129 3690 1280 3743 'themistius
1292 3695 1356 3743 orni.
1372 3695 1407 3744 iv
1421 3706 1429 3736 ²
1448 3691 1551 3750 Ἆξιοθθα
1568 3692 1610 3755 μὲν
1623 3693 1668 3755 γὰρ
1685 3693 1788 3750 tenua·

164 3751 210 3807 τὴν
221 3748 332 3832 libini,
349 3751 382 3806 tlt
397 3749 468 3812 &nui
478 3749 599 3813 ὄίΰθυμθς·
615 3779 646 3790 -
658 3753 710 3818 (71)
723 3754 780 3805 Vid·
797 3755 883 3820 [regin.
900 3761 952 3806 188.
1000 3760 1058 3821 μένη
1079 3779 1101 3810 τι
1114 3766 1162 3810 τῶν
1178 3762 1364 3826 ξυγγραμμάτων
1381 3763 1399 3814 θ
1413 3761 1514 3813 Πλάτων
1528 3763 1655 3818 πεποίηται
1673 3761 1732 3823 ὑπὲρ
1745 3778 1786 3812 πο·

163 3845 200 3862 -
210 3819 263 3884 (72)
276 3819 442 3870 Philostratus
454 3821 500 3872 rit.
516 3823 627 3886 Apellen.
642 3838 697 3889 cup.
711 3831 742 3878 35
753 3829 903 3878 Σπεύσιππον
913 3829 954 3877 τδν
999 3831 1093 3894 λιτείας,
1107 3835 1183 3898 ᾤχετο
1196 3835 1300 3884 ἀπιοῦσα
1312 3835 1416 3892 Ἀθήναζε
1430 3835 1453 3889 tt
1466 3831 1648 3893 Ἀρκαθίαιιθῦῑ
1661 3831 1787 3892 imme

164 3891 287 3950 Ἀθηναῖον
301 3891 365 3942 οὕτω
382 3909 419 3942 τοι
437 3892 627 3958 ίρασιχρήςιατον
643 3899 750 3958 γενέσθω
767 3899 854 3963 φασίν,
873 3901 953 3955 dreini
999 3903 1102 3965 ἠκροᾶτο
1122 3905 1271 3954 λανθάνουσα
1282 3906 1337 3968 ιΙχρι
1357 3905 1439 3969 πόρρω
1460 3903 1495 3953 ὅτι
1518 3903 1578 3964 γυνὴ
1595 3901 1647 3962 alu,
1671 3903 1753 3968 ὥσπερ
1773 3907 1787 3954 θ

164 3965 208 4014 τδν
220 3964 375 4028 Κασσάνδρου
388 3965 466 4027 γάμον
478 3965 501 4022 ta
521 3967 670 4018 Μακεδονίαν
682 3969 812 4033 κωμάσαι(
824 3971 871 4035 leg.
884 3974 954 4036 κομί·
1003 3971 1118 4034 Ἀχιλλεὺς
1131 3979 1175 4023 τοῦ
1196 3975 1360 4038 Λυκομήδους.
1382 3975 1412 4024 '0
1423 3975 1448 4024 δὲ
1467 3974 1570 4037 γεωργὸς
1592 3975 1605 4022 6
1619 3971 1738 4035 Κορίνθιος
1750 3981 1786 4038 τῷ

166 4033 272 4097 σοαθαι)
282 4036 403 4100 ποιήματα
418 4037 496 4101 ψυχρὰ
510 4039 632 4099 ξυνθέντε,
645 4043 686 4090 καὶ
696 4042 803 4106 δημοσία
816 4044 881 4092 ταῦθ’
896 4045 953 4108 ὑπὲρ
1000 4042 1087 4106 Γοργίᾳ
1106 4042 1282 4107 ξυγγενόμενος,
1303 4043 1362 4109 (οδε
1378 4045 1444 4107 αὐτῷ
1463 4044 1545 4104 ίιιείνῳ
1558 4043 1656 4106 Γοργίᾳ,
1675 4044 1735 4093 ἄλλα
1752 4050 1787 4108 τῷ

165 4107 295 4170 χρημάτων
309 4105 377 4170 ᾄσαι.
387 4109 450 4164 Qua
462 4109 562 4172 repetit.
576 4108 664 4160 Suidas
676 4123 697 4162 s.
718 4125 744 4162 ν.
760 4113 871 4176 Αἰσχίνης
883 4115 897 4164 δ
911 4120 954 4164 τοῦ
999 4111 1063 4175 λόγῳ
1074 4111 1101 4159 θν
1114 4112 1214 4162 Πλάτων
1229 4113 1330 4178 Ιγροιψεν
1343 4113 1381 4164 διε
1393 4116 1485 4176 ἐλέγχῳ
1503 4116 1545 4162 τοῦ
1557 4113 1687 4174 σοφιστοῦ)
1701 4115 1787 4164 stium

169 4177 299 4228 Δυσανίου.
315 4175 364 4226 Sed
382 4175 504 4242 Diogenes
520 4180 632 4231 Laertius
649 4185 692 4244 IV,
713 4183 723 4232 ί
739 4183 954 4235 condelectatio
999 4182 1112 4247 ὀφείετθν
1125 4183 1210 4246 ἀγρόν,
1221 4185 1261 4234 καί
1279 4185 1321 4241 τὰς
1339 4183 1472 4250 δμπίλους,
1492 4183 1602 4234 Πλάτωνι
1622 4186 1724 4244 ὑπέθηκε
1743 4188 1786 4244 τὴν

166 4246 207 4298 nis
219 4259 296 4330 causa
311 4245 494 4308 Macedoniam,
511 4251 540 4299 nt
554 4251 687 4301 Cassandri
704 4253 796 4328 υιιμίίίν
815 4254 952 4318 ίιιίοιοεεοθ,
998 4256 1086 4316 ’(νχήν,
1102 4257 1142 4305 καί
1152 4256 1182 4305 τὰ
1192 4256 1282 4306 δκείνον
1295 4258 1416 4323 δσπείρετο
1430 4258 1470 4307 καὶ
1481 4257 1612 4319 ἑφυτεῦετο.
1624 4256 1742 4320 Apuleius
1756 4256 1788 4306 de

168 4317 289 4400 petivisse
309 4317 386 4368 refert
400 4317 454 4381 (ὑφ’
470 4321 554 4379 ἡδονῆς
568 4321 639 4370 ἐλθεῖν
659 4325 691 4380 ιῑς
703 4324 850 4374 Μακεδονίαν
864 4327 903 4376 επὶ
914 4328 954 4376 τὸν
999 4327 1099 4377 Platone
1114 4345 1121 4376 ι
1137 4326 1208 4377 uuiti
1219 4327 1360 4380 auditorum
1372 4332 1427 4394 ojus
1438 4328 1569 4392 utriusque
1581 4342 1656 4380 serua
1665 4329 1692 4378 ln
1705 4329 1786 4394 pluto-

168 4388 326 4450 Κασσανορου
344 4385 446 4470 γάμον).
462 4415 489 4424 -
508 4388 559 4452 (73)
578 4389 702 4442 Diodorus
722 4393 819 4444 Siculus
839 4393 881 4446 lib.
899 4397 955 4447 iux
999 4397 1085 4460 sophia
1094 4397 1336 4463 floreamus-(76)
1349 4404 1471 4466 Diogenes
1482 4400 1594 4452 Laertius
1603 4399 1645 4450 lib.
1662 4402 1706 4462 lv,
1722 4402 1787 4452 εὸτι

168 4467 223 4520 cup.
237 4461 276 4506 49.
290 4459 404 4506 Iustinus
419 4457 462 4508 hh.
479 4461 534 4508 xiv
549 4473 602 4524 cap.
619 4467 641 4511 θ.
653 4489 685 4500 -
999 4471 1039 4518 stati
1050 4471 1172 4528 Διονύσιος
1188 4473 1245 4534 πρὸς
1262 4473 1333 4522 αὑτὸν
1349 4474 1443 4538 γράφων
1455 4474 1610 4528 τωθαστικῶς
1623 4484 1689 4532 φησι·
1702 4474 1742 4522 καὶ
1759 4474 1787 4522 ίκ

199 4525 252 4592 (74)
267 4528 358 4579 Enseb.
371 4527 529 4612 Chtnnqpag.
553 4536 596 4583 iis
614 4533 653 4583 cd.
670 4535 784 4598 Scaliger.
803 4536 842 4586 ni.
857 4536 955 4587 Eusebii
999 4547 1039 4601 τῆς
1049 4541 1183 4606 Ἀρκαδικῆς
1197 4559 1242 4592 σου
1256 4545 1384 4608 μαθητρίας
1397 4547 1447 4596 daal
1463 4545 1505 4604 τὴν
1520 4543 1658 4606 φιλοσοφίαν
1673 4560 1786 4606 κατομα·

170 4599 260 4682 Chrun.
275 4613 301 4664 p.
316 4603 362 4650 348
372 4599 412 4650 ed.
425 4603 481 4650 Mel.
496 4607 541 4652 An.
550 4603 648 4655 Abram.
666 4609 722 4657 1701
738 4621 745 4652 t
760 4619 773 4647 u
785 4607 920 4658 Menander
929 4613 955 4660 el
1000 4615 1054 4663 θεῖν·
1069 4615 1110 4663 καί
1122 4616 1224 4666 Πλάτων
1236 4617 1278 4677 μὲν
1290 4617 1380 4676 ἀτελεῖς
1394 4618 1471 4682 φόρων
1480 4617 1534 4674 τοὺς
1543 4615 1598 4680 παρ’
1608 4617 1679 4667 αὐτὸν
1691 4620 1787 4678 φοιτῶν·

171 4669 322 4733 Speusippus
335 4670 474 4756 pbilosophl
486 4675 705 4736 cognoscebantur.
720 4695 732 4720 ν
745 4677 849 4742 Synccll.
863 4693 888 4742 p.
899 4682 953 4730 ais.
1000 4699 1041 4739 τας
1051 4683 1141 4744 ἐποίει,
1154 4686 1185 4734 σὺ
1197 4687 1222 4734 dl
1235 4687 1389 4751 δασμολογεῖς
1400 4689 1440 4736 καί
1450 4687 1505 4749 παρ’
1516 4689 1619 4737 Ικόντων
1627 4689 1667 4736 καί
1680 4687 1786 4737 ἀκόντων

173 4741 204 4789 D.
221 4743 260 4804 (p.
274 4747 317 4792 sat
333 4743 446 4795 Dandorl.
461 4745 470 4807 )
488 4746 625 4810 Μενέδημος
639 4751 677 4798 καί
698 4753 848 4808 Σπεύσιππος
863 4753 957 4812 φιλόαο-
1000 4755 1132 4818 tepuisse.
1148 4756 1186 4807 ci.
1202 4757 1287 4822 inglu.
1308 4763 1362 4810 227.
1380 4787 1413 4797 -
1427 4756 1478 4822 (77)
1497 4758 1607 4822 scriptu
1623 4757 1700 4822 suut.
1717 4758 1785 4810 Sucr-

173 4813 377 4876 φοιδγνοιρίζοντο.
391 4843 422 4856 -
436 4817 485 4878 (75)
500 4815 622 4880 Diogenes
634 4819 753 4871 mantus
767 4821 811 4883 lib,
824 4823 868 4882 iv,
883 4827 893 4872 Ι
906 4824 954 4872 ίλέ·
1000 4829 1031 4875 36
1042 4840 1067 4889 p.
1082 4829 1114 4876 44
1129 4826 1168 4879 ed.
1185 4829 1259 4880 Orell.
1274 4831 1393 4894 Eculeus(
1408 4846 1436 4880 os
1451 4830 1511 4894 μετὰ
1532 4829 1627 4885 παιδιᾶς
1647 4828 1786 4892 sedium&-

171 4899 242 4968 γοντα
253 4884 278 4932 dl
288 4885 359 4936 αὐτοῦ
373 4889 414 4936 καί
425 4891 451 4937 αί
462 4888 589 4948 Πλάτωνος
604 4891 702 4941 ἀκούειν
717 4895 850 4956 μαθήτριαι,
866 4897 955 4945 Δασθὲ-
1001 4900 1100 4959 σασθαι,
1114 4899 1195 4958 ἐπειδὴ
1208 4901 1238 4950 σίν
1250 4903 1290 4950 καί
1304 4903 1361 4967 αρδς
1378 4902 1419 4964 lul
1434 4901 1635 4965 πρυεῑσθίὸληῑᾱδ
1651 4903 1686 4963 τῷ
1704 4899 1787 4964 τρόπῳ

170 4969 264 5038 νειαιτε
278 4958 433 5016 ὴΜαντινική
459 4962 499 5010 καί
515 4963 616 5020 Ἀξιοθία
632 4965 647 5022 ι)
666 4963 782 5015 Φλιασία.
796 4965 834 5016 Id.
850 4963 893 5015 lib.
907 4966 954 5027 ΙΙΙ,
1000 4969 1087 5030 τούτῳ.
1105 4973 1215 5034 Δίγωδή
1236 4988 1275 5022 σοι
1295 4972 1321 5022 εὗ
1340 4973 1464 5037 πράττειν,
1483 4969 1505 5021 εί
1519 4970 1564 5034 ἄρα
1582 4970 1653 5020 toute
1677 4971 1728 5022 ίστι
1742 4978 1786 5024 τοῦ

171 5027 203 5073 46
227 5025 327 5110 diluite
345 5029 478 5088 Φλιασίαί)
498 5033 538 5082 καί
562 5033 656 5096 ἀνδρεῖα
676 5033 827 5096 ἠμπίσχετο,
846 5035 879 5094 ὥς
898 5053 955 5098 φησι
1000 5042 1089 5105 χαίρειν
1105 5043 1213 5106 δμιινον,
1235 5047 1266 5100 ὡς
1281 5045 1326 5094 οὐκ
1347 5045 1424 5102 ίατιν,
1445 5043 1504 5092 ἀλλὰ
1516 5046 1559 5090 τοῦ
1579 5041 1621 5104 μδν
1637 5041 1786 5107 idacium}

171 5099 321 5160 δικαιαρχος.
339 5099 528 5164 ΟΙγιιιμίοιΙοιυε
546 5104 572 5153 in
588 5103 641 5154 vita
656 5105 786 5157 Platonis:
809 5109 909 5164 πολλοὺς
930 5108 955 5158 δὲ
1000 5111 1119 5160 Δασθενία
1137 5115 1176 5162 καί
1195 5114 1346 5170 Σπεύσιππος
1362 5118 1464 5178 χρῆται,
1483 5109 1557 5166 alato<
1577 5113 1620 5160 τοῦ
1638 5111 1661 5169 θς
1681 5113 1787 5162 Σικελίαν

170 5167 232 5216 πάνυ
244 5169 301 5230 πρὸς
311 5169 409 5231 μάθησιν
421 5173 544 5236 ἀφείλαντο
558 5175 599 5224 καὶ
613 5175 710 5240 ἄνδρας,
728 5178 769 5226 καί
787 5182 898 5238 γυναῖκας
913 5177 956 5227 δν-
1001 5177 1089 5229 στθλον
1104 5182 1226 5242 ὁμολογῶν
1242 5182 1316 5243 εἶναι,
1334 5183 1374 5232 καί
1388 5181 1500 5236 πλείονας
1516 5183 1560 5229 soii
1575 5181 1694 5246 Ιθγρνόνου
1708 5187 1776 5248 χεῖρα

170 5238 240 5303 δριίφ
249 5239 356 5302 σχήμαπ
375 5242 560 5305 παρασκευάζων
580 5245 710 5307 ἀκροᾶσθαι
735 5245 815 5296 αὐτοῦ.
842 5247 955 5298 Clemens
1001 5250 1040 5297 καὶ
1053 5249 1127 5306 πόδας
1139 5249 1210 5308 ίξιον,
1224 5252 1311 5312 μᾶλλον
1334 5253 1358 5300 δὲ
1371 5256 1414 5300 τοῦ
1432 5249 1652 5318 Βριάρεωῌτεςιιι.
1674 5253 1787 5310 ²28).-

268 5339 336 5377 νιιιι.
354 5341 432 5380 canc.
452 5343 488 5380 m.
1678 5348 1691 5390 5
