4020 5950
684 400 733 460 nu
756 400 830 462 uns
852 401 901 462 uu
922 399 1058 464 uuuuo
1079 401 1214 464 unun-
1702 407 1760 488 Ιω

149 533 206 592 λων
218 529 281 593 είσί·
298 530 329 591 τδ
344 529 373 590 δὲ
389 533 504 610 χρυσοῦν
517 531 600 602 μῆλον
612 537 655 589 τὸν
670 531 788 610 κόσμον,
803 531 830 600 ύς
844 533 873 592 tx
885 536 937 592 τῶν
981 533 1103 602 πεσόντες
1113 533 1139 602 ἐξ
1150 534 1260 616 ούρανοῦ
1272 541 1283 568 “’
1296 532 1340 592 καλ
1352 555 1385 612 τη
1400 533 1489 614 νύμφῃ
1504 518 1622 602 συνόντες
1632 517 1660 594 ἐν
1677 559 1762 610 xeres

152 619 277 680 ῖναντίων
294 617 435 698 γενόμενος
456 617 562 686 εῖκότως
575 618 626 678 θιιδ
642 623 690 690 τῆς
702 617 811 700 Ἔριδος
832 621 937 701 λέγεται
981 621 1132 705 φείφιῖομὲν
1144 623 1236 681 σίτουΙ
1247 644 1275 680 τε
1287 622 1332 681 καί
1343 621 1480 695 τήςοῖλλης
1493 624 1605 702 παχείας
1619 625 1664 682 καί
1679 629 1762 705 ῥυπα-

153 709 300 790 ῥίπτεσθαι.
319 705 421 765 Ἄλλων
445 705 474 765 el
496 705 565 765 tile
585 710 624 788 τῷ
644 710 736 788 κόσμῳ
759 710 937 790 χαριζομένων
984 721 1030 791 ρᾶς
1050 714 1147 792 τροφῆς
1167 710 1336 791 ἀπεχόμεθα·
1349 711 1460 791 ἑκάτερα
1475 709 1526 791 γδρ
1547 710 1651 770 ἐναντία
1674 715 1764 792 ψυχῆ·

152 801 234 870 θεῶν,
252 798 412 878 φιλονεικεῖν
422 793 488 876 ύτιίρ
503 800 548 854 τοῦ
564 794 649 874 μήλου
661 797 796 860 δοκοῦσιν·
809 801 826 870 ἡ
839 798 865 858 δὲ
876 801 936 858 κατ’
983 790 1040 858 εἶτα
1062 798 1167 878 δίνδρου
1189 798 1270 876 τομαὶ
1286 799 1295 834 ²
1315 796 1360 857 καὶ
1379 799 1504 873 νηστεία,
1520 797 1610 878 ὥσπερ
1625 798 1669 857 καὶ
1687 775 1763 876 ήμῦιν

153 885 278 956 αἴσθησιν
293 887 365 954 ζῶσα
384 882 475 964 ψυχή,
488 881 569 943 ’τοῦτο
583 884 635 965 γοίρ
650 885 720 944 ἔστιν
738 888 752 943 θ
776 885 875 966 Ποίρις,
891 885 938 956 τὰς
983 886 1206 966 οῖπυκσπτομίνων
1220 886 1268 958 τήν
1280 887 1429 968 περαιτέρω
1444 891 1490 960 τῆς
1501 885 1626 966 γενίσεως
1637 886 1763 967 πρόοδον·

154 975 204 1052 μὲν
227 973 310 1041 ἄλλας
334 974 362 1032 δν
374 973 413 1053 τῷ
431 972 523 1052 κόσμῳ
538 972 661 1050 δυνάμεις
676 973 726 1054 ούχ
739 975 842 1055 δρῶσα,
860 974 938 1052 μόνον
983 976 1144 1043 intentiore
1162 975 1295 1054 γάλακτος
1308 974 1407 1056 τροφή,
1420 974 1511 1055 ὥσπερ
1529 973 1764 1053 οῖναγεννωμένων·

154 1064 182 1123 δῖ
197 1062 229 1122 τδ
253 1062 363 1136 καλλος,
384 1063 432 1132 τῆς
453 1059 606 1142 Ἀφροδίτης
626 1053 692 1121 εἶναι
708 1063 737 1123 τδ
760 1061 843 1140 μῆλόν
859 1086 936 1144 φησι.
984 1067 1023 1146 ἐφ’
1038 1055 1075 1132 οἷς
1091 1067 1207 1145 ίλαρεῖαι
1223 1062 1270 1123 καὶ
1284 1064 1407 1144 στέφανοι
1426 1071 1458 1138 ¹¹,
1470 1063 1517 1123 καί
1536 1063 1600 1144 πρὸς
1617 1061 1676 1130 τοῦς
1695 1060 1766 1128 θεοὺς

152 1150 294 1296 Ρρίρτφφσι
309 1147 337 1210 tl
351 1153 404 1278 τφῗιν
420 1148 509 1292 μύθων
524 1149 613 1294 οίὶμῖν
628 1150 939 1296 θεολυγφκοῖὶφδιέλωόφοις
984 1143 1037 1212 οἷον
1052 1152 1188 1219 ῖποίνοδος.
1200 1155 1341 1232 Μαρτυρεῖ
1355 1153 1382 1211 δὲ
1396 1150 1496 1220 τούτοις
1510 1150 1555 1212 καί
1567 1153 1581 1209 ὁ
1595 1153 1646 1210 τῶν
1662 1148 1765 1230 δρωμέ-

1119 1239 1126 1260 Ι
1150 1248 1177 1278 v·
1347 1239 1355 1260 θ
1511 1240 1518 1260 t
1651 1237 1658 1257 Ι
1753 1271 1768 1284 ι

151 1236 557 1396 τίλῦταῖςφυίῖίιῦδὴχῦιαῦυτῦύῦῦι
572 1257 817 1405 τῦλιιητήαιίιρῦςοτδν
832 1239 939 1403 xlm
983 1261 1035 1388 ῦῦίί
1048 1239 1248 1410 ῦῦιρδοόώμίίιῦιρὲ
1262 1239 1767 1408 aigi&lffistsstxgflzstsszeffiaftffa

150 1419 223 1493 ἡμᾶς
237 1413 283 1477 καί
298 1414 363 1495 πρὸς
373 1411 430 1480 τοῦς
445 1410 516 1478 θευῦς
531 1413 670 1472 συνοίτιτειν
680 1412 762 1474 ἐθέλει
773 1416 797 1476 ¹.
812 1414 846 1474 Εἰ
859 1413 887 1474 δὲ
901 1416 940 1474 δεῖ
984 1414 1125 1494 γινόμενα,
1141 1417 1227 1497 ήμίρα
1244 1415 1274 1475 lt
1290 1415 1385 1493 μείζων
1401 1417 1502 1492 γίνεται
1520 1418 1567 1486 τ’ής
1581 1413 1689 1487 νυκτός,
1701 1413 1766 1493 ὅπερ

152 1503 200 1563 καὶ
217 1501 304 1584 ἕτερον
320 1507 403 1580 μῦθον
416 1501 573 1576 sicorim-lv
588 1499 689 1580 μητέρα
704 1505 757 1561 τῶν
770 1507 834 1562 θεῶν
853 1500 940 1584 Ιφασι
985 1507 1078 1564 οἰκεῖον
1096 1505 1271 1584 ἀναγαμίναις
1285 1509 1393 1587 ψυχαῖς.
1420 1504 1486 1584 Περί
1500 1509 1563 1582 γοῦν
1577 1503 1625 1574 τήν
1647 1499 1767 1560 ἐναντίαν

152 1589 198 1652 τὸν
211 1589 299 1652 Ἄττιν
313 1591 435 1671 παρδτῷ
449 1589 546 1670 Γύλλῳ
560 1589 679 1667 κείμενον
692 1590 798 1650 ἰδοῦσαν
812 1597 938 1675 ποταμῷ,
985 1591 1123 1673 ἰσημερίαν
1145 1597 1162 1664 ή
1182 1596 1230 1665 τῆς
1249 1593 1337 1674 Κόρης
1356 1593 1464 1672 ἁρπαγή
1492 1595 1674 1667 μυθολογεῖται
1695 1587 1769 1667 γενί-

155 1681 301 1762 ῖρασθῆιαί
314 1703 342 1740 τε
356 1679 400 1740 καὶ
413 1678 547 1739 λαθοῦσαν
560 1680 603 1740 τδν
617 1679 766 1761 ἀστερωτὸν
782 1682 854 1762 αύτῷ
868 1705 939 1762 περι·
985 1685 1046 1738 σθαι
1061 1680 1114 1753 ’,θ
1133 1679 1165 1751 δὴ
1182 1681 1291 1744 κοίθοδός
1310 1683 1364 1739 ἐστι
1377 1683 1430 1738 τῶν
1450 1681 1552 1759 ψυχῶν.
1568 1680 1693 1737 Τοσαῦτα
1707 1675 1768 1754 περλ

155 1776 239 1830 θεῖναι
251 1771 343 1850 πῖλον,
358 1769 404 1828 καί
418 1773 465 1828 τοῦ
477 1771 571 1828 λοιποῦ
586 1771 644 1846 μεθ’
658 1771 753 1840 ίαυτῆς
768 1768 850 1849 ἔχειν.
867 1768 901 1830 ‘0
913 1769 940 1830 δὲ
986 1769 1075 1846 μύθων
1097 1771 1213 1828 εἰποῦσιν
1229 1773 1293 1846 ἡμῖν
1310 1767 1384 1828 αὗταί
1400 1791 1429 1826 τε
1450 1769 1473 1827 οῖ
1493 1767 1546 1826 θεοί
1562 1766 1608 1824 καί
1623 1768 1675 1824 τιῖιν
1700 1785 1770 1844 γρα-

156 1857 261 1938 νύμφης
286 1855 404 1938 ἐρασθείς
428 1855 476 1929 τήν
501 1859 566 1916 θεῶν
600 1857 702 1937 μητέρα
728 1857 881 1936 ἀπολιπών,
907 1863 940 1937 τῇ
985 1856 1089 1938 ψαίντων
1102 1855 1160 1925 τοῦς
1172 1857 1267 1934 μύθους
1283 1860 1309 1916 αῖ
1321 1857 1407 1938 ψυχαὶ
1420 1854 1484 1936 ἵλεῳ
1496 1854 1612 1935 γίνοιντο
1622 1861 1646 1920 ¹.

156 1948 245 2027 νύμφη
265 1945 423 2025 ουνῆν,καλ
438 1945 482 2006 διὰ
496 1951 573 2006 τοῦτο
587 1950 604 2019 ή
620 1946 708 2027 μήτηρ
721 1950 773 2006 τῶν
791 1951 856 2008 θεῶν
871 1951 942 2008 ποιεῖ
1025 1953 1037 1982 ⁸
1065 1949 1099 2008 lt
1120 1951 1166 2006 τοῦ
1193 1947 1294 2028 Κρόνου
1318 1945 1478 2011 καταπόσεις
1498 1947 1551 2002 τῶν
1574 1941 1698 2020 παίδων]
1718 1941 1768 2001 Sic

159 2038 278 2112 μανῆναι
300 2033 345 2095 τδν
364 2027 474 2109 Ἄττιν,
496 2035 542 2116 καί
563 2033 598 2094 τὰ
622 2035 718 2115 γόνιμα
740 2035 940 2117 ἀποκοψύμινυν
986 2035 1153 2095 Macrobius
1176 2035 1293 2095 Saturn.
1317 2033 1372 2092 lib.
1395 2033 1408 2091 l
1430 2053 1502 2111 cap·
1517 2035 1543 2090 8.
1570 2030 1627 2089 Sed
1648 2030 1771 2088 Procius

158 2128 261 2204 ἀφεῖναι
284 2123 358 2206 παρὰ
381 2128 415 2204 τῇ
434 2125 540 2206 νύμφη·
556 2122 638 2184 πάλιν
661 2123 689 2184 et
714 2125 853 2184 ἀνελθόντα
874 2128 940 2207 αὐτῇ
987 2123 1077 2182 theol.
1089 2123 1162 2182 Plat.
1173 2122 1228 2182 lib.
1245 2121 1266 2180 V
1283 2141 1345 2198 cup.
1360 2125 1395 2194 37
1412 2134 1440 2178 et
1452 2121 1484 2176 in
1495 2118 1605 2194 Cretyl.
1619 2136 1683 2195 cap.
1701 2117 1770 2192 106,

158 2221 298 2271 συνοικεῖν.
315 2210 350 2274 Ἡ
366 2212 414 2278 μὲν
429 2203 474 2271 οῦν
491 2213 581 2295 μήτηρ
594 2215 647 2272 τῶν
663 2217 728 2274 θεῶν
740 2213 867 2290 ζωογόνος
885 2217 940 2276 ἐστὶ
987 2213 1055 2270 item
1071 2211 1205 2270 Plotinus
1218 2211 1348 2270 Enneed.
1361 2207 1395 2266 V.
1410 2208 1462 2268 lib.
1482 2206 1574 2284 lcep.
1590 2226 1605 2277 7
1623 2205 1771 2279 theologo·

158 2300 221 2373 θεοί,
236 2299 283 2360 καῖ
297 2299 340 2360 διδ
360 2305 438 2360 τοῦτο
454 2301 544 2383 μήτηρ
563 2306 699 2361 καλεῖται·
714 2307 728 2363 δ
748 2301 776 2362 st
788 2299 875 2373 Ἄττις
889 2308 938 2364 τῶι
987 2321 1052 2358 runi
1067 2319 1149 2358 more
1161 2301 1324 2378 explicant,
1337 2297 1417 2376 quod
1427 2296 1558 2354 omnies
1575 2294 1629 2352 deo
1642 2293 1772 2372 prolecta

158 2388 303 2467 γινομένων
326 2389 371 2448 καί
397 2389 572 2471 φθειρομένων
588 2389 746 2471 δημιουργός
768 2395 809 2469 ¹¹¹,
830 2391 876 2452 καί
899 2391 941 2450 διδ
987 2387 1024 2445 al
1048 2407 1114 2448 eum
1136 2399 1331 2447 revertantur.
1355 2387 1403 2444 tit
1426 2397 1522 2442 entem
1537 2383 1660 2440 Procius
1683 2379 1772 2439 theol.

158 2482 238 2538 τοῦτο
251 2476 326 2556 παρὰ
339 2480 377 2559 τῷ
391 2479 488 2560 Γάλλῳ
499 2477 606 2558 λίγιται
620 2484 756 2560 εὑρεθῆναι
775 2482 904 2561 ποταμῷ·
925 2485 939 2540 ό
989 2475 1061 2536 Plat.
1073 2477 1096 2536 l.
1108 2497 1134 2534 o.
1150 2475 1195 2534 καί
1209 2479 1227 2548 ή
1249 2475 1341 2546 θλότης
1353 2472 1420 2545 αῦτη
1441 2471 1531 2543 θεότης
1550 2469 1621 2529 ἐστίν
1632 2467 1771 2540 συνεκτικὴ

158 2567 211 2645 γὰρ
231 2566 332 2633 Γάλλος
348 2567 392 2625 τὸν
411 2565 539 2647 γαλαξίαν
554 2567 697 2626 αἰνίττεται
718 2565 832 2642 κύκλον,
849 2569 894 2648 ἀφ’
913 2559 943 2628 ού
987 2569 1040 2625 τῶν
1053 2567 1152 2636 νοητῶν
1165 2567 1191 2624 ἐν
1205 2566 1288 2644 ἑαυτῇ
1306 2565 1408 2644 μερῶν,
1423 2559 1552 2618 ὠδίνουσα
1568 2558 1615 2636 μὲν
1628 2558 1659 2617 τὸ
1675 2557 1773 2629 πλῆθος

158 2653 189 2720 τὸ
204 2653 322 2726 παθητὸν
339 2651 463 2736 ἔρχεσθαι
485 2657 563 2734 σῶμα
577 2661 602 2721 ⁹,
625 2655 686 2718 Τῶν
701 2654 729 2716 δὲ
751 2655 862 2737 πρώτων
879 2661 942 2716 θεῶν
988 2651 1018 2711 τδ
1032 2653 1119 2732 νοερὸν
1134 2649 1179 2710 καί
1191 2649 1279 2710 πάντα
1293 2653 1412 2729 γεννιῦσα
1423 2648 1558 2725 μονίμως,
1571 2645 1618 2704 καί
1634 2643 1669 2704 τδι
1682 2665 1774 2724 γεννη-

158 2743 326 2804 τελειυύντων
347 2742 405 2811 τοὺς
428 2743 579 2822 δευτίρους,
602 2746 649 2824 ἐρᾷ
671 2743 719 2821 μίν
745 2749 762 2817 ll
786 2745 875 2826 μήτηρ
897 2751 942 2804 τοῦ
988 2741 1065 2800 θίντα
1080 2739 1160 2800 ποίλιν
1175 2737 1384 2817 ίγκολπιζομίνη
1399 2735 1445 2796 καί
1458 2737 1607 2814 συνάγουσα
1621 2735 1656 2801 εἰς
1671 2731 1773 2810 αὐτήν,

161 2830 292 2905 ’Ᾰττεως,
308 2833 353 2892 καὶ
371 2832 504 2913 υύρανίους
518 2833 590 2914 αύτῷ
606 2832 697 2892 δίδωσι
711 2832 850 2912 δυνάμεις·
865 2839 943 2894 τοῦτο
988 2828 1034 2888 καί
1058 2826 1112 2908 (ὥς
1128 2849 1208 2906 φασιν
1222 2830 1247 2886 οῖ
1260 2825 1450 2906 τραγικώτερα
1462 2829 1515 2884 τῶν
1537 2821 1641 2902 μύθων)
1657 2820 1772 2880 καταπί-

163 2921 216 3001 γοίρ
231 2923 301 2981 ίστιν
316 2923 329 2980 θ
343 2923 418 2990 πῖλος
427 2935 454 2962 ⁰·
466 2923 513 3001 δρᾷ
528 2919 582 2980 δῖδ
596 2917 683 2988 Ἄττις
694 2925 740 2993 τῆς
752 2921 867 3003 νύμφης·
877 2925 905 2982 αί
915 2925 942 2982 δὲ
988 2941 1085 2993 νουσα,
1103 2918 1148 2977 καί
1159 2921 1185 2977 ἐν
1199 2920 1279 2994 ἑαυτῇ
1296 2912 1498 2992 κατατιθεμίνη.
1518 2912 1597 2971 ίύσιιι
1613 2911 1646 2969 in
1661 2909 1770 2985 Crelyl.

159 3007 262 3084 νύμφαι
277 3007 401 3084 γενέσεως
417 3009 520 3088 ἔφοροι·
533 3015 587 3066 πᾶν
601 3004 653 3086 γδρ
667 3005 697 3065 τὸ
714 3007 849 3086 γινόμενον
865 3011 941 3089 θῥεῖ.
988 3027 1021 3082 μ.
1036 3006 1113 3066 oco.
1131 3005 1304 3064 Boissoned.
1317 3007 1376 3070 νοῦς
1387 3003 1438 3081 γάρ
1454 3004 1525 3060 ἐστιν
1540 3001 1554 3057 δ
1569 2995 1691 3078 βασιλεύς
1705 2994 1774 3073 Κρό-

159 3093 238 3156 ’Enii
250 3094 278 3154 tt
290 3095 343 3155 ἔδει
354 3099 448 3167 στῆναι
461 3094 510 3166 τήν
522 3094 623 3172 γένεσιν
637 3101 668 3170 ¹¹,
682 3089 728 3153 καί
744 3093 781 3172 μή
794 3099 846 3154 τῶν
859 3095 944 3175 ῖσχοί·
988 3117 1030 3162 νος
1055 3093 1100 3153 καὶ
1121 3093 1211 3165 ποίσης
1231 3101 1322 3174 νοερᾶς
1344 3094 1411 3162 ζωῆς
1434 3088 1600 3160 ύποστοίτης,
1621 3084 1691 3144 ἀλλὰ
1714 3087 1774 3150 νοῦς

159 3205 213 3240 των
228 3181 348 3262 γενίσθαι
364 3183 395 3242 τὸ
411 3185 519 3264 χεῖρον,
535 3185 549 3240 ὁ
564 3185 648 3240 ταῦτα
669 3185 751 3241 ποιῶν
769 3182 942 3264 δημιουργός,
966 3221 969 3228 ‚
990 3181 1146 3264 δξῃρημίνος
1158 3185 1204 3254 τῆς
1216 3179 1281 3262 πρδς
1292 3180 1326 3238 τίι
1340 3178 1453 3252 αἰσθητδι
1465 3175 1626 3246 συντάξεως,
1637 3171 1683 3232 καλ
1693 3171 1774 3240 ἄλλος

161 3270 284 3349 δυνάμεις
298 3269 421 3350 γονίμους
437 3269 510 3354 ἀφεῖς
531 3270 567 3336 είς
581 3267 628 3340 τήν
642 3269 758 3345 γένεσιν,
770 3271 850 3329 πιίλιν
864 3272 944 3332 συνοί-
989 3275 1035 3330 καί
1047 3270 1192 3352 χωριστός,
1210 3268 1287 3336 αὐτὸς
1299 3271 1335 3336 εῖς
1352 3265 1443 3326 ἑαυτὸν
1459 3263 1690 3345 ἐπεστραμμένος,
1704 3259 1731 3325 ὅς
1742 3283 1774 3338 γε

163 3381 260 3418 πτεται
273 3359 328 3425 τοῖς
346 3361 422 3425 θεοῖς.
445 3359 539 3420 Ταῦτα
558 3355 586 3416 δὲ
606 3353 709 3432 ῖγίνιτο
732 3355 780 3435 μὲν
801 3356 943 3436 ούδύποτε,
990 3359 1035 3419 καί
1058 3358 1116 3428 τοῦς
1135 3361 1179 3416 ἀπ’
1203 3359 1281 3416 αύταῦ
1305 3354 1492 3436 προκύψαντας
1516 3355 1552 3419 είς
1579 3350 1671 3411 ἑαυτὸν
1698 3339 1771 3415 αύθις

162 3445 219 3506 1⁶³²
233 3445 261 3506 δὲ
274 3445 324 3507 M·
340 3445 396 3506 Καὶ
410 3449 424 3504 ὗ
439 3445 487 3523 μίν
501 3449 559 3512 νοῦς
573 3443 629 3522 ἅμα
644 3444 732 3504 πάντα
747 3447 813 3526 ὁρᾷ,
830 3445 886 3505 tet
899 3446 945 3506 λό-
993 3449 1120 3530 ῖπίτρεψε
1146 3447 1191 3507 καί
1213 3445 1402 3506 ἐνικαλπίσατο
1419 3447 1465 3504 καλ
1487 3447 1514 3505 δν
1537 3443 1623 3522 ίαυτῷ
1642 3442 1774 3517 σταθερθῖς

160 3560 205 3616 γῠς
220 3533 255 3595 τύ
267 3535 314 3614 μὶν
326 3539 436 3617 πρῶτα,
449 3536 483 3595 τὰ
493 3533 521 3595 δὲ
534 3533 642 3615 δεύτερα
652 3531 733 3613 λε’γει.
748 3533 827 3596 Ούτω
842 3534 870 3595 δὲ
881 3535 945 3616 πρὸς
992 3538 1109 3618 ἵδρυσεν.
1128 3572 1166 3584 -
1182 3541 1195 3581 ¹³
1211 3536 1263 3609 ήδη
1278 3531 1346 3602 τινὲς
1365 3532 1459 3615 χρόνον
1476 3531 1524 3610 μῖν
1537 3530 1584 3590 τὸν·
1600 3530 1700 3606 Κρόνον
1716 3525 1774 3585 ῖνό·

161 3625 206 3686 τὸ*
220 3625 319 3702 ²⁶⁶l²⁰l
330 3625 432 3693 θίκῑίωί
447 3624 552 3706 ἔχοντος
570 3628 616 3684 ³0³3
633 3621 732 3702 μύθου,
750 3627 828 3704 ἡμεῖς
841 3623 885 3684 τθν
899 3627 945 3686 κύ
992 3625 1092 3710 μισαν]
1109 3628 1147 3688 cl.
1163 3625 1332 3686 Macrobius
1343 3624 1402 3682 Sat.
1425 3622 1439 3680 l
1458 3642 1523 3701 cap.
1539 3617 1619 3678 xlll.
1632 3617 1775 3675 Ceterum

161 3737 228 3792 σμον
244 3713 492 3794 μιμούμενοι,(πῶς
501 3714 552 3794 γδρ
566 3711 597 3772 δν
610 3715 710 3790 μᾶλλον
719 3713 915 3791 κοσμηθείημεν
924 3712 944 3794 3)
992 3719 1068 3776 inter
1087 3714 1281 3775 καταπίνεσθαι
1304 3726 1333 3771 et
1351 3711 1402 3771 ὑπὸ
1421 3711 1512 3786 vulgo
1531 3705 1731 3783 interponitur
1747 3702 1774 3760 ot

161 3802 254 3884 ἑορτήν
273 3801 372 3882 ἄγομεν
387 3801 431 3860 δεδι
444 3805 541 3864 ταῦτα.
558 3801 614 3862 Καὶ
628 3805 731 3882 πρῶτον
745 3799 793 3878 μίν
807 3801 853 3862 καί
873 3801 947 3862 αύτολ
993 3806 1073 3884 quod
1083 3805 1181 3867 omisi.
1192 3835 1234 3850 ·-
1244 3811 1257 3842 ⁰
1268 3801 1379 3882 ψυχικὸς
1388 3793 1582 3880 τρόποςιέστίν]
1595 3791 1700 3850 lubulae
1709 3807 1775 3867 quse

1501 3929 1769 3948 w

159 4028 262 4092 orbem,
274 4027 338 4080 oncle
353 4040 442 4092 corpus
453 4027 553 4092 patibile
569 4027 712 4090 descendit,
727 4027 856 4092 signllicet.
889 4025 945 4078 Pri·
989 4037 1098 4075 moeroro
1109 4025 1236 4089 jaconus,
1248 4035 1263 4072 o
1276 4020 1399 4071 [iumento
1413 4019 1440 4068 et
1451 4014 1545 4079 reliquo
1565 4023 1647 4064 οτοεω
1663 4007 1775 4060 sordido·

160 4115 209 4166 mis
226 4119 310 4168 εαῖσιιι
330 4115 379 4168 (liis
397 4116 518 4168 secundos
541 4115 738 4182 perficientibus,
752 4119 832 4168 meter
854 4115 946 4167 Attidis
990 4127 1039 4180 que
1048 4111 1103 4164 cibo
1117 4105 1496 4174 abstinentes,queudoquidem
1510 4107 1617 4168 utreque
1629 4097 1711 4154 animo
1720 4111 1777 4152 con·

161 4219 246 4257 umore
257 4205 357 4257 incense
374 4205 486 4257 celestes
502 4205 538 4256 illi
558 4205 688 4257 facultates
702 4205 805 4269 largitur
822 4223 828 4254 :
844 4206 946 4258 lsenim
989 4201 1066 4255 trerle
1079 4203 1153 4264 sunt;
1164 4199 1253 4252 deiude
1266 4199 1341 4250 orbor
1352 4196 1435 4248 excise
1448 4200 1474 4248 et
1481 4194 1616 4259 jejunium,
1627 4189 1698 4256 qussi
1706 4187 1778 4240 nouis

161 4293 242 4358 pileus
265 4295 312 4344 est.
345 4293 410 4344 Attis
426 4307 486 4346 vero
507 4293 624 4358 nymphe
641 4307 724 4345 umore
744 4293 853 4359 θομοτίί,
868 4307 947 4359 quum
980 4305 1090 4358 Ιςυοιγυο
1106 4289 1166 4356 ipsis
1180 4287 1323 4340 ulteriorem
1336 4283 1501 4352 generationis
1514 4293 1674 4348 progressum
1687 4291 1778 4342 empu-

160 4381 280 4448 nymphe
291 4382 439 4446 gennetioni
452 4381 556 4447 prosint
572 4401 580 4434 ι
594 4381 716 4448 siquidem
729 4381 892 4448 quodcunque
904 4395 948 4449 ge-
992 4380 1101 4432 untione
1115 4398 1122 4430 ε
1137 4377 1245 4442 denique
1255 4391 1287 4429 ex
1297 4377 1362 4428 lecte
1379 4373 1452 4439 qussi
1473 4369 1659 4452 muescentibus
1676 4367 1778 4418 alimen·

162 4469 272 4534 peretur,
287 4471 350 4522 ituit.
384 4473 508 4523 ceterum
522 4471 638 4540 quonism
657 4471 782 4538 generatio
793 4471 947 4526 cessorode-
991 4471 1061 4532 tum;
1076 4469 1134 4519 hinc
1152 4465 1241 4518 hilaris
1256 4467 1283 4518 et
1305 4477 1402 4516 ooronae
1417 4464 1443 4514 ot
1461 4459 1493 4513 αθ
1513 4459 1574 4512 deos
1590 4458 1659 4510 velut
1673 4451 1777 4506 reditus.

161 4556 253 4622 behet,
269 4571 301 4610 ιιο
313 4573 345 4611 cx
356 4559 387 4610 iis
397 4575 455 4624 quo
466 4565 577 4613 extreme
593 4563 652 4613 sunt
662 4559 771 4612 (leterius
780 4574 878 4628 semper
889 4575 948 4628 pro-
993 4553 1131 4620 tiaeteroqui
1142 4555 1240 4619 tempus
1249 4565 1300 4618 quo
1312 4551 1367 4602 hec
1377 4547 1495 4602 eveniunt
1503 4547 1585 4614 ipsum
1595 4544 1650 4608 ejus
1658 4542 1696 4593 rel
1705 4540 1778 4593 tetti-

162 4646 311 4712 pionem,
327 4647 368 4700 ills
382 4649 483 4700 molitus
497 4651 578 4715 opiter
599 4649 635 4712 ri,
656 4650 753 4715 genitali
767 4652 841 4702 robus
860 4650 949 4703 orestis
993 4643 1103 4696 monium
1113 4647 1167 4706 est;
1180 4642 1273 4708 quippo
1292 4640 1358 4692 circs
1374 4651 1478 4691 vernum
1494 4633 1668 4700 oquuoctium
1682 4643 1711 4681 oe
1723 4635 1779 4694 quo

163 4736 256 4798 relicte,
265 4749 355 4788 rursus
363 4751 421 4790 com
430 4737 478 4789 diis
487 4738 621 4803 coniungit.
654 4740 753 4791 lithaec
764 4739 866 4804 quidem
882 4754 948 4792 nnn-
993 4737 1098 4789 diximus
1109 4737 1222 4800 aguntur,
1233 4725 1635 4798 quumquoliunttierldcsinuut
1647 4719 1780 4773 etiterum

162 4836 239 4887 ιςιιαιιι
260 4826 324 4878 tectu
345 4829 421 4890 sunt,
437 4841 515 4891 quum
526 4841 626 4893 semper
646 4827 711 4888 siut,
724 4831 751 4880 et
766 4842 835 4880 mens
849 4828 950 4895 quidem
994 4825 1074 4891 spetie
1084 4825 1151 4876 ultre
1163 4823 1273 4877 noctium
1288 4831 1430 4873 mensuram
1449 4814 1616 4868 extenduntur
1629 4829 1636 4861 ε
1649 4807 1716 4872 quod
1728 4803 1781 4856 enl-

163 4910 246 4962 omuis
260 4911 333 4963 simul
354 4911 438 4976 ridet;
452 4912 495 4964 sed
510 4913 558 4964 elie
570 4913 655 4979 prius,
669 4914 716 4964 elie
731 4913 949 4980 posteriusellert.
994 4915 1042 4965 mis
1053 4911 1336 4966 ultiusseellereutihus
1344 4907 1469 4974 proprium
1478 4907 1525 4957 est.
1558 4892 1781 4962 circeopposltun

163 4999 218 5052 Ηεε
230 5000 325 5052 ratione
340 5015 418 5066 ςααιιι
435 5003 493 5066 epte
506 5002 601 5054 mundo
614 5001 697 5054 tebius
711 5002 757 5063 sit,
772 5016 817 5053 nos
830 5001 951 5052 mundum
995 5005 1072 5068 igitur
1081 5002 1257 5067 aequinoctium
1271 4997 1425 5065 itroserpino
1436 4997 1523 5059 raptus
1531 4988 1651 5042 recidisse
1664 4979 1780 5048 truditur,

163 5085 289 5142 uniuntur
302 5087 435 5156 (ςαοιιιοᾶο
448 5091 513 5142 onim
528 5089 695 5155 meplsorueri
705 5089 951 5157 pessinunsium
995 5091 1040 5155 qni
1050 5091 1183 5143 descensus
1197 5094 1236 5144 est
1248 5089 1394 5142 animorum.
1427 5085 1488 5134 Ηαιο
1497 5079 1528 5130 θα
1540 5074 1629 5129 tabulis
1640 5069 1782 5126 (lleeutibus

164 5177 232 5229 illem
252 5183 354 5245 propter
372 5177 415 5230 illu
437 5179 600 5232 celebremus.
634 5185 670 5233 Ac
684 5180 788 5247 primum
810 5179 910 5246 quidem
926 5177 952 5231 ct
995 5177 1066 5230 nohis
1075 5183 1130 5231 tum
1140 5179 1175 5230 dii
1184 5179 1231 5243 ipsi
1241 5182 1295 5230 tum
1304 5184 1399 5232 eorum,
1413 5169 1456 5230 tuti
1466 5161 1563 5218 sibulu
1574 5161 1780 5230 mummi·

164 5266 212 5334 ¹3¹
226 5266 260 5320 (¹⁰
275 5265 337 5319 ⁰⁰¹⁰
360 5265 454 5333 ‘lehi'si
469 5269 496 5322 θί
513 5282 572 5322 mm
592 5265 700 5334 nympha
719 5272 908 5322 consuesceutos
925 5268 951 5318 in
996 5278 1081 5318 moues
1092 5263 1192 5332 propitii
1205 5265 1266 5317 rint.

283 5371 348 5414 εαιι.
359 5373 439 5416 osec
455 5373 490 5412 ιιι.
1668 5345 1684 5392 ³
1730 5352 1733 5359 ’
