3958 5942
369 546 632 674 κυνικοί
1233 550 1417 642 nunu

301 742 386 808 ΤΟΥ
410 742 711 814 ΠΛΑΤΩΝΙΠΟΤ
1082 747 1300 820 PLATONlCl
1327 750 1574 821 PHILOSOPHl

343 915 662 980 ΑΠΟΣΠΑΣΜΑΤΙΑ.
1204 921 1447 986 FRAGMENTA.

153 1327 174 1369 ι.
196 1310 285 1388 Τριχῆ
301 1308 386 1368 τοίνυν
401 1309 583 1390 διαιρουμένης
597 1317 644 1385 τῆς
659 1317 774 1382 έντελοῧς
789 1316 892 1396 φιλοσο-
940 1338 988 1394 μον
1013 1315 1056 1373 ἐπὶ
1083 1313 1211 1394 τῇτέχνῃ
1231 1316 1282 1372 τῶν
1306 1313 1390 1392 λόγων
1414 1315 1529 1390 μάλιστα
1554 1319 1713 1378 σπουδάσαι.

116 1395 188 1479 φίας,
204 1394 240 1462 τίς
258 1420 287 1456 τε
308 1395 352 1456 τδν
369 1397 458 1469 ἠθικόν
483 1401 643 1478 καλούμενον
659 1404 770 1484 τρόπον,
786 1404 831 1463 καί
850 1404 893 1462 τδν
938 1401 1046 1470 Τούτοις
1064 1401 1092 1462 δέ
1115 1400 1294 1482 ἐπιγενόμενος
1320 1401 1449 1476 Πλάτων,
1475 1403 1540 1482 ἀνὴρ
1564 1410 1593 1464 έκ
1618 1407 1716 1486 φύσεως

116 1482 237 1565 φυσικόν,
262 1485 307 1543 καλ
329 1483 367 1543 έτι
381 1485 425 1544 τδν
447 1487 559 1565 λογικόν·
583 1489 629 1548 καί
649 1496 695 1551 τοῦ
719 1490 766 1568 μέν
789 1489 892 1570 πρόιτσε
912 1534 914 1538 -
938 1491 1089 1572 ἀρτιτελής,
1109 1489 1154 1549 καί
1168 1487 1234 1549 πολὺ
1247 1487 1399 1566 διενεγκών,
1413 1481 1666 1570 υἷακατοίπεμπτος,
1681 1498 1716 1562 ὡς

113 1573 352 1642 κατασκευάζοντος
365 1576 441 1650 ἡμῶν
454 1574 652 1638 έκαστονκαλθν
665 1577 709 1638 καί
727 1578 832 1654 ἀγαθόν,
848 1579 892 1636 καί.
938 1579 1054 1651 ἀληθῶς,
1079 1581 1109 1637 ἐκ
1132 1580 1213 1652 θεῶν,
1242 1575 1275 1634 ἵν’
1293 1578 1433 1657 ὁλόκληρος
1456 1581 1521 1658 ὀφθῇ
1544 1579 1576 1638 δι’
1599 1583 1676 1640 αὐτοῦ
1698 1586 1715 1653 ἡ

113 1661 173 1729 τοὺς
184 1661 268 1730 οίκους
281 1662 356 1730 ὅλους
377 1665 413 1730 είς
423 1662 453 1722 τδ
471 1663 577 1746 άριστον
601 1669 821 1748 έπανορθοθντος,
840 1666 890 1739 ἤδη
937 1667 1096 1747 φιλοσοφία,
1111 1666 1123 1690 *
1140 1666 1242 1747 ταρῆκέ
1255 1690 1285 1726 τε
1299 1666 1388 1741 οὐδέν,
1401 1667 1446 1726 καὶ
1461 1667 1560 1728 ἕκαστοι
1573 1669 1715 1749 ἠκρίόωσε,

113 1749 142 1808 δέ
171 1749 216 1808 καί
237 1752 320 1828 δῆμον
341 1747 482 1826 σόμπαντα
510 1754 630 1836 πολιτείφ
656 1760 689 1835 τῇ
716 1755 892 1838 διαφερούσῃ,
937 1755 1004 1832 μήτε
1028 1756 1153 1815 ἐλλείπων
1177 1755 1247 1836 πρὸς
1261 1754 1292 1814 τὸ
1316 1756 1478 1835 ἀναγκαῖον,
1505 1756 1573 1832 μήτε
1597 1759 1661 1836 πρὸς
1686 1759 1715 1817 τθ

111 1838 157 1898 καί
175 1838 262 1916 νόμοις
276 1845 329 1907 τοῖς
344 1837 543 1919 ἀκριόεστάτοις
556 1849 724 1918 κοσμοῦντος*
739 1853 785 1906 τοῦ
802 1845 892 1906 δευτέ-
937 1843 1069 1924 ἄχρηστον
1094 1842 1244 1924 έξενεχθείς.
1288 1842 1364 1903 Ἐπεὶ
1385 1843 1471 1904 τοίνυν
1497 1845 1601 1904 πάντων
1615 1846 1714 1931 ἔφαμεν

112 1951 156 2008 ρου
184 1927 211 1987 δέ
235 1925 299 2008 πρδς
321 1926 369 1999 τὴν
385 1927 445 2008 περί
466 1933 517 1988 τῶν
532 1930 608 1990 θείων
623 1935 717 2012 γνῶσιν
742 1931 891 2004 διήκοντος.
937 1941 1053 2010 μετεῖναι
1066 1937 1104 2014 τῷ
1117 1933 1296 2010 Πλατωνικῷ,
1312 1931 1357 1990 καὶ
1373 1935 1582 2012 φυσιολογοῦντι,
1595 1934 1641 1992 καλ
1654 1934 1715 2014 eripi

112 2019 197 2076 αὐτῶν
212 2039 241 2074 τε
266 2017 318 2074 τῶν
337 2013 468 2096 πράττων,
488 2019 534 2077 καὶ
556 2023 608 2079 τῶν
630 2021 740 2099 αἰτίων,
765 2022 811 2081 καί
836 2024 888 2079 ’τῶν
936 2025 1006 2095 ἠθῶν
1022 2021 1144 2098 λέγοντι,
1166 2019 1211 2078 καί
1229 2019 1422 2100 διαλεγομένῳ,
1440 2021 1516 2102 φέρε,
1535 2027 1593 2081 καθ’
1607 2021 1715 2084 έκαστον

111 2105 214 2174 ἀλλων,
232 2103 282 2162 ὅσα
302 2108 332 2164 έκ
353 2103 452 2164 τούτων
473 2106 590 2184 γίνεται,
616 2107 633 2168 ἀ
656 2109 688 2183 δὴ
706 2111 767 2192 περὶ
790 2111 891 2191 φύσεως
938 2108 1150 2190 ἐπισκεψώμεθα.
1193 2108 1286 2166 Ταῦτα
1300 2105 1373 2184 μένό
1389 2107 1516 2175 Ἀττικός.
1588 2157 1591 2166 .

113 2191 229 2274 ίστορίαν
243 2197 257 2252 δ
272 2194 387 2255 Πλάτων
400 2195 547 2273 ὠνόμακεν·
569 2200 605 2266 είς
618 2198 645 2258 δέ
660 2199 708 2273 τὴν
722 2199 891 2279 περὶτούτων
976 2197 1138 2278 (Eusebius
1153 2198 1247 2276 Praep.
1264 2199 1377 2274 Evang.
1402 2196 1453 2256 lib·
1468 2197 1595 2278 Χ1,οορ.
1612 2221 1640 2262 a.
1658 2200 1713 2260 Ἇτ·

112 2279 268 2359 ἀμφοτέροιν
283 2280 412 2362 διάκριοίν
425 2305 452 2342 τε
467 2283 513 2342 καί
524 2283 625 2366 εὕρεσιν
639 2291 686 2344 τοῦ
703 2285 790 2365 τρίτου
803 2309 891 2365 παρα·
936 2293 1009 2348 τικοῦ
1025 2287 1084 2366 περί
1100 2291 1147 2346 τοῦ
1160 2289 1298 2365 τριμεροῦς
1315 2289 1362 2355 τῆς
1382 2283 1452 2343 κατέε
1467 2285 1599 2345 Πλάτωνα
1613 2290 1716 2368 φιλοσο-

110 2367 320 2445 λομδανομένου·
332 2369 372 2430 ότι
386 2369 432 2448 μέν
449 2372 561 2434 Πλάτων
576 2376 698 2454 πρῶτος,
713 2375 758 2434 καί
774 2375 892 2451 μάλιστα
936 2377 1005 2456 φίας.
1021 2377 1065 2433 De
1077 2374 1135 2432 hoo
1152 2386 1247 2432 autem
1268 2374 1311 2431 sic
1323 2373 1435 2446 judicat
1455 2373 1599 2433 Eusebius
1611 2377 1642 2433 in
1659 2377 1716 2438 fine

111 2461 267 2541 συναγείρας
287 2465 322 2530 είς
345 2461 373 2522 έν
395 2463 483 2524 πάντα
505 2466 537 2524 τλ
562 2469 610 2536 τῆς
634 2466 785 2547 φιλοσοφίας
811 2466 891 2546 μέρη,
936 2465 1040 2543 capitis
1054 2463 1142 2542 primi
1158 2481 1166 2522 ε
1182 2461 1253 2532 θήσω
1268 2459 1294 2518 δέ
1307 2460 1339 2519 τά
1356 2460 1500 2541 ἀρέσκοντα
1511 2462 1649 2539 Πλάτωνι,
1665 2464 1716 2523 ἀπδ

111 2550 177 2616 τέως
197 2550 377 2627 ἐσκεδασμένοι
398 2552 443 2612 καί
464 2554 650 2698 διερριμμένα,
677 2552 768 2633 ὥσπερ
791 2553 824 2612 τά
847 2559 892 2612 τοῦ
937 2556 989 2612 τῶν
1013 2549 1046 2610 τδι
1068 2551 1146 2610 αὐτοῦ
1167 2547 1382 2629 πρεσόευόντων,
1402 2541 1438 2608 ὧν
1453 2547 1569 2618 Ἀττικὸς
1590 2551 1716 2634 διαφανὴς

111 2637 234 2707 Πενθέως
246 2637 331 2715 μέλη,
348 2639 467 2720 καθάπερ
485 2643 542 2702 επέ
556 2665 610 2717 τις,
622 2641 700 2718 σῶμά
712 2665 741 2702 τε
762 2640 807 2700 καί
828 2643 892 2719 ζῷον
938 2641 1003 2720 ἀνὴρ
1026 2641 1077 2698 τῶν
1105 2641 1280 2698 Πλατωνικῶν
1305 2638 1468 2719 φιλοσόφων,
1483 2629 1536 2699 {iit
1559 2663 1597 2712 πη
1614 2640 1649 2700 τδι
1672 2643 1714 2700 δο-

111 2727 251 2808 θλόκληρον
266 2725 382 2808 ἀπέφηνε
395 2728 441 2800 τὴν
456 2728 629 2810 φιλοσοφίαν,
643 2731 710 2801 δῆλα
725 2728 804 2788 παντί
815 2728 891 2807 λεγό·
937 2735 1032 2788 κοῦντα
1046 2729 1085 2807 τῷ
1099 2727 1172 2806 ἀνδρί
1195 2723 1330 2798 διέξεισιν,
1350 2729 1376 2785 έν
1397 2716 1433 2788 οἷς
1454 2725 1560 2786 ίσταται
1575 2727 1638 2808 πρὸς
1657 2728 1716 2798 τοὺς

112 2839 190 2892 μενα.
233 2813 305 2876 Olina
319 2815 370 2898 γάρ
382 2820 404 2877 οἱ
424 2818 484 2898 περί
499 2820 593 2889 Θαλῆν
610 2819 655 2878 καλ
664 2817 834 2896 Ἀναξιμένην
848 2820 892 2877 καί
937 2815 980 2876 διά
997 2819 1048 2874 τῶν
1062 2813 1250 2895 Ἀριστοτέλους
1260 2813 1445 2883 τδιΠλάτωνος
1457 2815 1686 2896 ὑπισχνουμένους.
1702 2819 1716 2848 ⁴*

112 2903 303 2986 Ἀναξαγόραν,
318 2905 363 2964 καί
377 2905 434 2967 όσοι
448 2907 516 2967 κατὰ
530 2906 624 2968 astato
636 2906 757 2986 γεγόνασι
772 2907 891 2981 τούτοις,
936 2905 1046 2984 Scripsi
1059 2905 1091 2962 δι’
1108 2905 1187 2962 adrui
1199 2907 1216 2974 ἡ
1228 2901 1366 2984 φιλοσοφία
1380 2923 1434 2981 pro
1447 2903 1577 2962 codicum
1593 2903 1717 2964 lectione

114 2997 266 3070 ἀγνοοῦνται
282 2993 341 3072 περί
359 2993 441 3071 μόνην
456 2994 502 3066 τὴν
517 2993 583 3074 ὑπὲρ
603 2999 649 3067 τῆς
663 2993 763 3075 φάσεως
777 2997 828 3054 τῶν
847 2995 891 3054 όν·
937 2997 954 3062 ἡ
969 2995 1002 3051 δι’
1019 2993 1096 3050 αιίτοῦ
1112 2989 1276 3072 φιλοσοφία.)
1546 3055 1548 3058 ,

113 3104 165 3140 των
179 3081 269 3162 σκέψιν
283 3080 477 3162 διατρίψαντες.
500 3084 539 3143 (λ’)
555 3081 607 3160 μὴν
619 3083 676 3143 οὐδέ
689 3082 833 3158 Πιττακός,
846 3083 891 3142 καί
976 3102 999 3141 τ.
1022 3084 1079 3152 Τῆς
1103 3079 1154 3159 γάρ
1168 3081 1310 3154 συμπάσης
1330 3080 1499 3160 φιλοσοφίας,
1526 3085 1600 3161 κοινῇ
1623 3081 1716 3160 γνώμη

114 3169 286 3249 Περίανδρος,
300 3169 349 3229 καί
370 3171 481 3247 Σόλων,
499 3171 544 3231 καί
557 3174 721 3253 Λυκοῦργος,
740 3173 785 3232 καί
800 3174 825 3232 οἱ
840 3196 891 3231 πα·
938 3172 989 3228 τῶν
1014 3166 1261 3250 φιλοσοφησάντων,
1285 3166 1331 3239 τλν
1356 3168 1520 3246 ἀνθρωπίνην
1547 3170 1715 3246 εὐδαιμονίαν

113 3257 253 3338 ραπλήσιοι
268 3259 382 3338 τούτοις,
394 3259 549 3318 λανθάνουσί
563 3282 634 3327 τινας
650 3260 697 3334 τὴν
714 3263 799 3319 αὑτῶν
814 3261 889 3342 φιλο·
936 3258 1158 3338 θπιοχνουμένης,
1173 3261 1251 3338 τριχῆ
1266 3256 1294 3316 δέ
1309 3258 1503 3338 διαιρουμένης,
1522 3258 1591 3316 κατὰ
1605 3257 1651 3330 τὴν
1665 3261 1715 3318 τῶν

113 3346 204 3428 σοφίαν
217 3351 253 3414 τίς
267 3347 401 3407 πολιτείαν
415 3349 579 3415 καταθέντες.
623 3349 714 3423 Ζήνων
730 3347 757 3408 δέ
777 3349 822 3408 καί
837 3356 890 3408 πᾶν
935 3344 1002 3406 όλων
1013 3343 1151 3418 ποιητικὴν
1171 3343 1333 3422 διανέμησιν·
1346 3349 1466 3405 τοσοῦτον
1480 3344 1596 3404 ἀποδέων
1612 3347 1638 3404 έν
1653 3344 1716 3405 τοό-

112 3435 142 3494 τὸ
158 3433 312 3496 Ἐλεατικὸν
325 3441 403 3497 τοῦτο
425 3437 624 3510 διδασκαλεῖον,
641 3439 685 3498 καί
706 3437 770 3498 αὔτδ
792 3437 890 3520 quoipi-
935 3458 988 3504 τοις
1003 3439 1047 3496 τοῦ
1061 3434 1190 3496 διδάσκειν
1208 3455 1233 3491 τι
1247 3437 1300 3493 τῶν
1314 3433 1455 3502 Πλάτωνος
1473 3437 1487 3492 ὁ
1507 3433 1717 3516 Περιπατητικὸς

147 3614 168 3658 t.
187 3611 270 3668 Quum
283 3609 357 3672 igitur
370 3611 553 3676 treainpartos
564 3613 657 3678 integra
666 3615 823 3677 perfectaque
833 3612 890 3679 phl-
939 3613 1058 3662 versatos.
1090 3609 1202 3660 Pittacus
1216 3611 1314 3672 autem,
1340 3609 1480 3670 Periander,
1495 3610 1580 3670 Solon,
1593 3613 1718 3675 Lycurgus

113 3697 224 3762 losephia
239 3697 372 3762 uniuntur,
385 3700 410 3750 id
423 3700 495 3751 estin
509 3715 619 3764 morum,
633 3705 729 3753 naturas
742 3702 892 3752 disserendi-
937 3712 968 3750 ae
980 3697 1062 3748 celan
1076 3697 1099 3748 id
1114 3711 1191 3762 genus
1207 3697 1387 3763 philosophiam
1399 3711 1468 3748 suam
1480 3697 1512 3746 ad
1526 3697 1666 3761 reipublice
1676 3711 1717 3748 ou·

112 3797 162 3846 que
183 3783 337 3850 doctrinem3
352 3799 457 3850 quarum
475 3787 554 3851 prima
576 3787 618 3838 illa
637 3789 802 3852 nonsingulos
821 3789 894 3840 modo
938 3800 990 3836 ram
1005 3799 1033 3836 ao
1050 3785 1160 3836 studium
1176 3789 1260 3850 aperte
1278 3785 1440 3836 contulerunt.
1473 3788 1593 3834 zenonem
1610 3784 1716 3848 denique

113 3873 223 3920 nostrum
237 3871 314 3922 boum
327 3885 357 3922 so
369 3873 461 3938 probos
483 3873 587 3938 alliciat,
600 3889 688 3926 verum
704 3877 777 3926 otiam
792 3876 893 3926 familias
937 3875 963 3925 et
975 3887 1071 3926 umnam
1084 3873 1151 3924 illam
1162 3874 1294 3924 Eleaticum
1317 3873 1425 3922 scholam
1440 3873 1464 3922 in
1481 3871 1617 3922 disserendi
1638 3875 1717 3923 artem

113 3961 179 4008 tutas
192 3958 223 4008 ad
241 3959 440 4011 honestissimam
456 3963 514 4012 vites
539 3963 659 4014 rationem
679 3963 891 4026 iuionnet,adeo-
937 3961 1090 4028 potissimum
1102 3961 1250 4022 incubuisse,
1258 3964 1346 4012 notum
1356 3964 1402 4011 est.
1417 3963 1448 4011 ht
1457 3974 1515 4010 vero
1525 3961 1564 4014 his
1577 3960 1646 4012 Plato
1658 3974 1715 4012 suo·

112 4059 161 4108 que
175 4046 291 4110 populum
311 4047 452 4099 umvemum
476 4049 604 4100 excellenti
628 4051 733 4114 quodam
752 4052 892 4116 reptrhlicu
937 4051 1039 4113 cedens,
1055 4050 1094 4099 vir
1111 4053 1198 4100 natura
1211 4049 1322 4114 partibus
1342 4049 1456 4100 omnihus
1470 4049 1620 4100 acnunrerls
1640 4051 1712 4102 ahso-

112 4147 201 4198 genere
214 4139 240 4184 et
252 4136 445 4187 accuratissimis
458 4137 552 4200 legibus
570 4139 682 4192 instituat
695 4159 701 4190 ι
718 4141 823 4192 secunda
835 4156 893 4192 varo
938 4139 1010 4191 lutus
1027 4139 1145 4202 longeque
1155 4137 1251 4188 ceteris
1262 4138 1417 4202 antecellens,
1431 4139 1517 4207 utpote
1530 4137 1633 4190 deorum
1645 4139 1717 4206 plano

112 4221 145 4271 ad
156 4235 239 4273 rernm
251 4223 391 4274 divinarum
403 4226 566 4290 cognitionem
578 4227 613 4276 ita
627 4228 762 4292 pertineat,
778 4232 806 4278 ut
820 4229 893 4280 simul
936 4240 1039 4278 munere
1053 4241 1082 4276 ao
1100 4226 1164 4277 dono
1181 4225 1206 4276 in
1221 4229 1313 4277 terram
1325 4226 1459 4288 demissus,
1477 4241 1521 4292 per
1532 4240 1607 4291 quem
1622 4227 1716 4292 integra

112 4313 138 4361 et
158 4311 276 4375 principia
291 4313 379 4376 ipsaet
396 4327 485 4364 causas
502 4317 661 4379 caeterarum,
676 4321 789 4381 queque·
801 4331 829 4366 ex
846 4318 893 4367 illis
936 4314 1035 4366 undem
1058 4315 1190 4379 aliquando
1210 4313 1364 4380 philosophia
1381 4318 1539 4376 aemeretur,
1560 4317 1586 4365 et
1597 4315 1715 4379 preteriit

113 4399 176 4448 dunt
189 4399 296 4462 reliquas
310 4413 394 4451 omnes
407 4403 600 4466 contempletur,
615 4418 688 4468 qnam
706 4408 799 4456 natura
813 4405 891 4456 histo·
936 4404 1034 4456 omnino
1045 4403 1114 4464 nihil,
1127 4407 1152 4453 ei
1161 4403 1255 4468 singula
1267 4405 1317 4453 um
1329 4403 1455 4468 diligenter
1466 4403 1623 4465 examinavit,
1632 4407 1660 4454 ul
1672 4418 1715 4455 ne·

112 4486 175 4536 riam
187 4485 257 4536 Plato
269 4487 402 4552 appellarit
418 4490 510 4542 :tertia
528 4491 634 4557 denique
653 4492 685 4542 ad
697 4493 826 4544 certiorem
848 4509 891 4544 sn·
937 4505 985 4555 que
996 4492 1124 4544 uecessuil
1135 4493 1270 4557 quidquam
1285 4491 1427 4553 desiderari,
1441 4506 1520 4556 neque
1530 4493 1674 4547 ehatrahhso
1685 4493 1717 4542 ad

112 4572 215 4636 periuris
225 4571 354 4638 utriusque
365 4576 551 4628 estimationem
563 4581 588 4630 et
600 4579 764 4632 inventionem
781 4595 892 4632 assuma—
937 4581 1179 4645 inutiliapateretur.
1213 4581 1333 4640 Quoniam
1347 4581 1422 4645 igitur
1435 4580 1553 4631 Platonici
1576 4580 1713 4645 philosophi

112 4662 155 4709 tur
170 4681 177 4711 ι
190 4661 316 4714 Platonem
328 4664 452 4716 exstitisse
465 4666 573 4730 primum
586 4669 628 4731 qui
640 4672 723 4733 partes
735 4669 789 4720 illas
809 4684 893 4720 ornnes
936 4669 1058 4735 propriam
1069 4669 1133 4719 hanc
1141 4669 1215 4719 trium
1227 4667 1324 4721 illorum
1335 4668 1528 4733 conjunctionem
1539 4681 1594 4718 essa
1605 4667 1715 4718 delendi·

113 4748 275 4815 philosophiae
297 4753 427 4818 dissipatas
448 4757 520 4806 antea
542 4760 617 4820 atque
636 4757 763 4820 disjectas,
786 4760 823 4810 sie
841 4763 894 4810 tan·
936 4771 1005 4819 mus,
1017 4755 1180 4808 uldemmm
1191 4759 1279 4807 natura
1290 4757 1411 4821 disputet,
1424 4755 1455 4806 da
1466 4755 1575 4806 moribus
1594 4757 1716 4820 precepta

111 4847 187 4900 quam
202 4837 302 4892 Penthei
311 4841 436 4903 membra,
451 4843 479 4892 ut
489 4843 636 4907 nescioquis
650 4844 727 4906 dixit,
737 4846 777 4895 vel
787 4846 893 4898 manime
937 4845 992 4905 det,
1005 4857 1035 4894 ae
1049 4844 1121 4895 simul
1135 4844 1160 4895 in
1178 4844 1304 4896 dialectiea
1318 4845 1436 4908 sapientia
1452 4846 1573 4904 versetur,
1588 4843 1648 4907 aget
1665 4842 1716 4892 sln-

111 4916 265 4980 complexus,
277 4919 457 4985 philosophiam
469 4923 493 4972 in
505 4923 579 4973 unius
592 4924 719 4987 cujusdam
731 4925 841 4990 eorporis
853 4928 891 4975 at·
938 4931 995 4996 gula
1010 4943 1055 4994 per
1065 4945 1120 4983 sese
1129 4932 1264 4982 rideamus.
1280 4933 1340 4982 Ηωο
1354 4931 1459 4982 Atticus.

112 5003 161 5066 que
174 5003 261 5068 integri
273 5006 403 5057 animantis
417 5009 522 5060 sormam
541 5010 675 5074 redegerit,
688 5025 774 5063 omnes
787 5027 837 5063 nno
849 5027 891 5064 oro
969 5025 992 5068 a.
1009 5021 1092 5076 Quum
1112 5019 1177 5069 euim
1190 5018 1221 5068 de
1238 5017 1361 5069 communi
1376 5017 1577 5085 philosophorum
1598 5018 1718 5068 sententia
1735 4999 1749 5018 ⁹

112 5093 275 5144 ωπτειιθααί.
309 5095 405 5159 Quippe
424 5109 496 5148 nemo
512 5095 620 5161 ignorat,
641 5099 781 5164 Thaletem,
801 5101 890 5150 Anaxi·
937 5105 1070 5156 humanam
1083 5107 1258 5158 beatitudinem
1275 5107 1388 5156 universa
1401 5105 1554 5170 philosophia
1565 5105 1716 5171 polliceatur,
1747 5167 1748 5172 φ

111 5189 223 5243 maren,
236 5184 402 5246 Anaxagoram
417 5187 443 5234 et
455 5187 578 5250 quotquot
592 5191 711 5251 preterea
724 5189 810 5240 eodem
828 5191 890 5240 tem·
939 5207 1018 5256 eaque
1028 5195 1149 5246 hilariam
1161 5210 1206 5261 pro
1217 5196 1259 5246 illa
1272 5209 1352 5246 rerum
1371 5194 1479 5246 omniurn
1497 5195 1623 5248 eiieotrioe
1636 5197 1718 5247 distri·

113 5280 172 5325 νοτε
181 5268 302 5332 riserunt,
317 5270 502 5324 insulanarum
516 5277 611 5326 natue
628 5275 821 5328 consideratione
837 5291 892 5329 esse
937 5281 1036 5332 bellone
1049 5281 1176 5331 dividatur
1190 5301 1196 5330 ι
1210 5284 1307 5332 tantum
1321 5280 1404 5343 abeat,
1420 5283 1447 5336 ut
1460 5283 1485 5334 iu
1498 5283 1565 5336 hisce
1576 5285 1651 5338 rehus
1664 5286 1718 5336 Pla

891 5373 946 5432 l85
