3976 5948
647 389 697 454 DE
719 388 928 455 cuamouu
950 387 1178 455 Acauatttco

108 531 203 590 lubres
224 527 360 584 comitata
383 533 434 584 est.
448 522 516 580 Mali
535 522 665 599 quedam
684 526 782 598 portio
797 525 891 584 fatalis

104 619 162 692 jam
197 609 378 672 nascentibus
409 613 493 668 nobis
536 613 669 668 omnibus
709 613 890 674 admiscetur.

108 709 223 781 Quippe
237 704 346 761 semina
370 720 460 776 quum
476 702 531 756 sint
545 703 692 772 mortalia,
708 705 801 758 statim
824 723 890 780 par·

108 809 165 854 tem
180 793 265 866 hujus
279 811 367 855 cansae
386 792 543 858 sustinent,
562 809 613 846 cur
631 792 737 866 ingenii
759 793 890 863 tarditas,

108 884 221 952 morbi,
233 900 322 952 curae,
337 898 415 937 mors
428 878 553 953 denique
567 881 627 954 ipsa
641 879 725 934 nobis
739 881 889 955 obrepant.

109 977 248 1031 Currere
265 989 300 1026 eo
315 969 457 1026 aberravit
468 968 579 1023 oratio?
591 986 693 1043 nempe
708 979 740 1024 ut
753 969 893 1044 intelliga-

109 1082 191 1137 mus,
209 1078 270 1116 non
296 1059 462 1115 inusitatum
477 1057 590 1112 homini
613 1075 670 1112 esse
689 1057 892 1129 infortunium,

108 1150 159 1211 sed
175 1165 272 1205 omnes
295 1164 349 1206 nos
361 1147 414 1201 sub
433 1144 548 1201 eosdem
564 1161 644 1200 casus
657 1161 716 1200 esse
736 1144 889 1216 subjectos.

109 1243 213 1298 Verum
239 1234 300 1315 (61)
325 1223 549 1307 haudquaquam
562 1250 612 1288 sua
627 1233 711 1306 culpa
724 1233 754 1288 in
773 1234 892 1291 miseriis

110 1327 215 1384 versari
229 1341 364 1398 magnum
384 1327 426 1378 est
440 1321 633 1377 calamitatum
644 1320 781 1378 levamen.
823 1372 827 1380 .

149 1418 193 1472 De
218 1412 370 1488 Eutbypoo
394 1407 458 1488 (65)
487 1411 560 1465 italo
582 1406 745 1480 hujusmodi
766 1409 893 1465 narratio

111 1508 211 1564 fertur.
224 1502 306 1562 llunc
319 1503 394 1558 enim
404 1500 500 1573 Elysio
510 1510 607 1574 patre,
619 1495 748 1554 Terinaeo
759 1541 768 1569 ,
780 1500 893 1578 tirtute,

112 1594 254 1662 fortunis,
267 1591 358 1665 gloria
377 1589 480 1644 civium
497 1606 614 1643 suorum
631 1586 760 1663 principe
778 1599 893 1656 natum,

113 1683 264 1758 repentina
289 1689 382 1734 morte
414 1678 451 1732 ob
476 1676 615 1732 incertam
641 1693 756 1732 causam
782 1675 893 1731 obiisse.

113 1767 308 1845 Quamobrem
326 1768 420 1842 Elysio
433 1767 509 1842 patri
527 1763 597 1844 (qui
616 1765 696 1821 illum
716 1764 832 1819 unicum
846 1765 895 1820 ha·

1658 399 1716 460 l3'i

936 526 1052 594 dicitur,
1068 536 1101 580 nt
1117 525 1172 580 illis
1182 524 1331 600 praemium
1348 524 1429 582 daret
1441 525 1623 603 propietate,
1637 535 1717 606 quod
1796 581 1798 584 .

927 617 1089 673 ‚maximum
1103 615 1212 671 homini
1233 613 1294 670 dari
1308 625 1405 689 posset
1420 634 1436 672 a
1451 617 1507 673 deo
1523 635 1531 676 ε
1547 631 1627 692 post,
1641 641 1716 696 epu.

936 702 1008 760 latos
1021 723 1086 760 cum
1104 715 1194 760 matre
1213 703 1420 774 adolescentes,
1435 724 1536 761 somno
1550 725 1579 763 se
1592 709 1717 780 dedisse,

936 811 1020 849 mane
1042 795 1173 850 intentos
1197 810 1256 848 esse
1278 803 1418 852 mortuos.
1443 794 1534 851 Simili
1553 799 1719 870 precatione

937 883 1119 957 Trophonius
1134 893 1160 937 et
1173 881 1330 956 Agamedes
1341 882 1385 937 usi
1395 881 1531 939 dicuntur
1545 903 1553 940 a
1566 886 1616 958 qui
1630 904 1719 960 quum

938 969 1064 1043 Apollini
1080 969 1200 1044 Delphis
1226 968 1363 1043 templum
1386 968 1652 1044 exedificavissent,
1668 991 1719 1029 ve-

937 1069 1068 1114 nerantes
1082 1057 1185 1125 deum,
1199 1057 1343 1131 petierunt
1357 1057 1516 1113 mercedem
1529 1078 1589 1116 non
1602 1079 1720 1136 paruam

940 1146 1057 1221 quidem
1081 1145 1177 1220 operis
1196 1155 1224 1200 et
1248 1143 1353 1200 laboris
1376 1147 1436 1213 sui,
1460 1145 1532 1202 nihil
1560 1150 1646 1219 certi,
1671 1149 1721 1206 sed

940 1235 1019 1309 quod
1034 1243 1103 1290 esset
1117 1234 1259 1309 optimum
1271 1232 1391 1292 homini.
1407 1233 1518 1306 Quibus
1531 1237 1637 1311 Apollo
1650 1256 1680 1293 se
1690 1237 1721 1293 id
1766 1299 1774 1304 ,

941 1322 1074 1378 daturum
1096 1322 1219 1378 ostendit
1239 1331 1305 1396 post
1325 1320 1384 1392 ejus
1400 1321 1457 1378 diei
1476 1323 1552 1378 diem
1577 1326 1691 1381 tertium
1712 1345 1719 1382 :

940 1413 1038 1486 quint
1058 1411 1166 1478 illuxit,
1185 1411 1291 1466 mortui
1314 1420 1380 1465 sunt
1404 1413 1522 1486 reperti.
1548 1413 1723 1471 iudicavisse

942 1501 1026 1558 deum
1050 1499 1163 1568 dicunt,
1183 1510 1291 1555 etcum
1310 1499 1427 1573 quidem
1440 1499 1542 1570 deum,
1558 1504 1603 1557 cui
1619 1504 1723 1578 reliqui

941 1589 980 1645 dii
999 1590 1219 1656 concessissent,
1240 1597 1270 1642 nt
1285 1598 1388 1661 praeter
1402 1598 1517 1644 caetcros
1531 1589 1680 1647 divinaret.

981 1665 1141 1732 Alcidamas
1163 1675 1296 1750 quidem,
1310 1677 1409 1731 rhetor
1429 1678 1459 1732 in
1482 1679 1583 1752 primis
1599 1681 1721 1752 nobilis,

940 1767 1054 1841 scripsit
1068 1763 1124 1840 (67)
1138 1766 1223 1820 etiam
1239 1763 1432 1820 laudationem
1444 1768 1560 1836 mortis,
1577 1787 1640 1842 qnae
1655 1752 1724 1825 cort·

112 1862 221 1917 buissct
244 1856 349 1926 filium,
371 1857 560 1914 maximarum
581 1853 745 1909 divitiarum
764 1864 793 1908 et
808 1871 896 1928 opum
940 1864 996 1911 stat
1011 1871 1047 1909 ex
1062 1853 1274 1908 enumeratione
1292 1852 1485 1910 humanorum
1504 1856 1655 1915 malorum.
1671 1859 1724 1914 Cui

111 1949 266 2021 heredem)
283 1946 417 2002 incidisse
432 1945 639 2020 suspicionem,
655 1961 718 2017 quae
733 1942 855 1998 forsitan
869 1955 897 2000 et
941 1943 1067 1999 rationes
1087 1959 1143 2008 eae,
1158 1959 1220 2015 quae
1236 1942 1401 2016 exquisitius
1415 1960 1431 1998 a
1450 1943 1627 2018 philosophis
1643 1946 1726 2001 colli-

112 2033 560 2104 aliisincidlsset‚tiliu1nveneno
576 2041 707 2087 necatum
719 2049 787 2087 esse.
802 2034 896 2105 Quum
942 2040 1058 2107 guntur,
1079 2030 1244 2101 defuerunt,
1262 2030 1378 2085 ubertas
1393 2033 1530 2088 orationis
1547 2053 1607 2088 non
1622 2033 1724 2092 deicit.

113 2137 207 2184 antem
221 2124 383 2191 dubitaret,
406 2119 557 2197 quomodo
572 2137 633 2175 rem
655 2121 807 2194 explorare
825 2138 897 2194 pos·
945 2119 1032 2174 Clarae
1046 2135 1116 2172 vero
1130 2126 1252 2186 mortes,
1268 2135 1322 2192 pro
1337 2119 1431 2192 patria
1447 2122 1597 2194 oppetita,
1610 2140 1669 2176 non
1680 2141 1726 2176 so·

114 2228 173 2284 set,
189 2215 296 2270 senisse
317 2231 384 2269 eum
406 2213 436 2267 in
459 2210 735 2285 psychomanteum,
757 2210 898 2284 sacrisque
942 2208 1001 2262 lum
1022 2206 1155 2280 gloriosae
1175 2205 1418 2274 rhetoribus,sed
1432 2208 1517 2264 etiam
1531 2208 1621 2264 heatae
1635 2207 1726 2264 videri

113 2305 239 2380 legitime
260 2313 409 2380 operatum
423 2302 489 2356 loco
508 2299 553 2354 isti
567 2296 782 2370 indorrnivissc,
802 2317 834 2354 ae
850 2309 897 2354 ta·
943 2296 1045 2351 solent.
1063 2295 1209 2368 Repetunt
1222 2293 1259 2348 ab
1274 2293 1450 2365 Erechtheo,
1465 2295 1546 2367 cnjus
1561 2298 1646 2352 etiam
1662 2295 1727 2352 filia·

113 2395 171 2450 lem
185 2392 306 2467 speciem
320 2408 373 2466 per
386 2406 516 2444 somnum
531 2387 557 2442 ei
578 2404 636 2442 esse
650 2387 785 2444 oblatam.
802 2388 897 2443 Visum
944 2383 1048 2458 cupide
1071 2392 1194 2437 mortem
1218 2383 1416 2456 expetiverunt
1447 2401 1502 2457 pro
1525 2385 1583 2440 vita
1610 2386 1725 2441 civium.

114 2501 176 2540 esse
199 2491 310 2558 patrem
331 2479 368 2534 ad
395 2479 488 2552 ipsum
513 2474 663 2543 accedere3
684 2494 770 2548 quem
791 2486 900 2551 postea·
944 2473 1069 2529 Codrum
1091 2481 1266 2545 memorant,
1298 2472 1348 2545 qui
1372 2489 1402 2526 se
1424 2473 1455 2526 in
1482 2473 1593 2528 medios
1614 2475 1728 2532 immisit

114 2591 201 2655 quam
224 2568 427 2644 conspexisset,
451 2574 569 2620 narrato
588 2561 643 2618 titii
670 2581 753 2632 casu,
777 2567 899 2622 oraverit
943 2562 1054 2630 hostes,
1068 2559 1304 2631 reste’samulari,
1321 2577 1358 2616 ne
1376 2571 1471 2636 posset
1489 2563 1621 2636 agnosci,
1636 2563 1727 2639 depo·

113 2658 420 2736 atqueobsecraverit,
435 2667 466 2711 ut
480 2655 604 2714 incausa
619 2645 900 2710 mortisinreniendn
944 2651 998 2706 sito
1022 2660 1126 2704 ornatu
1146 2649 1243 2723 regi03
1263 2647 1344 2724 quod
1366 2649 1513 2704 oraculum
1532 2659 1593 2705 erat
1614 2651 1727 2721 datum,

114 2769 145 2806 se
162 2747 320 2820 adjuvaret.
343 2744 530 2820 Respondisse
545 2752 680 2818 patrem:
702 2742 837 2816 equidem
850 2743 899 2798 id.
944 2737 966 2791 si
986 2754 1035 2792 rex
1057 2734 1221 2792 interfectus
1242 2746 1328 2803 essct,
1348 2737 1481 2792 victrices
1505 2737 1630 2792 Athenas
1653 2739 1726 2798 iore.

115 2841 196 2893 circo
214 2835 331 2910 adsum;
348 2833 398 2889 sed
412 2833 448 2888 ab
467 2833 520 2887 isto
534 2831 633 2905 accipe
655 2849 718 2904 quae
733 2831 785 2885 tihi
798 2831 898 2902 aiiert3
922 2901 926 2916 ι
944 2826 1106 2881 hienoeceus
1121 2843 1180 2880 non
1194 2825 1439 2899 praetermittitur„
1451 2827 1501 2898 qui
1517 2827 1634 2881 oraculo
1649 2827 1727 2883 edito

116 2925 185 2980 inde
217 2925 292 2980 enim
323 2921 420 2976 omnia
448 2937 620 2994 cognosces,
648 2919 754 2992 quibus
785 2937 897 2976 moerm,
921 2915 1061 2989 llargitus
1087 2923 1128 2969 est
1150 2914 1249 2988 patriae
1270 2931 1353 2969 auum
1378 2914 1554 2988 sanguinem.
1580 2915 1727 2990 iphigenia

117 3015 213 3070 Fuisse
231 3031 301 3068 vero
325 3030 389 3066 eum
412 3028 497 3084 quem
517 3019 599 3082 pater
612 3003 756 3063 indicabat
767 3007 900 3080 juvenem
921 3005 926 3048 ¹
946 3002 1049 3059 Aulide
1067 3002 1133 3058 duci
1153 3020 1183 3057 sc
1209 3002 1413 3058 immolandam
1435 2999 1535 3074 jubet,
1553 3014 1584 3058 ut
1604 3004 1727 3059 bostium

115 3121 194 3176 pone
211 3111 393 3176 sequentem,
410 3108 491 3153 aetate
507 3107 536 3153 et
550 3105 657 3154 statura
672 3094 723 3150 filii
738 3115 898 3172 propemo.
944 3091 1058 3166 sanguis
1073 3091 1203 3145 eliciatur
1221 3108 1284 3150 suo.
1304 3091 1428 3147 Veniunt
1443 3090 1559 3146 indensi
1577 3093 1727 3167 propiora.

118 3191 187 3246 dum
206 3190 341 3257 similem;
366 3189 629 3260 interrogatumque
653 3187 716 3260 quis
739 3197 826 3256 esset,
850 3206 900 3244 re.
946 3180 1120 3236 Harmodius
1138 3179 1169 3234 in
1185 3197 1236 3234 ore
1250 3190 1278 3235 et
1295 3181 1730 3256 Aristogiton,Lacedaemonius

118 3277 267 3353 spondissc
284 3295 291 3333 ε
308 3277 408 3350 genius
419 3292 480 3330 sum
492 3272 543 3328 lilii
559 3275 619 3342 tui,
633 3274 773 3349 simulque
786 3275 812 3329 ei
827 3294 900 3349 por·
945 3266 1084 3323 Leonidas
1102 3264 1209 3340 aliique
1223 3268 1329 3341 vigent.

117 3369 220 3424 rexisse
233 3363 516 3438 codicillos,quibus
525 3363 646 3418 evolutis
659 3363 768 3436 Elysius
781 3373 836 3420 tres
850 3365 902 3421 hos
986 3355 1085 3428 Neque
1107 3371 1174 3408 lem
1193 3351 1326 3408 ⁰¹¹¹¹¹ll³¹¹⁵
1348 3352 1408 3430 (63)
1427 3353 1513 3420 fldem
1533 3355 1572 3410 llll
1591 3355 1731 3430 81166111θῦ

117 3473 216 3512 versus
229 3447 463 3510 invenerit'intus
476 3461 605 3508 exaratos
622 3469 630 3506 t
946 3443 1076 3498 arbitrati
1089 3453 1155 3502 sunt
1176 3443 1299 3498 eundem
1318 3462 1432 3499 cursum
1453 3445 1482 3499 in
1504 3445 1607 3500 coelum
1622 3457 1730 3519 patere.

946 3535 1019 3589 Nam
1034 3533 1110 3587 vitiis
1125 3542 1153 3587 et
1165 3531 1320 3588 sceleribus
1334 3533 1540 3588 contaminatos
1556 3532 1679 3607 deprimi
1701 3537 1730 3590 in

946 3622 1078 3678 tenebras
1089 3632 1175 3696 atque
1194 3621 1224 3675 in
1238 3639 1322 3677 coeno
1333 3620 1429 3694 jacere
1442 3621 1605 3678 docuerunt
1619 3639 1627 3681 τ
1640 3635 1731 3679 castos

946 3723 1039 3768 autem
1055 3712 1179 3781 animos,
1192 3712 1448 3786 purosfintegros,
1465 3710 1664 3784 incorruptos,
1676 3712 1728 3765 bo·

946 3801 989 3856 nis
1009 3801 1094 3856 etiam
1117 3799 1218 3856 studiis
1240 3811 1328 3874 atque
1355 3799 1465 3855 artibus
1488 3800 1645 3872 expolitos,
1668 3801 1730 3856 'levi

115 3885 244 3938 Deorum
270 3880 474 3936 immortalium
496 3877 605 3951 judicia
630 3879 722 3934 solent
744 3879 774 3934 in
797 3879 903 3935 scholis
946 3889 1074 3962 quodam
1088 3898 1116 3942 et
1127 3888 1203 3944 facili
1222 3887 1304 3962 lapsu
1323 3887 1360 3942 ad
1380 3886 1467 3952 deos,
1482 3886 1511 3942 id
1525 3897 1579 3957 est,
1595 3887 1630 3943 ad
1648 3899 1731 3943 natu.

117 3967 249 4042 prolerre
264 3967 301 4023 de
318 3977 428 4037 rnorte3
441 3985 493 4022 nec
511 3985 581 4021 vero
595 3985 627 4022 ea
642 3964 748 4040 fingere
761 3967 831 4040 ipsi,
853 3967 902 4022 sed
946 3993 1008 4032 mm
1029 3977 1072 4030 sui
1087 3976 1206 4031 similem
1229 3974 1392 4049 pervolare.
1409 3975 1504 4047 Quum
1526 3993 1594 4032 vcro
1620 3975 1680 4052 (69)
1702 3989 1732 4034 et

122 4057 270 4112 Herodoto
283 4055 345 4130 (66)
360 4066 479 4111 auctore
493 4057 612 4130 aliisque
621 4055 760 4130 pluribus.
776 4057 901 4111 Primum
948 4080 1040 4118 mares
1053 4071 1081 4117 et
1097 4061 1212 4126 seminas
1226 4061 1386 4136 complures
1397 4081 1431 4118 ex
1442 4063 1607 4120 hominibus
1618 4066 1648 4121 in
1661 4064 1731 4122 deo-

117 4145 232 4219 Argivae
245 4144 421 4218 sacerdotis,
441 4144 553 4200 Cleobis
568 4155 596 4199 et
620 4145 722 4214 Biton,
737 4141 806 4212 filii,
825 4161 902 4218 prae·
947 4168 1010 4204 rum
1027 4167 1148 4204 numero
1163 4167 1222 4205 esse
1236 4149 1384 4205 uideamus
1398 4161 1426 4206 et
1440 4169 1540 4207 eorum
1561 4153 1592 4208 in
1611 4153 1730 4210 urbibus

118 4231 272 4288 dicantur:
293 4243 362 4288 nota
387 4231 548 4290 sabulaest.
565 4231 752 4304 Quumenim
771 4233 848 4289 illam
864 4233 901 4290 ad
947 4247 1032 4311 atque
1062 4238 1136 4312 agris
1164 4239 1359 4312 augustissima
1385 4239 1506 4296 delubra
1529 4259 1728 4298 veneremur‘.

118 4321 242 4376 solemne
255 4333 283 4376 et
292 4332 396 4376 statum
410 4318 580 4377 sacrificium
592 4339 679 4376 curru
691 4320 755 4376 vehi
763 4319 810 4393 jus
821 4336 902 4393 essct,
946 4327 1128 4382 assentiamur
1142 4345 1242 4382 eorum
1253 4329 1413 4402 sapientiae,
1427 4347 1551 4404 quorum
1572 4332 1691 4406 ingeniis
1702 4341 1730 4386 et

118 4409 184 4463 satis
202 4411 286 4484 longe
300 4411 337 4465 ab
358 4410 468 4484 oppido
483 4410 520 4465 ad
534 4410 646 4480 innunt,
664 4423 902 4487 morarenturque
946 4416 1067 4471 inventis
1082 4434 1196 4472 omnem
1209 4417 1297 4472 vitam
1311 4416 1422 4492 legibus
1442 4430 1470 4474 et
1485 4421 1618 4476 institutis
1631 4420 1729 4476 ercul-

113 4497 269 4568 jumenta:
293 4509 359 4553 tune
369 4495 486 4570 juvenes
500 4498 521 4552 ii
536 4515 610 4572 aptans
628 4498 717 4553 modo
732 4501 900 4572 nominari,
947 4514 1005 4559 tam
1028 4507 1270 4580 constitutamque
1300 4506 1448 4562 habemus.
1473 4507 1559 4581 Quod
1588 4509 1611 4563 si
1640 4505 1729 4565 trllnm

117 4595 196 4639 veste
210 4587 316 4658 posita,
335 4605 457 4660 corpora
474 4587 539 4642 oleo
553 4599 749 4662 perunxerunt
770 4609 777 4645 :
796 4589 834 4644 ad
850 4588 901 4661 J'u·
946 4610 1072 4667 unquam
1084 4594 1188 4650 animal
1200 4595 1424 4651 consecrandum
1439 4595 1504 4666 fuit,
1518 4595 1587 4651 illud
1600 4595 1729 4670 proiecto

33 4720 39 4730 .
117 4689 186 4746 gran
200 4687 387 4732 accesserunt.
405 4674 448 4732 lta
468 4674 599 4731 sacerdos
610 4675 729 4732 advecta
746 4677 776 4730 in
790 4677 900 4752 sanum,
947 4681 1013 4742 tuit.
1033 4680 1063 4738 Si
1084 4683 1184 4740 Cadmi
1201 4685 1354 4760 progenies
1376 4695 1424 4740 aut
1446 4685 1662 4758 Amphitryonis
1681 4693 1730 4737 aut

118 4779 210 4835 quum
229 4781 329 4818 currus
344 4774 413 4819 esset
432 4762 534 4823 ductus
553 4761 663 4831 afiliis,
676 4775 827 4838 precatae
849 4765 902 4822 dea
947 4770 1072 4845 Tyndari
1084 4773 1113 4828 in
1134 4773 1239 4829 coelum
1258 4771 1385 4830 tollenda
1399 4770 1634 4840 iamasuit,huic
1653 4767 1730 4824 idem

159 3569 518 3645 Quaeris,stulte?homines
526 3567 782 3622 insanismentibus
789 3581 900 3629 errant:

157 3679 195 3715 en
206 3656 283 3730 jacet
297 3659 460 3731 Euthynous
472 3656 549 3712 fatali
562 3666 655 3711 morte
664 3665 817 3731 peronatus.

157 3751 231 3806 Nam
251 3747 305 3803 snit
319 3747 416 3803 utilitas
429 3745 504 3802 finiri
518 3747 629 3821 ipsique
643 3747 786 3820 patrique.

121 4915 1724 4945 Μ--ι--ψψ--η

148 5015 199 5080 (61)
213 5015 270 5067 Vld.
284 5015 370 5079 tram.
385 5022 422 5068 11.
436 5045 467 5054 -
476 5018 526 5082 (15)
536 5017 593 5071 vid.
606 5018 692 5082 fragm.
710 5021 746 5068 to.
981 5021 1031 5088 (ot)
1047 5024 1190 5075 Lactantius
1199 5024 1278 5076 lastit.
1294 5023 1336 5076 lib.
1350 5024 1395 5083 lli,
1407 5035 1461 5086 cap.
1477 5025 1505 5072 19
1516 5019 1562 5085 §t.
1574 5047 1608 5066 -·
1618 5019 1667 5084 (oet
1685 5020 1730 5070 La·

148 5087 201 5151 (oo)
213 5085 360 5148 Plutarchus
378 5089 476 5140 consol.
498 5090 528 5139 ad
547 5090 627 5154 Apoll.
646 5089 696 5140 rol.
713 5091 769 5151 vlt,
785 5101 841 5153 pag.
857 5094 902 5140 ³³5
947 5091 1426 5158 6661161165ίί).1161615160.-

109 5170 170 5232 nsoq.
184 5158 272 5210 Cicero
285 5158 388 5210 ruscut.
408 5155 429 5222 r,
446 5161 486 5212 17.
500 5185 531 5199 -
542 5159 593 5225 (ot)
606 5160 694 5212 cicero
706 5160 807 5210 Tuscul.
822 5159 844 5222 1,
861 5163 899 5210 16.
