3976 5948
806 429 1053 493 FRAGMENTA.
1680 439 1740 499 lli

126 561 273 638 exprimit,
288 561 447 638 etspiritus
462 561 519 618 ictu
535 561 643 618 doloris
653 561 796 637 impulsus
810 583 910 640 quem-
956 584 1020 644 nem
1036 562 1162 630 ἀπαθείας
1178 565 1326 634 studiosos
1342 565 1430 624 fuisse
1446 588 1452 624 :
1476 565 1504 624 id
1523 569 1737 644 quodammodo

127 649 282 708 admodum
314 661 407 708 totum
445 669 553 728 corpus
586 651 696 726 quatit,
720 650 760 708 ita
791 651 909 730 oculos,
955 653 987 711 in
1009 653 1160 711 Platonem
1184 673 1301 731 quoque
1318 655 1467 716 convenit.
1491 655 1545 726 Qui
1562 657 1628 716 licet
1648 660 1739 718 inter-

126 736 233 815 quibus
247 735 429 814 adjacentem
455 737 606 794 humorem
629 736 781 814 perprimit
809 749 838 794 et
864 756 912 796 ex·
956 741 1023 799 dum
1054 742 1284 801 mediocritatem
1305 743 1494 822 probaverit,
1511 747 1619 822 saepius
1643 761 1739 806 tamen

127 827 216 904 pellit.
231 825 283 884 llae
295 826 422 884 lacrimae
436 844 489 904 per
507 823 656 884 elisionem
671 825 795 898 cadunt,
809 825 912 884 nolen-
956 827 1144 888 indolentiam
1172 843 1279 890 tuetur.
1307 831 1349 888 Ac
1375 833 1602 892 mediocritatem
1623 835 1740 912 quidem

129 915 206 974 tibus
225 915 319 978 nobis
339 915 373 972 Et
386 916 416 973 in
430 914 518 975 Cous.
538 913 574 971 ad
592 911 676 972 llelv.
693 933 757 992 cap.
781 915 826 974 16.
844 914 912 974 Scio
956 919 1265 996 cornamendatdelegg.
1281 922 1318 992 ll,
1334 921 1657 998 pessumdatum
1673 923 1740 1003 λέγω

128 1023 188 1060 rem
200 1024 258 1062 non
274 1023 337 1063 esse
349 1005 489 1062 innostra
502 1015 655 1081 potestate,
669 1022 722 1060 nec
736 1003 829 1061 ullum
840 1003 912 1062 aile-
956 1006 1004 1078 την
1019 1000 1248 1087 παραγιγνομένην
1264 1012 1366 1088 πρῶτον
1387 1010 1478 1068 παισὶν
1492 1010 1604 1089 ἀρετήν,
1618 1012 1698 1084 ἡδονὴ
1713 1012 1739 1071 δὲ

128 1103 205 1149 ctum
225 1093 355 1163 servire,
372 1092 490 1150 minime
504 1110 576 1148 vero
590 1110 674 1164 eum,
697 1093 748 1169 qui
760 1111 796 1164 ex
811 1092 912 1152 dolore
933 1113 936 1202 γ
956 1093 1001 1153 uel
1014 1095 1088 1175 φιλία
1105 1096 1150 1154 κοιλ
1165 1096 1233 1168 λύπη
1248 1097 1294 1155 καὶ
1307 1105 1382 1174 μῖσος
1396 1097 1427 1156 όν
1444 1100 1525 1178 ὀρθῶς
1541 1102 1567 1158 ἐν
1581 1105 1679 1180 ψυχαῖς
1692 1106 1736 1181 ἐγ-

128 1180 278 1238 nascitur:
299 1181 380 1239 ferox
397 1181 474 1238 enim
496 1193 526 1238 et
549 1182 688 1238 adversus
711 1200 797 1240 omne
815 1200 909 1240 reme-
956 1187 1097 1264 γίγνωνται
1112 1186 1194 1262 μήπω
1208 1188 1359 1263 δυναμένων
1374 1187 1450 1268 λόγον
1468 1189 1626 1264 tapetam,
1642 1191 1739 1250 λαόόν·

127 1267 206 1326 dium
229 1282 387 1328 contumax
406 1281 461 1330 est.
477 1267 561 1326 Adde
580 1267 616 1326 ad
637 1269 777 1328 Marciam
797 1287 861 1348 cap'.
881 1291 909 1341 7.
955 1299 1007 1334 των
1017 1275 1045 1335 δὲ
1059 1277 1102 1335 τὸν
1116 1275 1193 1355 λόγον
1213 1275 1411 1356 συμφωνήσωσι
1427 1281 1465 1357 τῷ
1480 1278 1563 1359 λόγῳ,
1578 1281 1660 1356 ὀρθῶς
1674 1281 1737 1338 εἰθί-

127 1357 202 1426 Quin
217 1359 302 1416 etiam
313 1376 348 1416 ea
362 1377 428 1435 quae
440 1359 471 1416 in
486 1356 674 1435 sequentibus
697 1359 839 1430 eminent,
856 1358 913 1435 pti·
933 1357 936 1420 l
957 1369 1017 1423 σθαι
1040 1364 1090 1425 tad
1111 1367 1164 1424 τῶν
1178 1364 1364 1445 προσηκόντων
1384 1367 1448 1424 ἐθῶν
1463 1370 1522 1427 κτλ.
1540 1367 1585 1427 Ci.
1601 1371 1676 1446 Rep.
1691 1370 1739 1444 tv,

127 1465 207 1503 mum
241 1446 290 1517 vhe
311 1446 439 1504 ἀπάθειαν
465 1441 515 1514 ἔξω
539 1448 585 1504 τοῦ
611 1445 787 1525 συμφέροντος
814 1436 911 1518 οὖσαν,
933 1441 936 1542 ξ
957 1473 986 1530 p.
1006 1452 1115 1522 trab.
1130 1452 1206 1510 Tim.
1222 1474 1250 1531 p.
1265 1454 1312 1510 86.
1332 1453 1362 1511 b.
1388 1453 1576 1520 indolentiam
1592 1475 1665 1515 vero
1678 1459 1740 1516 lau-

128 1534 234 1592 deinde
249 1535 421 1615 ἀφαιρήσεται
437 1533 488 1614 γόιρ
502 1537 578 1609 ἡμῶν
593 1533 641 1604 τὴν
657 1536 687 1593 ἐκ
707 1541 754 1594 τοῦ
773 1537 910 1615 φιλεῖσθαι
933 1543 936 1580 t
957 1541 1008 1598 dat
1022 1541 1118 1600 Phard.
1140 1563 1170 1620 p.
1197 1542 1246 1600 83.
1263 1541 1292 1599 b.
1315 1545 1332 1611 ἡ
1355 1546 1400 1598 τοῦ
1422 1545 1457 1608 ὡς
1483 1544 1586 1613 ἀληθῶς
1601 1546 1741 1624 φιλοσόφου

128 1623 174 1682 καλ
189 1625 273 1704 φιλεῖν
284 1620 403 1696 εὔνοιαν,
417 1636 477 1681 tum
498 1620 528 1680 τδ
543 1621 569 1680 δὲ
583 1621 651 1702 πέρα
675 1627 721 1682 τοῦ
742 1620 839 1704 μέτρου
859 1649 909 1684 πα·
956 1629 1029 1711 ψυχὴ
1054 1629 1135 1698 obrue
1153 1628 1283 1710 ἀπέχεται
1303 1633 1356 1688 τῶν
1371 1631 1471 1700 ἡδονῶν
1486 1653 1514 1689 τε
1529 1630 1574 1688 καί
1596 1635 1739 1702 ἐπιθυμιῶν

129 1711 300 1792 ρεκφόρεσθαι
313 1711 386 1790 παρὰ
401 1709 477 1792 φύσιν
493 1701 576 1784 εἶναι,
593 1712 719 1790 denique
733 1711 780 1782 τὴν
803 1735 910 1794 μετρεο·
956 1719 1002 1778 καί
1026 1721 1117 1778 λυπῶν
1142 1719 1187 1778 aul
1208 1718 1296 1800 φόύων
1318 1718 1376 1778 καθ’
1391 1717 1450 1777 ὅσον
1467 1719 1587 1780 δύναται.
1607 1720 1651 1782 Ci.
1671 1721 1741 1782 ibid.

128 1800 241 1860 πύθειαν
254 1803 301 1859 ούκ
318 1798 544 1876 ἀποδοκιμαστέον
566 1800 601 1857 ad
624 1799 795 1859 Crantorem
817 1817 912 1862 aucto·
956 1829 984 1886 p.
999 1811 1037 1876 64
1052 1829 1136 1886 seqq.
1151 1808 1194 1866 Ex
1207 1809 1271 1879 his,
1288 1829 1353 1884 quae
1366 1809 1591 1886 disputavimus,
1606 1811 1739 1882 efficitur,

127 1911 189 1950 rem
203 1889 354 1950 referenda
363 1909 427 1950 esse
438 1889 538 1966 liquet.
554 1889 601 1947 Sic
613 1891 689 1948 enim
702 1889 804 1949 Cicero
823 1893 910 1952 Acad.
956 1897 1128 1956 Crantorem
1145 1909 1206 1955 tum
1221 1895 1258 1954 ab
1274 1896 1455 1955 Academicis
1475 1909 1536 1954 tum
1552 1917 1569 1955 a
1588 1897 1740 1976 plerisque

126 2001 172 2059 pr.
190 1981 227 2053 ll,
243 1987 280 2048 tt
298 1999 305 2039 t
325 2003 338 2033 ι
355 1978 533 2056 Sedquaero,
550 1978 910 2057 quandoistafuerintab
956 1986 1196 2066 philosophorum
1225 1987 1333 2045 scholis
1360 1985 1412 2043 illa
1445 1985 1477 2044 in
1504 2005 1535 2043 re
1560 1985 1739 2046 dissensisse.

130 2072 284 2126 Academia
307 2081 397 2126 uetere
420 2059 554 2139 decreta,
573 2079 605 2124 ut
628 2068 755 2125 animum
773 2069 911 2145 sapientis
956 2074 1041 2134 Solos
1055 2075 1213 2153 excipimus
1224 2073 1419 2152 Epicureos,a
1434 2071 1543 2150 quibus
1557 2093 1621 2132 eum
1634 2074 1742 2150 duguia

127 2157 306 2217 commoveri
322 2170 351 2214 et
361 2156 532 2214 conturbari
551 2157 712 2230 negarent?
732 2159 912 2215 Mediocrito-
956 2183 1040 2222 suum
1056 2175 1217 2222 mutuatum
1235 2183 1298 2222 esse
1319 2182 1405 2221 nemo
1420 2161 1583 2220 contendet.
1598 2162 1742 2230 Quocirca

127 2260 168 2305 tes
182 2246 224 2303 illi
238 2244 405 2324 probabant
420 2245 491 2303 etin
506 2245 584 2302 omni
605 2245 786 2324 permotione
799 2261 913 2304 natura-
956 2264 1068 2324 totum,
1096 2269 1184 2326 quem
1215 2267 1232 2310 e
1260 2249 1419 2308 Plutarcho
1449 2248 1615 2318 attulimus,
1646 2250 1741 2304 locum

126 2338 183 2392 iem
207 2333 345 2392 volebant
368 2352 441 2392 esse
462 2337 603 2410 quendam
632 2336 755 2393 modum.
777 2333 912 2410 Legimus
955 2337 1091 2398 Crantori
1105 2338 1324 2397 vindicarenon
1340 2334 1564 2412 gravabimur.)

126 2445 229 2486 omnes
252 2427 411 2499 Crantoris,
432 2424 540 2482 veteris
562 2422 742 2492 Academici,
764 2422 801 2480 de
821 2424 910 2485 luctu.
996 2446 1018 2485 ε.
1040 2424 1150 2490 Τούτοις
1172 2421 1200 2481 δὲ
1217 2423 1353 2498 ἑπομένως
1374 2423 1418 2480 καλ
1439 2419 1599 2500 θΚρόντυνρ
1612 2440 1739 2497 παραμυ-

129 2515 179 2575 Est
199 2515 279 2573 enim
293 2535 353 2572 non
367 2533 506 2588 magnus,
530 2531 633 2570 verum
653 2511 808 2584 aureolus,
822 2525 861 2586 et,
879 2528 911 2572 ut
956 2513 1079 2590 deiparae
1104 2511 1148 2570 ἐπὶ
1170 2515 1204 2591 τῇ
1219 2516 1271 2570 τῶν
1290 2509 1388 2570 τέκνων
1408 2512 1517 2586 τελευτῇ
1535 2506 1578 2566 τὸν
1596 2503 1741 2565 Ἱπποκλέα

126 2602 276 2662 Tuberoni
305 2601 450 2660 Panaetius
472 2601 616 2678 praecipit,
643 2599 679 2658 ad
702 2598 826 2658 verbum
850 2601 909 2659 edi·
956 2601 1030 2682 φησι·
1046 2605 1131 2660 ταῦτα
1148 2599 1318 2682 γὰρπᾶσαὴ
1339 2597 1439 2677 ἀρχαία
1459 2595 1526 2668 σύτη
1542 2592 1682 2675 φιλοσοφία
1696 2592 1742 2650 λε’-

127 2691 252 2750 scendus
265 2689 395 2749 libellus.
408 2690 503 2766 Atque
516 2689 559 2747 illi
575 2687 693 2765 quidem
709 2689 793 2746 etiarn
807 2693 913 2748 utiliter
955 2713 996 2768 γει
1007 2713 1037 2748 τε
1053 2691 1098 2749 καλ
1115 2687 1334 2765 παρακελεύεται·
1350 2678 1387 2747 ῶν
1408 2687 1430 2744 εἰ
1446 2685 1478 2758 δή
1495 2707 1520 2743 τε
1540 2682 1605 2740 ἄλλο
1620 2681 1656 2756 μὴ
1673 2685 1741 2740 ἀπο-

126 2801 146 2836 α
172 2793 276 2837 notram
294 2777 429 2837 dicebant
441 2777 637 2855 permotiones
655 2775 724 2834 istas
738 2772 840 2836 animis
859 2797 911 2836 no·
956 2777 1099 2857 δεχόμεθα,
1115 2777 1145 2836 τό
1165 2801 1195 2856 γε
1211 2777 1334 2856 πολλαχῇ
1350 2765 1419 2834 εἶναι
1434 2771 1536 2852 ἐργώδη
1553 2770 1597 2830 καί
1614 2769 1739 2830 δύσκολον

127 2867 194 2924 stris
206 2865 301 2936 datas3
318 2877 426 2921 metum
439 2863 561 2921 cavendi
574 2882 672 2934 causa,
688 2867 910 2922 misericordium
955 2863 1000 2924 τὸν
1017 2864 1082 2944 βίον,
1099 2865 1164 2941 ἄγαν
1182 2863 1287 2936 ἀληθές.
1301 2862 1360 2924 Kal
1378 2863 1429 2943 γθιρ
1442 2863 1465 2920 ai
1480 2857 1517 2936 μὴ
1529 2857 1614 2940 φύσει
1627 2863 1741 2916 τοιοῦτον

127 2957 377 3029 aegritudinemque
408 2957 583 3020 clementioe;
612 2952 703 3029 ipsam
732 2951 911 3011 iracundiam
956 2950 1012 3030 ἔχει
1028 2953 1071 3014 τὸν
1084 2952 1193 3030 τρόπον,
1212 2951 1264 3012 ὑπό
1277 2975 1307 3030 γε
1322 2955 1397 3030 ἡμῶν
1413 2953 1448 3016 εἷς
1461 2953 1539 3007 τοῦτο
1560 2949 1669 3028 aptarer
1683 2947 1742 3004 32⁰⁸·

129 3038 304 3099 iortitudinis
326 3039 408 3117 quasi
433 3051 524 3097 cotem
551 3058 613 3098 esse
639 3037 791 3101 dicebant.
810 3065 822 3094 ν
845 3041 911 3099 llaec
956 3045 1064 3126 φθορᾶς·
1077 3041 1094 3113 ἥ
1107 3041 1130 3100 τ’
1143 3039 1239 3114 ἄδηλος
1252 3039 1319 3113 αύτη
1333 3039 1401 3119 τύχη
1417 3037 1551 3118 πόρρωθεν
1566 3036 1630 3112 ἡμῖν
1644 3035 1690 3094 καὶ
1702 3034 1742 3095 ἔτι

127 3131 215 3206 igitur
226 3149 316 3208 quum
330 3147 383 3186 nec
394 3125 547 3186 Xenocrati
561 3147 614 3186 nec
626 3127 776 3186 Polemoni
787 3127 912 3195 ἀπαθείας
956 3129 1004 3186 ἀπ’
1016 3133 1098 3208 ἀρχῆς
1113 3128 1305 3202 ἠκολούθηκεν,
1320 3129 1374 3188 οὐδ’
1391 3131 1430 3208 ἐφ’
1443 3126 1480 3185 ἑνί
1500 3128 1576 3202 ὑγιεῖ.
1594 3125 1741 3201 Φυομόνοις
1823 3193 1826 3198 Ι

129 3219 265 3277 studiosis
279 3217 418 3292 assignari
441 3216 567 3294 possint,
590 3234 740 3293 quumque
766 3215 911 3274 simillima
955 3241 984 3277 τε
997 3218 1120 3296 μίγνυταί
1134 3241 1173 3286 τις
1182 3221 1208 3277 ἐν
1223 3227 1289 3276 πᾶσι
1302 3223 1384 3278 κακοῦ
1394 3225 1485 3295 μοῖρα.
1498 3215 1542 3276 Τδι
1551 3215 1651 3294 γάρτοι
1663 3215 1742 3292 σπέρ-

12 3319 17 3338 ·
128 3305 318 3365 sintaliorum
329 3303 912 3365 Plutarchidictorum:sententiasnemo
956 3328 1029 3381 ματα
1044 3304 1117 3374 εὐθὺς
1132 3305 1211 3378 θνητόι
1225 3306 1396 3379 ὄνταταύτης
1412 3311 1530 3365 κοινωνεῖ
1544 3307 1591 3374 τῆς
1605 3301 1741 3375 adelagi}

129 3395 249 3472 negabit
262 3393 438 3452 eCrantoris
448 3392 595 3451 volumine
607 3411 670 3450 esse
684 3393 800 3470 petitas,
814 3415 912 3472 quam·
956 3385 989 3466 ἧς
1002 3393 1084 3474 θφοΐα
1104 3395 1151 3473 μὲν
1169 3397 1271 3474 ψυχῆς,
1283 3395 1355 3454 νόσοι
1375 3395 1464 3454 τεκαὶ
1488 3391 1572 3465 κήδεα
1597 3391 1641 3450 καί
1659 3395 1740 3471 μοῖρα

127 3505 216 3562 quam
229 3482 333 3541 veteris
350 3481 514 3540 Academici
524 3481 686 3540 orationem
699 3481 912 3542 aChaeronensi
957 3486 1055 3556 θνητῶν
1071 3485 1168 3542 ἐκεῖθεν
1182 3487 1247 3558 ἡμῖν
1262 3482 1348 3562 ἕρπει.
1358 3486 1414 3544 Τοῦ
1427 3483 1459 3555 δὴ
1474 3482 1552 3561 χάριν
1568 3481 1737 3562 ἐτραπόμεθα

127 3569 305 3651 philosopho
320 3571 521 3649 interpolatam
537 3589 615 3642 esse,
630 3567 769 3628 credibile
783 3584 836 3630 est.
854 3572 913 3632 Cur
933 3585 936 3660 γ
957 3573 1051 3652 δεύρω
1073 3570 1107 3630 ἵν’
1123 3571 1268 3646 εἰδείημεν,
1289 3572 1329 3632 ότι
1352 3571 1442 3632 καινὸν
1465 3570 1538 3630 οὐδὲν
1566 3571 1672 3648 ἀτυχεῖν
1698 3573 1742 3626 ἀν-

126 3663 234 3720 Cicero
259 3679 318 3717 uon
340 3673 431 3719 totum
453 3660 548 3718 locum
574 3659 710 3731 verterit,
734 3659 785 3718 sed
809 3681 911 3720 eorum
957 3657 1068 3740 θρύιπεμ,
1083 3659 1152 3720 ἀλλὰ
1166 3660 1263 3728 πάντες
1277 3661 1358 3720 ταύτὸ
1369 3659 1547 3734 πεπόνθαμεν.

125 3767 193 3827 quae
202 3745 280 3826 apud
294 3746 482 3806 Plutarchum
499 3758 614 3806 exstant
627 3759 738 3824 partem
751 3751 912 3825 praetermi·
998 3748 1192 3830 (Plutarchus
1205 3749 1324 3812 Consul.
1344 3749 1380 3808 ad
1397 3747 1494 3826 Apoll.
1514 3745 1577 3802 vol.
1590 3743 1656 3816 Vll,
1671 3763 1737 3818 pag.

125 3837 207 3908 serit,
222 3853 355 3912 quaerere
377 3853 626 3913 supervacaneum
643 3832 820 3910 judicamus.
847 3837 912 3895 Fuit
958 3837 1015 3896 322
1028 3855 1090 3916 seq.
1105 3839 1153 3896 ed.
1168 3838 1286 3898 liutten.
1308 3838 1422 3895 Ultima
1436 3839 1481 3892 τοθ
1497 3831 1528 3902 δὴ
1547 3832 1626 3910 χάριν
1648 3848 1741 3906 usque

126 3925 204 3982 enim
217 3923 334 3982 Tullius
349 3923 437 3982 homo
451 3924 496 3983 sui
511 3922 631 4000 judicii,
644 3924 694 4002 qui
711 3925 797 3981 etiam
812 3926 911 3985 eadem
956 3928 992 3985 ad
1018 3925 1184 4003 πεπόνθαμεν
1206 3947 1242 3984 ex
1262 3922 1484 4002 Wyttenbachii
1511 3920 1678 3996 conjectura
1703 3918 1739 3975 ad

126 4024 272 4092 praecepta
292 4012 381 4070 modo
395 4012 497 4070 sectari
519 4011 606 4070 modo
630 4014 779 4090 aspernari
796 4013 912 4072 videre·
957 4015 1039 4074 Plut.
1061 4016 1123 4074 vol.
1145 4013 1204 4090 tt,
1224 4035 1251 4092 p.
1276 4021 1332 4087 7¹4
1356 4009 1520 4090 adjicienda
1540 4028 1602 4068 esse
1630 4007 1739 4067 censui.

127 4113 185 4159 tur.
201 4104 301 4178 ltaque
320 4121 380 4160 non
394 4101 533 4159 miramur
545 4113 689 4159 oratorem
703 4101 864 4160 Romanum
880 4103 913 4160 in
958 4103 1037 4162 idern
1055 4102 1250 4180 Theophrasti
1270 4115 1298 4160 et
1314 4101 1432 4160 Homeri
1449 4098 1546 4170 dicta,
1563 4116 1627 4174 quae
1651 4095 1681 4152 in
1694 4114 1741 4153 se-

127 4187 347 4262 Consolatione,
363 4208 430 4267 (γεω
442 4189 602 4261 intercidit,
625 4188 773 4248 Crantoris
787 4191 913 4267 vestigiis
959 4189 1114 4270 quentibus
1151 4203 1358 4249 commemorat
1389 4187 1579 4257 Plutarchus,
1605 4183 1739 4244 Crantor-i

126 4277 305 4352 ingressum,
328 4291 424 4336 tamen
442 4276 560 4335 Tuscul.
583 4276 631 4348 tv,
653 4299 688 4353 19
709 4297 789 4356 seqq.
809 4278 873 4355 ejus
884 4293 912 4337 et
958 4279 1058 4338 deberi
1082 4290 1183 4358 putat;
1211 4278 1290 4356 quod
1314 4297 1381 4354 ego,
1403 4289 1435 4335 ut
1461 4277 1691 4352 incompertum,
1713 4275 1741 4331 in
1790 4311 1792 4316 -

126 4367 394 4445 Peripateticorum
409 4368 447 4424 de
461 4365 729 4444 perturbationibus
749 4367 854 4445 placita
869 4387 914 4426 re·
935 4386 937 4413 ι
957 4368 1055 4426 medio
1070 4367 1244 4445 relinquam.
1260 4367 1309 4426 Sic
1323 4379 1418 4426 autem
1435 4367 1532 4444 pergit
1546 4363 1718 4422 Plutarchus
1734 4385 1740 4420 :

122 4453 237 4532 jecisse.
257 4454 344 4524 Quod
362 4475 434 4513 vero
445 4455 518 4524 diri,
532 4451 723 4513 Xenocratem
738 4467 766 4512 et
779 4455 911 4513 Polemo·
934 4428 937 4495 l
958 4455 1074 4522 ἄσκοπος
1088 4453 1171 4536 γδιρὴ
1187 4456 1256 4535 τύχη
1273 4455 1369 4536 (φησίν
1382 4454 1594 4536 θΘεόφραστος)
1608 4451 1651 4512 καλ
1671 4449 1740 4522 δεινὴ

158 4705 185 4751 9.
204 4700 249 4750 ilis
261 4700 433 4752 convenienter
447 4701 636 4752 eiiamGrantor
653 4699 679 4752 in
697 4702 869 4754 consolatione
882 4701 914 4753 ad
958 4703 1069 4756 salubres
1085 4707 1202 4758 comitata
1220 4709 1266 4758 cst.
1301 4695 1359 4757 niati
1374 4704 1489 4769 quaedam
1504 4701 1677 4767 portioiatalis
1691 4701 1741 4762 jam

124 4787 271 4852 iiippociem
284 4787 418 4840 liberorum
430 4791 510 4840 morte
526 4793 671 4841 morantem
686 4791 720 4841 ita
734 4791 838 4855 scripsit.
855 4795 915 4843 flac
956 4793 1114 4848 nascentibus
1124 4795 1196 4846 nobis
1211 4795 1325 4846 omnibus
1335 4794 1495 4844 atmiscetur.
1540 4787 1742 4853 Quippescmim

125 4877 192 4926 enim
217 4878 297 4928 omnis
318 4877 361 4928 illa
376 4879 449 4929 retus
471 4877 626 4944 philosophia
647 4879 719 4929 docet
739 4893 768 4929 ac
789 4881 911 4945 precipit,
958 4895 1035 4947 quarn
1056 4881 1107 4934 sint
1127 4883 1254 4944 mortalia,
1269 4883 1352 4934 statim
1373 4883 1468 4946 partem
1481 4877 1555 4942 hujus
1573 4888 1654 4926 causac
1669 4872 1742 4924 suati-

126 4979 234 5029 quorum
258 4965 354 5031 siquid
374 4965 441 5017 aliud
462 4979 511 5018 noa
524 4968 671 5031 probamus,
693 4968 719 5018 id
740 4968 827 5019 saltem
840 4969 915 5019 nimis
958 4973 1024 5034 nent,
1045 4985 1090 5022 cur
1113 4971 1201 5036 ingenii
1214 4972 1332 5034 tarditas,
1346 4970 1444 5030 morbi,
1462 4979 1542 5027 curas,
1558 4961 1742 5024 morsdenlque

124 5066 214 5103 verum
229 5056 276 5117 eat,
291 5055 369 5106 vitam
379 5057 489 5106 nostram
501 5055 654 5107 multimodis
661 5055 809 5107 laboriosam
820 5071 874 5109 esse
887 5059 914 5110 et
957 5061 1011 5126 ipsa
1031 5060 1102 5112 nohis
1124 5062 1248 5126 obrepant.
1296 5063 1347 5110 (tur
1365 5072 1424 5109 aero
1444 5070 1474 5106 eo
1498 5053 1621 5106 aberravit
1643 5051 1742 5103 oratio?

125 5141 264 5195 difficilem.
296 5147 359 5196 Nam
381 5144 509 5196 ductura
528 5157 577 5195 non
596 5147 634 5195 est
648 5144 717 5207 talis,
742 5147 830 5228 nostrq
848 5147 914 5197 certe
957 5165 1046 5214 nempe
1058 5152 1088 5202 ot
1106 5151 1281 5215 intelligamus,
1296 5163 1345 5199 non
1360 5147 1507 5198 inusitatum
1526 5142 1621 5195 homini
1635 5153 1690 5192 esee
1701 5141 1740 5190 in-

127 5231 225 5282 ritioin
237 5233 301 5284 hanc
311 5233 445 5298 pomieiem
457 5231 564 5283 incurrit
583 5235 630 5284 aet
645 5231 738 5284 incerta
750 5233 799 5284 ista
814 5234 913 5285 tortum
959 5234 1108 5298 fortunium,
1126 5234 1168 5285 aad
1183 5247 1267 5284 omues
1285 5245 1330 5284 nos
1342 5232 1387 5282 sub
1403 5230 1504 5282 eosdem
1520 5242 1594 5281 casus
1614 5241 1668 5280 esse
1685 5226 1743 5278 sul>-

127 5333 141 5370 e
152 5321 285 5386 longinquo
295 5335 339 5372 noa
349 5335 378 5373 uc
389 5323 441 5384 jam
453 5321 510 5372 inde
521 5321 552 5372 ab
563 5319 634 5372 initio
647 5323 746 5386 proptor
763 5336 803 5375 ras
813 5325 914 5374 minime
935 5307 942 5383 1
957 5323 1043 5386 jactos.

1606 5417 1644 5466 to.
