3976 5948
262 427 320 488 iet
950 424 1189 492 moerentis

261 558 357 616 Anim.
371 556 421 617 iol.
438 577 472 629 τι
490 557 523 616 Β.
538 556 649 634 Scripsi
664 568 759 616 autern
772 557 900 628 ἐπιζητῶν
915 576 971 636 pro
987 578 1040 618 cc-
1086 559 1119 619 δι’
1131 551 1167 620 do
1190 563 1219 620 οδ
1234 559 1312 640 μόνον
1331 557 1371 620 δτι
1387 561 1418 620 οδ
1432 561 1527 637 σῶμα,
1553 560 1612 618 ἀλλ’
1625 559 1666 618 δτι
1683 558 1742 619 οὐδέ
1757 559 1824 619 ἄλλο
1844 587 1876 622 τι

259 647 358 707 dicum
370 645 494 704 lectione
506 646 670 725 ἐπιζητεῖν.)
1088 649 1196 728 μέγεθος
1211 648 1280 730 ἐχειν
1295 651 1441 710 ἐδείκνυτο·
1454 647 1513 708 ἀλλ’
1529 646 1620 720 ἐπειδὴ
1635 649 1680 707 καί
1694 651 1708 706 θ
1728 649 1848 720 συνήθως
1862 658 1876 686 ¹

301 751 339 794 ιε.
361 732 401 792 Τὸ
416 731 585 812 προκείμενον
603 733 707 814 ἐλέγξαι
725 733 772 804 τὴν
796 734 978 814 Ξενοκράτους
995 741 1041 795 τοῦ
1086 737 1223 818 λεγόμενος
1238 737 1361 820 ἀριθμός,
1379 737 1394 797 ὅ
1408 762 1436 796 τε
1451 739 1480 796 ἐκ
1495 738 1632 815 μονάδων,
1647 729 1699 804 οἷος
1713 740 1727 796 δ
1742 741 1875 814 μαθημα-

261 820 408 886 Πλάτωνος
423 821 548 964 διαδόχου
563 820 624 902 περί
646 824 733 902 ψυχῆς
755 821 846 890 δόξαν·
863 821 889 890 ὃς
905 822 978 901 έλεγε
992 825 1039 897 τλν
1086 827 1169 900 τικάς,
1186 826 1231 886 καλ
1245 831 1259 886 δ
1274 829 1302 887 ἐκ
1316 827 1446 904 σωμάτων
1463 826 1635 906 ἀδιαιρέτων,
1649 823 1666 897 λ
1684 825 1798 906 ἐνεργείᾳ
1818 827 1877 903 μύ-

262 906 350 988 ψυχὴν
367 907 477 988 ἀριθμὸν
498 931 509 965 ε
523 932 564 966 ναι
577 914 700 968 κινοῦντα
716 908 816 970 ἐαυτάν.
838 909 892 970 Καὶ
907 911 985 982 δῆλον
1001 911 1041 972 δτι
1086 937 1127 972 νον
1143 913 1160 984 ἢ
1176 914 1220 973 καὶ
1235 915 1345 993 δυνάμει
1359 915 1405 974 καλ
1419 913 1551 994 ἐνεργείᾳ,
1567 918 1602 978 ὡς
1617 916 1640 973 ei
1658 913 1717 992 περὶ
1733 913 1877 993 Δημόκρι-

261 999 284 1056 εί
298 995 379 1062 οδτως
401 993 475 1074 ἔλεγε
497 997 566 1055 κατὰ
580 997 610 1055 τὸ
626 995 780 1078 φαινόμενον
795 994 945 1076 εθέλεγκτος
966 999 1041 1060 θλά-
1087 1024 1131 1060 τον
1149 1001 1350 1082 ύπιτίθεντο,ἢ
1369 1003 1481 1081 ὅλωςτῇ
1497 1004 1567 1063 θέσει
1582 1005 1627 1062 ἀπ’
1644 1005 1765 1074 ἀλλήλων
1782 1027 1874 1084 κεχω-

261 1108 319 1163 γος,
336 1081 407 1158 ἀλλ’,
422 1082 487 1165 δττερ
506 1084 551 1143 καὶ
567 1087 593 1142 ἐν
608 1093 663 1152 τοῖς
677 1084 825 1164 ἔμπροσθεν
843 1075 932 1159 εἶπον,
944 1088 992 1146 οὐκ
1008 1088 1039 1146 ἄν
1088 1091 1216 1170 ρισμένων
1228 1093 1252 1166 θ,
1268 1093 1389 1172 μεριστάς
1401 1095 1485 1163 ἐστιν,
1500 1090 1577 1158 αθτύς
1588 1115 1617 1150 τε
1629 1095 1655 1150 ἐν
1671 1091 1797 1171 διαιρέσει
1811 1099 1878 1153 θεω·

261 1196 298 1238 τις
315 1173 369 1230 οὐδ’
394 1171 468 1252 ἀκρῳ
483 1173 604 1254 δακτύλῳ
619 1177 669 1232 τῶν
693 1173 856 1250 μαθημάτων
879 1174 1038 1252 γευσάμενος
1089 1179 1226 1260 ρούμενος,
1251 1180 1297 1238 καλ
1325 1180 1359 1238 rt
1381 1182 1585 1260 συμπληροῦντα
1610 1181 1677 1260 ἔχων
1708 1182 1805 1260 μερικά
1826 1185 1876 1242 καὶ

259 1266 367 1320 τοιαῦτα
380 1261 410 1319 ἀν
431 1259 516 1320 etcor-
528 1265 541 1320 ὁ
553 1261 582 1320 δὲ
595 1263 774 1343 Ἀριστοτέλης
788 1267 823 1330 ὡς
835 1261 924 1322 είωθεν
938 1265 1042 1343 ἐλέγχει
1087 1269 1309 1346 ἀπεστενωμένα,
1326 1268 1370 1328 διδ
1391 1273 1442 1328 τῶν
1464 1269 1528 1350 πρὸς
1551 1269 1719 1348 Ξενοκράτην
1739 1273 1875 1352 ἀντιρῥή.

258 1347 289 1407 τὸ
302 1349 458 1430 φαινόμενον
473 1356 518 1409 τοῦ
533 1349 625 1428 λόγου·
642 1350 678 1410 τδι
695 1350 742 1426 μὲν
755 1345 798 1410 οῦν
811 1351 886 1409 κοινά
908 1374 987 1431 φησιν
1003 1343 1041 1412 εἶ·
1087 1380 1173 1434 σεων,
1188 1357 1229 1418 δτι
1243 1356 1302 1418 οὐδὲ
1320 1359 1388 1416 οὕτω
1404 1355 1515 1437 μεριστὴ
1533 1361 1549 1428 ἡ
1565 1357 1637 1436 ψυχὴ
1654 1357 1798 1432 δείκνυσιν,
1812 1359 1875 1420 οὔτε

259 1461 302 1497 ναι
314 1436 360 1497 καὶ
374 1438 455 1518 ταύτῃ
468 1443 501 1520 τῇ
514 1438 573 1518 δόξῃ
590 1439 655 1520 πρὸς
666 1438 714 1506 τὰς
725 1441 918 1518 ἐληλεγμέναι,
929 1443 978 1500 ὅσα
990 1442 1041 1520 γὰο
1087 1450 1121 1514 ὡς
1137 1447 1259 1526 ἀριθμός,
1275 1446 1333 1506 οὔτε
1344 1451 1378 1514 ὡς
1393 1447 1501 1524 μονάδες
1515 1447 1531 1516 ἢ
1546 1447 1670 1522 στιγμαί,
1685 1446 1711 1514 ἐξ
1727 1439 1763 1506 ὧν
1780 1451 1871 1508 ἅδιον·
1980 1451 1981 1458 ’

259 1525 345 1586 εἵπετο
355 1535 409 1594 τοῖς
421 1527 548 1586 κινεῖσθαι
559 1527 665 1607 λέγουσι
674 1528 722 1600 τὴν
735 1528 823 1609 ψυχὴν
835 1531 938 1600 ἄτοπα,
952 1535 1039 1589 ταῦτα
1088 1534 1167 1616 ρέςων
1184 1539 1198 1594 ὁ
1213 1535 1333 1616 ἀριθμός.
1375 1533 1410 1596 '0
1422 1535 1473 1614 γὰρ
1488 1539 1518 1594 ἐκ
1532 1535 1662 1612 σωμάτιον
1675 1539 1750 1594 τινῶν
1762 1537 1874 1616 ἀριθμὸς

259 1613 305 1675 καὶ
318 1613 404 1694 τούτῳ
415 1613 507 1695 ἕψεται
518 1619 622 1696 λέγοντι
641 1616 752 1699 ἀριθμὸν
766 1609 834 1675 εἶναι
846 1623 967 1675 κινοῦντα
978 1620 1041 1676 ἐαυ-
1087 1625 1302 1702 ὁμολογουμένως
1324 1633 1335 1660 ⁰
1352 1626 1419 1703 αὐτῇ
1442 1625 1471 1682 οὐ
1489 1625 1630 1704 προσήκει·
1645 1624 1698 1703 εἴγε
1713 1625 1797 1701 μηδὲν
1817 1627 1876 1705 ἔχει

258 1700 316 1759 τόν·
327 1701 361 1759 τδι
374 1703 402 1761 δὲ
411 1701 482 1777 ἴδια,
496 1705 561 1764 καθό
575 1730 655 1788 φησιν
671 1706 779 1788 ἀριθμὸν
794 1697 860 1764 εἶναι
873 1706 921 1778 τὴν
932 1708 1039 1786 ψυχήν,
1088 1712 1203 1791 μέγεθος.
1219 1712 1252 1774 ‘0
1267 1713 1314 1790 μέν
1330 1703 1374 1772 οῦν
1391 1712 1563 1792 Ξενοκράτης
1574 1715 1697 1792 ἀριθμοὺς
1712 1713 1745 1770 τὰ
1758 1713 1815 1785 εἴδη
1829 1717 1877 1774 καὶ

261 1789 325 1871 πρὸς
339 1789 354 1848 θ
367 1795 412 1847 νῦν
431 1789 579 1855 ἐνίσταται.
1088 1801 1163 1868 αὐτὸς
1177 1799 1393 1882 προσαγορεύων,
1410 1801 1456 1860 καλ
1472 1809 1524 1858 πᾶν
1543 1789 1608 1866 ι’ίδος
1624 1799 1763 1880 ἀμέριστον
1779 1803 1875 1874 εἰδώς,

302 1878 802 1956 (Pb510p0ssusadAristotelisde
827 1881 1042 1944 Animalib·l
1088 1890 1117 1950 τδ
1133 1888 1164 1970 δέΙ
1176 1889 1328 1967 κινούμενον
1345 1889 1545 1969 μεριστάν,καλ
1563 1889 1669 1956 πάντως
1685 1891 1752 1966 μετὰ
1765 1889 1801 1948 τά
1816 1891 1877 1962 εἴδη
1980 1881 1981 1888 ¹

262 1967 312 2026 roi.
327 1969 358 2038 E,
379 1968 529 2027 11.0misi
545 1970 621 2028 inter
636 1971 727 2030 verba
738 1976 846 2029 τοιαῦτα
860 1970 890 2028 ἂν
905 1969 973 2030 εἴποι
986 1985 1014 2030 et
1029 1975 1043 2030 θ
1089 1978 1135 2052 τὴν
1159 1979 1292 2056 μεσότητα
1306 1983 1353 2052 τῆς
1368 1982 1454 2059 ψυχῆς
1473 1978 1516 2036 διὰ
1530 1983 1581 2037 τῶν
1604 1977 1692 2057 ἄκρων
1715 1979 1879 2058 ἀμφοτέρων
1980 1953 1981 1994 ί

259 2055 287 2115 δέ
305 2057 484 2136 Ἀριστοτέλης
500 2058 595 2116 iocum
617 2058 678 2136 jam
699 2079 787 2137 supra
809 2058 948 2138 positum.
971 2059 1038 2120 vid.
1088 2069 1181 2140 δηλοῖ,
1207 2067 1322 2146 ἀριθμὸν
1345 2067 1497 2142 κινούμενον
1526 2065 1608 2138 αὐτὴν
1630 2064 1729 2138 αἰπύν,
1753 2069 1791 2134 ὡς
1824 2069 1881 2146 οὐχ

260 2146 360 2221 fragili.
378 2145 426 2220 39.
441 2145 479 2204 Ut
494 2146 709 2206 Themistiuset
724 2147 906 2224 Philoponus
920 2145 996 2205 inter
1010 2167 1040 2208 se
1089 2155 1179 2220 ἅπλῶς
1196 2147 1275 2216 οὖσαν
1297 2145 1377 2228 εἶδος,
1393 2153 1461 2214 ἀλλὰ
1477 2154 1507 2213 τὸ
1521 2153 1580 2212 ὅλον
1601 2159 1677 2212 τοῦτο
1693 2154 1728 2220 εἷς
1743 2155 1880 2246 poparum&

259 2233 456 2303 dissentiunt,
482 2255 607 2310 quorum
632 2235 683 2293 ille
705 2235 906 2293 definitionem
928 2237 1040 2313 ipsam,
1089 2242 1207 2322 ὓποὸάι,
1221 2249 1250 2303 οὐ
1267 2243 1387 2324 μερισθὲν
1401 2242 1509 2314 τελέως,
1525 2243 1583 2301 ἀλλ’
1596 2240 1655 2299 οὐδὲ
1677 2245 1768 2317 μεῖναν
1791 2243 1877 2314 εἶδος,
1980 2287 1981 2294 ι

259 2319 307 2379 bic
321 2320 410 2380 verbe
420 2335 531 2382 tantum
548 2323 721 2403 reprehendi
731 2323 898 2382 existimat:
915 2325 955 2382 ita
969 2323 1043 2382 Sim·
1088 2334 1127 2412 τῷ
1148 2333 1268 2410 χαλάσαι
1292 2331 1337 2392 καί
1351 2331 1460 2392 lxiona(
1475 2353 1531 2396 πως
1549 2327 1597 2400 ria
1617 2329 1756 2408 ἀμέριστον
1780 2331 1879 2390 ένιοοιν
1980 2341 1981 2390 i

179 2477 201 2492 ,Ι
260 2406 371 2484 plicius
383 2427 500 2486 quoque
516 2411 696 2470 aliaratione
711 2411 876 2470 Aristotelis
890 2412 986 2470 iocum
998 2417 1044 2472 in·
1090 2418 1188 2496 μεταξὺ
1213 2418 1368 2498 γενόμενον,
1392 2420 1437 2477 καὶ
1468 2416 1511 2476 διὰ
1533 2421 1609 2476 τοῦτο
1631 2416 1690 2475 οὐδὲ
1722 2419 1878 2494 κινούμενον

255 2493 469 2578 impediatur.)
626 2551 634 2566 ,
981 2521 990 2536 ·
1089 2507 1198 2580 ἁπλῶς,
1221 2507 1279 2568 ἀλλ’
1297 2505 1387 2568 ἑαυτὸν
1403 2505 1454 2587 ἐιρη
1469 2511 1607 2565 κινοῦντα·
1631 2507 1675 2563 ἵνα
1699 2505 1744 2565 καλ
1765 2506 1798 2566 τδ
1811 2505 1877 2567 ἴδιον

302 2607 340 2646 17.
354 2585 421 2646 Ὅτι
439 2585 486 2664 μὲν
502 2589 546 2646 τὸν
566 2588 746 2669 Ξενοκράτους
768 2592 815 2660 τῆς
829 2591 920 2670 ψυχῆς
934 2588 1043 2668 θρισμδν
1090 2595 1192 2677 ἐμφήνῃ
1207 2600 1253 2668 τῆς
1275 2597 1433 2674 μεσότητος,
1457 2592 1657 2674 κεχαλασμένης
1681 2595 1746 2672 μέν,
1762 2595 1831 2675 ὅπερ
1859 2603 1876 2668 η

261 2674 436 2750 διακαθαίρει,
450 2671 493 2732 ἰ’νοι
510 2675 546 2751 μὴ
564 2675 632 2734 κατὰ
648 2676 696 2748 τὴν
714 2675 812 2750 συνήθη
834 2681 884 2736 τῶν
907 2679 1042 2754 ὀνομάτων
1089 2685 1189 2756 κίνησις
1204 2685 1344 2760 σημαίνει,
1355 2686 1403 2763 οὐχ
1422 2683 1491 2742 οὕτω
1504 2681 1531 2741 δὲ
1544 2686 1578 2750 ὡς
1593 2689 1639 2741 τοῦ
1651 2685 1729 2744 αὐτοῦ
1744 2685 1876 2744 ἀποσπι-
1980 2699 1981 2704 ’

261 2766 357 2840 χρῆσιν
383 2761 536 2840 ἀκούωμεν,
561 2763 683 2844 φανεράν.
710 2764 745 2825 ‘0
770 2765 798 2822 δέ
822 2767 1043 2844 πραγματειώδης
1090 2768 1202 2842 σθείοης.
1221 2770 1257 2830 ‘0
1272 2771 1300 2830 δὲ
1316 2770 1496 2851 Ἀριστοτέλης
1515 2769 1624 2850 ἀριθμόν
1643 2793 1672 2829 τε
1695 2769 1725 2828 τὸ
1749 2772 1876 2850 μεριστὸν

263 2851 335 2927 αὐτῷ
350 2849 456 2908 τέταται
478 2852 590 2926 σκοπός,
607 2853 703 2919 παντὸς
719 2859 847 2931 μερισμοῦ
862 2853 909 2925 τὴν
927 2857 1041 2936 ψυχικὴν
1091 2856 1191 2917 ἀκούων
1220 2859 1333 2932 πλῆθος,
1358 2857 1404 2918 καλ
1430 2859 1531 2930 κίνησιν
1556 2857 1604 2930 τὴν
1631 2857 1700 2918 κατὰ
1733 2859 1874 2940 συνέχειαν

263 2939 352 2995 οὐσίαν
374 2939 552 3020 ὑπερέχουσαν
576 2939 671 3012 δεῖξαι,
696 2943 725 2998 οὗ
744 2945 790 3000 τοῦ
813 2941 882 3001 κατδι
904 2944 1040 3022 συνέχειαν
1089 2950 1248 3024 προϊοῦσαν,
1265 2945 1415 3026 ἀναγκαίως
1436 2945 1517 3026 άμρω
1539 2949 1586 3016 τῆς
1604 2949 1690 3026 ψυχῆς
1705 2949 1873 3028 ἀποράσκει,

240 3015 355 3102 ’μάνοω
370 3033 445 3087 τοῦτο
468 3029 518 3108 γδιρ
534 3030 584 3103 ἤδη
609 3029 740 3109 δέδειχεν,
759 3029 880 3102 ἀκίνητον
898 3030 978 3102 αὐτ-λν
996 3032 1041 3098 τάς
1088 3036 1124 3099 ὣς
1140 3032 1182 3092 διδ
1199 3031 1251 3106 τλυ
1268 3035 1401 3108 μεσότητα
1416 3033 1512 3100 παντδς
1533 3035 1710 3116 ὑπερέχουσαν
1730 3042 1873 3114 μερισμοῦ.

261 3115 414 3192 σωματικάς
427 3119 540 3191 κινήσεις
553 3118 688 3200 διδειχύς,
703 3121 749 3180 καλ
764 3123 822 3178 καθ’
838 3119 910 3198 ὅρους
926 3121 966 3179 ἀεὶ
982 3121 1040 3202 βαί·
1130 3122 1324 3201 (Simplicius
1346 3123 1381 3181 ad
1405 3123 1569 3182 Aristotelis
1593 3124 1628 3181 de
1644 3123 1750 3182 totana
1776 3125 1831 3184 tib.
1848 3127 1871 3202 Ι,

258 3228 369 3278 νουσαν,
386 3207 431 3264 καὶ
453 3208 482 3264 ού
498 3206 590 3288 μέρεσι
609 3207 676 3287 μέρη
695 3204 713 3278 ἢ
729 3208 759 3267 τὸ
773 3207 834 3267 δλον
851 3207 1043 3286 γινώσκονται·
1092 3213 1140 3272 sol.
1161 3215 1194 3270 16
1212 3215 1245 3272 B.
1261 3211 1374 3291 Scripsi
1389 3212 1566 3285 1“συνήθως;
1583 3211 1668 3274 codd.
1685 3215 1816 3283 συνηθῶς.
1833 3247 1874 3260 -

289 3403 329 3448 46.
350 3400 508 3463 Propositum
525 3403 563 3450 est
578 3401 688 3451 refellere
709 3402 867 3464 Xenocratis,
884 3403 927 3464 qui
945 3397 1042 3452 Platoni
1092 3403 1183 3452 habere
1194 3415 1248 3453 eam
1260 3403 1444 3454 demonstrabat
1461 3403 1655 3467 :sedquoniam
1672 3408 1725 3454 tum
1737 3405 1782 3470 qui
1795 3407 1870 3470 rotgo

258 3488 393 3548 successit,
412 3487 443 3538 de
457 3487 538 3538 auimo
560 3489 715 3552 opinionem,
731 3490 774 3554 qui
796 3491 904 3540 animum
920 3503 975 3541 esse
993 3505 1040 3540 uu·
1088 3489 1179 3540 dieitur
1194 3503 1328 3554 numerus,
1341 3494 1395 3542 tum
1409 3491 1452 3556 qni
1464 3505 1495 3542 ex
1506 3491 1670 3552 monadibus,
1684 3495 1713 3542 ut
1729 3494 1869 3545 maibema-
1980 3543 1981 3550 ,

258 3589 354 3627 merum
373 3589 400 3626 se
422 3575 503 3639 ipsum
523 3579 663 3626 moventem
685 3576 791 3627 dicebat.
811 3577 861 3629 Sed
886 3578 1042 3642 perspicuum
1085 3577 1163 3640 tieus,
1179 3581 1233 3628 tum
1244 3579 1482 3644 quiexccrpcribus
1496 3579 1632 3630 individuis
1645 3583 1757 3630 eutactu
1772 3585 1870 3633 tautum
1980 3643 1981 3656 ³

257 3669 305 3726 est,
318 3665 340 3714 si
352 3665 387 3716 sic
403 3664 508 3727 dicebat,
524 3679 569 3730 pro
581 3679 611 3715 eo
623 3664 692 3728 quod
706 3669 810 3730 apparet
824 3667 877 3730 ejus
892 3667 1040 3717 sententiam
1085 3665 1129 3712 eut
1143 3663 1251 3726 peteuda
1260 3666 1285 3713 et
1296 3665 1362 3724 ectu,
1372 3667 1402 3713 ut
1412 3664 1569 3714 Democritus
1582 3665 1704 3724 censebat,
1717 3670 1762 3715 eut
1771 3667 1871 3718 omniuo
1980 3697 1981 3730 η

257 3755 327 3806 tacite
341 3767 412 3818 posse
423 3754 541 3814 miniari,
554 3767 641 3804 verum
652 3793 658 3815 ,
669 3753 736 3817 quod
748 3753 822 3804 etiam
836 3754 862 3803 iu
876 3753 1041 3818 superioribus
1085 3751 1117 3801 eb
1128 3751 1182 3800 aliis
1191 3753 1278 3800 mutuo
1290 3751 1341 3801 situ
1352 3751 1471 3815 separetis
1482 3755 1521 3802 est
1530 3752 1681 3815 compositus
1690 3753 1766 3802 dividi
1777 3757 1870 3819 potest,

256 3843 317 3906 disi,
337 3857 408 3892 nemo
422 3843 466 3906 qui
482 3843 522 3894 rei
538 3844 657 3894 extremis
677 3843 760 3907 digitis
774 3841 914 3906 disciptinas
933 3843 1042 3906 attigerit
1085 3838 1159 3888 simul
1167 3838 1254 3902 ipsein
1268 3839 1388 3891 divisione
1402 3843 1541 3904 spectatus,
1552 3840 1626 3891 simul
1638 3841 1744 3904 partium
1759 3855 1865 3894 suarum

255 3933 316 3984 tatia
326 3933 391 3982 dicet
405 3947 411 3975 :
425 3932 567 3984 Adstoteles
580 3947 649 3995 vero,
660 3937 689 3986 ut
703 3935 774 3994 sciet,
791 3933 981 3997 opinionisque
995 3947 1038 3998 up·
1085 3926 1271 3990 complementis
1290 3929 1316 3977 et
1330 3927 1451 3991 augustiis
1462 3927 1580 3990 prauitas
1586 3965 1596 3992 ,
1607 3926 1687 3978 abetis
1706 3928 1738 3978 ad
1750 3929 1869 3982 ,refuten-

256 4024 325 4084 peret
336 4020 462 4070 levitatem
474 4021 588 4072 confutat
607 4035 613 4063 τ
632 4021 679 4072 alia
696 4023 771 4084 igitur
787 4021 927 4071 communia
939 4034 993 4072 csse
1005 4023 1041 4072 eit
1084 4012 1144 4063 dum
1158 4015 1323 4065 Xenocratem
1336 4015 1497 4079 argumentis,
1517 4028 1599 4080 neque
1613 4015 1649 4065 ite
1663 4015 1795 4067 dividuum
1809 4031 1867 4069 csse

256 4107 314 4156 huic
327 4112 451 4173 precepto
463 4122 520 4158 cum
537 4109 682 4167 contutatis3
702 4123 857 4175 quecunque
870 4109 936 4160 enim
949 4123 1039 4172 seque-
1084 4105 1192 4154 animum
1205 4106 1333 4168 monstret,
1346 4119 1427 4171 usquc
1438 4110 1468 4157 ut
1483 4119 1629 4172 numerum,
1642 4119 1722 4171 nsque
1736 4109 1765 4158 nt
1780 4120 1867 4160 mons·

257 4195 408 4246 banturiitos
425 4196 546 4258 absurda,
560 4198 603 4262 qni
622 4198 731 4249 animum
750 4197 845 4248 moveri
863 4198 958 4258 dieunt,
975 4211 1005 4248 ee
1016 4201 1041 4248 et
1084 4193 1129 4244 des
1138 4196 1182 4244 ant
1194 4195 1300 4257 pundo,
1318 4206 1333 4244 e
1349 4194 1440 4259 quibus
1455 4196 1542 4260 utpote
1552 4195 1665 4247 indivisis
1678 4209 1793 4246 uumerus
1806 4211 1869 4248 con·

258 4283 325 4332 bunc
348 4287 482 4346 sequentur
496 4284 679 4346 affirmantem,
699 4298 829 4336 numerum
843 4299 899 4337 esse
916 4300 943 4336 sc
957 4287 1040 4351 ipsum
1069 4277 1143 4332 'stet
1156 4281 1352 4332 Numerusenim
1363 4296 1377 4332 e
1388 4282 1531 4346 corporibus
1547 4284 1695 4348 quibusdam
1707 4285 1869 4336 conflatueex

256 4373 413 4432 moventem;
433 4371 480 4420 aiis
494 4385 554 4420 vero
577 4372 691 4435 propria,
715 4375 838 4434 quatenus
857 4373 892 4421 ait
909 4385 1038 4421 numerum
1085 4369 1197 4420 consessu
1205 4370 1253 4432 ipsi
1263 4369 1345 4421 auimo
1356 4384 1405 4420 non
1413 4371 1542 4430 convenit,
1553 4373 1673 4438 siquidem
1683 4373 1776 4424 nullom
1788 4374 1869 4425 babet

256 4470 311 4508 esse
324 4457 440 4518 ouimnm,
456 4459 495 4506 cui
510 4471 575 4506 nunc
588 4457 696 4507 obsistit.
1083 4457 1284 4524 magnitudinem.
1295 4459 1447 4510 Xenocrates
1460 4458 1536 4524 igitur
1544 4460 1587 4524 qui
1596 4464 1622 4512 ot
1631 4461 1684 4526 ipss
1697 4463 1790 4512 termas
1799 4443 1868 4526 ipsso

286 4549 315 4596 ii
340 4545 494 4596 Aristotelem
507 4545 582 4596 enimi
595 4545 764 4596 definitionem
780 4549 943 4598 exenocrete
960 4548 1036 4598 tradi·
1084 4563 1199 4600 numeros
1211 4549 1317 4612 appellat
1335 4561 1482 4612 omnemque
1498 4549 1602 4601 formem
1615 4551 1783 4613 individuam,
1796 4553 1869 4614 quod

255 4637 306 4684 tam
317 4645 435 4697 purgare,
450 4647 481 4683 ne
499 4647 530 4684 cx
546 4633 642 4696 vulgari
654 4633 840 4684 nominumusu
857 4634 1037 4700 intelligamus,
1084 4653 1143 4690 vero
1158 4643 1274 4690 moretur
1294 4638 1424 4690 dividuum
1443 4652 1499 4691 esse
1518 4640 1582 4702 seit,
1595 4640 1695 4692 omnino
1714 4641 1788 4693 etiam
1809 4649 1869 4708 post

254 4725 367 4787 apertam
382 4725 428 4773 est.
448 4725 480 4772 at
491 4735 593 4786 operoso
609 4735 650 4772 res
661 4722 683 4772 ei
695 4723 819 4787 proposita
841 4725 893 4787 cst,
908 4725 1038 4776 ostendero
1082 4727 1175 4780 termas
1187 4728 1294 4780 mediam
1306 4727 1380 4779 animi
1392 4731 1505 4778 usturam
1519 4729 1632 4793 utrisque
1641 4730 1752 4781 tcnminis
1761 4730 1865 4794 indicat,

254 4811 329 4862 animi
340 4810 504 4861 substantiam
519 4825 617 4862 omnem
630 4811 775 4864 divisionem
785 4825 909 4877 superare,
926 4827 975 4864 non
983 4827 1037 4864 eam
1081 4829 1158 4881 quum
1167 4831 1295 4867 numerum
1306 4819 1377 4866 rootu
1387 4815 1506 4882 agitatum
1517 4829 1575 4868 eum
1584 4819 1756 4880 nominaverit,
1768 4821 1862 4885 quippe

253 4903 349 4952 tanturn
362 4913 418 4964 qum
431 4900 460 4950 tit
471 4913 515 4964 per
530 4900 718 4952 continuitatem
736 4919 742 4950 ο
757 4902 806 4952 iam
826 4903 893 4952 euim
912 4903 939 4952 id
951 4905 1021 4952 osten
1081 4907 1123 4968 qui
1138 4919 1186 4957 non
1197 4905 1338 4969 simpliciter
1352 4905 1431 4956 torma
1444 4904 1477 4954 sit
1493 4905 1629 4958 secundum
1642 4906 1735 4970 ipsum,
1753 4908 1797 4960 sed
1813 4909 1861 4958 boc

253 4987 304 5049 dit,
318 4989 452 5040 burnunem
462 4989 540 5053 ipsam
553 4990 683 5054 soorpcris
692 4990 800 5041 motibus
812 4991 994 5052 demonstraus,
1008 4993 1034 5042 et
1081 4998 1161 5045 totum
1171 5032 1177 5057 ,
1191 4994 1285 5046 scilicet
1298 4995 1375 5044 torino
1388 5009 1445 5058 ηοω
1456 4993 1483 5046 in
1493 4993 1639 5047 divisionem
1649 4996 1721 5062 qussi
1732 4996 1868 5050 descende·

254 5080 423 5142 perierminos
437 5093 533 5144 semper
553 5080 708 5142 tendentem,
724 5093 773 5130 nou
795 5082 879 5130 autem
897 5083 981 5143 portes
993 5081 1032 5131 voi
1083 5083 1130 5134 rit.
1144 5097 1190 5134 uec
1201 5086 1283 5134 tumen
1297 5095 1397 5147 prorsus
1410 5083 1489 5134 dividi
1500 5085 1594 5148 possit,
1608 5083 1653 5136 sed
1665 5099 1697 5136 ne
1713 5086 1795 5136 torma
1807 5087 1864 5152 qui·

254 5169 335 5218 toturn
347 5181 390 5230 per
408 5171 491 5232 partes
507 5173 692 5234 cognoscentem
710 5182 759 5219 reo
771 5169 825 5220 icec
840 5169 883 5219 ubi
896 5183 945 5218 nou
962 5169 1037 5220 modo
1080 5173 1136 5222 dem
1148 5185 1211 5235 pure
1224 5173 1336 5234 maneat,
1356 5185 1386 5222 ec
1402 5171 1469 5237 quod
1486 5173 1616 5226 recesserit
1634 5175 1660 5224 et
1678 5173 1865 5238 quodammodo

255 5269 304 5307 non
324 5269 421 5322 corpus,
437 5259 482 5311 sed
492 5273 524 5312 ne
542 5261 619 5311 uitam
638 5261 740 5324 quidem
757 5260 831 5312 attam
843 5261 1035 5326 magnitudinem
1080 5261 1206 5312 individuo
1223 5260 1264 5311 itia
1279 5259 1450 5323 conjunctione
1469 5261 1598 5314 exsolutus
1621 5261 1720 5314 medius
1736 5275 1851 5315 murense
