3882 5954
443 333 670 398 urfflcoautt
691 332 1029 400 Nicottncuuouult
1050 335 1332 410 ramesiensis,
1626 343 1688 405 loo

44 471 104 526 τοῦ
119 466 238 547 κέρδους
251 463 355 537 καὶτῆς
368 464 479 545 ζημίας,
499 472 545 528 τοῦ
558 466 705 548 μείζονος-ί,
722 465 853 548 ἀγαθοῦή
904 479 951 536 est,
967 477 1068 542 majoris
1088 476 1205 528 videlicet
1219 480 1264 528 aut
1280 476 1383 528 minoris
1394 475 1453 528 boui
1465 477 1506 528 vel
1519 477 1591 540 mali,
1606 478 1690 529 minus

44 561 170 629 κακοῦ,
187 553 235 616 καί
249 559 294 614 τοῦ
318 555 462 625 ἐλάττονος·
478 556 587 618 ἔλαττον
601 557 650 637 μὲν
661 565 707 619 τοῦ
727 557 857 637 μείζονος,
904 565 999 617 scilicet
1011 567 1113 632 majore,
1130 567 1212 632 majus
1226 566 1329 618 minore.
1350 567 1421 617 Hanc
1432 568 1517 617 autem
1528 579 1606 631 quam
1623 567 1690 618 dixi·

47 650 156 722 μεῖζον
173 643 204 704 δὲ
219 648 266 704 τοῦ
279 640 425 715 ἐλοίττονος.
438 643 504 708 Ὅτι
518 645 546 706 δὲ
560 646 604 706 ἐπὶ
615 651 662 720 τῆς
671 650 797 728 γραμμῆς
811 644 857 706 οὑ·
903 655 1059 716 ιουε,1ἰοοιο
1078 670 1132 708 esse
1151 655 1284 714 rationem.
1307 654 1469 707 manifestum
1485 658 1546 706 est:
1564 657 1606 706 Bo
1624 657 1690 708 emm

46 757 110 802 τως
127 733 192 814 ἔχει
203 778 212 812 ,
229 731 316 801 καθὼς
332 735 449 816 εἴρηται,
461 736 581 818 φανερόν·
592 741 609 810 ἡ
620 735 671 816 γάρ
685 737 718 816 βδ
731 735 855 816 ὑπερέχει
903 749 1004 810 superat
1016 747 1057 797 ot
1067 746 1121 810 ipse
1132 747 1175 798 GD
1187 765 1194 796 ε
1207 747 1250 798 Ga
1259 748 1344 795 autem
1360 748 1461 810 superat
1475 746 1518 794 ΑΙ)
1528 744 1614 796 eadem
1624 746 1668 796 du
1681 765 1687 795 :

47 828 105 896 τῆς
121 847 162 903 γα
175 827 211 904 τῇ
227 825 267 900 γδ·
280 827 298 895 ἡ
311 822 338 883 δέ
348 847 383 904 γα
393 824 518 906 ὑπερέχει
532 831 580 899 τῆς
592 827 625 886 αδ
638 830 672 906 τῇ
686 827 754 906 αὐτῇ
769 829 802 905 τῇ
815 827 856 898 γδ·
903 833 989 898 itaque
1002 837 1052 892 BD,
1065 835 1116 897 ct,
1127 836 1170 884 ΔΙ)
1182 833 1341 900 proportione
1353 833 1510 884 arithmetica
1524 833 1688 886 conveniunt:

49 909 131 971 ὥστε
148 916 178 972 αἱ
197 910 245 988 μὲν
258 913 307 992 βδ,
322 935 373 990 γα,
391 915 426 972 αδ
439 915 566 994 ἀνάλογον
581 915 675 996 έχουσι
689 913 759 974 κατὰ
778 915 855 996 ἀριθ-
903 922 985 974 media
996 926 1081 974 autem
1095 926 1135 974 est
1151 924 1201 983 ct,
1223 923 1316 988 quippe
1335 935 1394 987 qum
1416 922 1522 988 aequalis
1540 921 1576 972 illi
1589 923 1631 974 oB
1643 923 1688 983 sit,

53 1000 184 1079 μητικήν
201 999 355 1080 ἀναλογίαν·
378 1001 447 1081 μέση
462 1001 491 1062 δέ
506 1007 633 1076 ἐστινίὴ
652 1025 687 1081 γα
694 1049 703 1078 ,
726 1001 804 1074 ἡίση
823 1005 857 1083 τῇ
903 1025 961 1076 quae
981 1011 1061 1062 minor
1075 1014 1113 1062 est
1126 1025 1203 1077 quarn
1214 1014 1265 1072 BD,
1282 1010 1326 1062 scd
1340 1011 1420 1075 major
1430 1025 1507 1076 quarn
1526 1013 1583 1070 AD,
1603 1011 1691 1062 eadem

54 1095 107 1170 γβ,
122 1091 189 1164 ἥτις
205 1089 321 1150 ἐλάττων
338 1090 385 1168 μέν
397 1096 454 1152 ἔστι
468 1096 516 1164 τῆς
531 1095 576 1172 βδ,
592 1092 690 1170 μείζων
710 1089 737 1151 δὲ
752 1094 800 1163 τῆς
814 1093 857 1164 αδ,
903 1099 946 1150 illa
965 1097 1017 1160 oo,
1041 1114 1092 1165 qua
1109 1103 1135 1150 et
1154 1103 1286 1164 superatur
1302 1102 1328 1150 et
1346 1103 1457 1165 superat.
1478 1098 1527 1152 Sed
1541 1099 1599 1150 iude
1614 1100 1691 1151 etiam

56 1185 94 1260 τῇ
115 1182 190 1259 αὐτῇ
203 1183 236 1259 τῇ
251 1181 283 1258 γδ
294 1180 473 1258 ἐλαττουμένη
492 1181 538 1241 καί
554 1183 733 1262 ὑπερέχουσα.
749 1177 814 1242 'Era
829 1181 857 1241 δὲ
903 1189 1058 1254 intelligitur,
1074 1188 1101 1242 id
1115 1188 1183 1252 quod
1193 1189 1292 1254 justum
1300 1191 1339 1240 est
1352 1193 1378 1240 et
1393 1189 1505 1254 aequale,
1522 1190 1688 1254 proportione,

57 1269 108 1328 καὶ
122 1269 226 1330 ἐκεῖθεν
240 1269 329 1344 δῆλον,
349 1269 378 1328 τὸ
395 1269 495 1330 δίκαιον
511 1269 558 1330 καί
571 1271 602 1330 τδ
619 1269 676 1330 ἴσον
698 1269 777 1349 μέσον
793 1268 857 1330 ἀνά-
905 1277 1044 1342 etquidem
1067 1277 1236 1337 arithmetica,
1255 1277 1366 1328 madium
1388 1291 1442 1329 esse
1458 1277 1542 1328 damni
1565 1281 1590 1328 et
1606 1277 1689 1328 lucri:

57 1360 142 1436 λογον
171 1349 239 1418 εἶναι
262 1361 308 1430 τῆς
331 1358 427 1434 ζημίας
444 1359 491 1419 καί
510 1364 556 1418 τοῦ
581 1358 703 1438 κέρδους,
722 1357 792 1418 κατὰ
806 1358 854 1432 ιήν
904 1367 955 1418 siut
972 1370 1024 1420 tres
1038 1371 1113 1419 rectae
1125 1367 1197 1418 lineae
1212 1367 1326 1418 interce
1347 1367 1603 1432 aequanimitas,
1622 1367 1689 1418 oo:

61 1445 247 1526 ἀριθμητικὴν
266 1445 418 1526 ἀναλογίαν·
448 1446 569 1511 ἔστωσαν
593 1455 662 1529 τρεῖς
684 1449 783 1508 εὐθεῖαι
800 1445 857 1508 ίσαι
904 1464 1003 1512 secetur
1023 1463 1108 1512 autern
1129 1463 1170 1511 tt
1191 1459 1306 1512 bifariam
1330 1460 1395 1510 circa
1416 1461 1446 1519 Ε,
1462 1463 1488 1510 et
1504 1459 1626 1511 chirca
1647 1463 1689 1510 Z:

904 1549 993 1602 deinde
1006 1550 1136 1601 auferatur
1148 1549 1182 1600 ab
1195 1551 1236 1599 ΛΑ
1250 1549 1313 1600 linea
1332 1563 1390 1614 pars
1398 1551 1458 1598 tu:
1475 1549 1634 1614 perspicuum
1647 1549 1693 1613 igi·

905 1643 948 1692 tur
968 1643 1018 1700 est,
1041 1641 1086 1692 GG
1099 1639 1218 1704 majorem
1241 1637 1354 1688 futuram
1372 1653 1450 1704 quam
1467 1640 1521 1698 ut,
1545 1638 1599 1703 ipsa
1625 1639 1665 1689 oz
1684 1655 1690 1686 ι

905 1727 1013 1778 addatur
1025 1729 1110 1792 postea
1125 1739 1184 1790 quse
1193 1724 1307 1776 aufertur
1320 1726 1352 1776 ab
1363 1729 1404 1776 ΑΛ
1423 1725 1456 1777 ad
1473 1727 1531 1786 GG.
1546 1729 1572 1777 et
1585 1726 1617 1777 sit
1628 1727 1691 1776 Do:

905 1818 1006 1880 apparet
1020 1827 1078 1878 ergo
1090 1815 1135 1867 Do
1146 1813 1266 1878 majorem
1280 1813 1394 1864 futuram
1413 1827 1490 1879 quarn
1506 1814 1562 1872 itt,
1580 1814 1635 1878 ipsa
1648 1815 1693 1864 Do

905 1906 930 1953 et
944 1905 990 1955 GZ.
1009 1902 1104 1963 Quodsi
1122 1905 1241 1954 extremae
1260 1905 1335 1953 rectae
1351 1902 1423 1953 liueoe
1441 1905 1525 1967 partes
1541 1901 1574 1952 sd
1589 1901 1694 1966 equali-

905 1995 983 2044 tatem
1010 1994 1081 2045 nobis
1105 1991 1245 2056 redigendas
1266 1993 1335 2051 sunt,
1357 1992 1406 2042 hoc
1425 2005 1470 2056 per
1490 1993 1531 2042 BB
1554 1988 1692 2040 faciemus:

907 2085 1026 2147 tanquam
1045 2095 1157 2132 normam
1171 2083 1237 2132 enim
1254 2080 1291 2132 illi
1309 2082 1353 2132 du
1368 2077 1475 2146 aptando
1494 2079 1694 2144 exsuperantiam

905 2171 1022 2222 tollemus
1036 2189 1043 2221 ι
1059 2185 1136 2236 quem
1152 2171 1185 2222 ad
1199 2172 1240 2220 ΑΛ
1261 2169 1419 2234 apponendo,
1433 2169 1460 2220 id
1481 2169 1550 2235 quod
1568 2168 1637 2220 deest
1648 2168 1694 2220 ad-

68 2263 211 2341 ἅλλήλαις,
227 2265 255 2322 αἱ
267 2285 313 2334 αα,
331 2265 378 2342 pp,
392 2285 434 2340 φφ·
445 2259 588 2340 τετμήσθω
599 2259 626 2320 δὲ
642 2266 703 2334 §M
715 2260 779 2342 δίχα
788 2260 859 2322 κατὰ
904 2257 994 2310 demus
1007 2261 1100 2325 :atque
1113 2260 1149 2310 ita
1161 2273 1250 2310 rursus
1258 2257 1368 2323 aequslea
1376 2259 1441 2309 inter
1455 2272 1482 2309 se
1491 2261 1565 2309 erunt
1576 2262 1694 2310 extremae

67 2355 103 2415 τὸ
117 2378 138 2428 ι,
153 2353 171 2427 il
185 2351 234 2412 τειὶ
248 2375 282 2432 γγ
300 2351 410 2412 κατὰτὸ
424 2355 447 2421 ζ·
464 2350 510 2410 καί
526 2350 672 2430 ἀφῃρήσθω
689 2349 741 2410 ἀπὸ
757 2354 805 2422 τῆς
822 2374 859 2410 αα
906 2351 997 2414 Wlffl-
1023 2351 1080 2414 llm
1101 2362 1161 2399 V0¹⁰
1182 2362 1240 2413 ‘11¹1‘³
1261 2347 1433 2412 ae‘iualifflssm
1449 2347 1514 2397 hanc
1531 2347 1627 2398 inducit
1644 2349 1692 2407 RB,

68 2450 89 2516 ἡ
107 2467 145 2503 αι·
159 2441 269 2523 φανερὸν
284 2441 316 2514 δή
328 2485 336 2512 ,
348 2439 389 2501 ὅτι
403 2445 464 2518 ἡγγ
477 2438 574 2516 μείζων
585 2438 660 2500 ἔσται
673 2443 720 2511 τῆς
734 2462 765 2499 ια
775 2443 808 2519 τῇ
818 2441 858 2518 γζ·
906 2438 988 2489 medio
999 2439 1048 2489 θῐίί
1064 2437 1223 2488 arithmetico
1233 2437 1391 2502 proportione
1402 2435 1470 2486 illius
1481 2436 1527 2486 DG
1538 2438 1563 2486 θδ
1574 2437 1616 2486 ΕΛ
1630 2451 1636 2482 t
1649 2436 1695 2488 DG

69 2529 237 2609 προσκείσθω
252 2529 280 2588 δὲ
291 2534 309 2603 ἡ
320 2531 491 2608 ἀφαιρεθεῖσα
505 2531 553 2598 τῆς
567 2550 602 2586 αα
618 2531 653 2608 τῇ
670 2550 713 2606 γγ,
728 2524 776 2586 καί
791 2527 860 2588 έστω
907 2531 972 2582 euim
987 2532 1027 2580 BB
1047 2530 1101 2595 ipsa
1118 2531 1164 2581 Do
1182 2531 1300 2594 superat,
1317 2520 1358 2578 B'B
1369 2531 1455 2578 autem
1466 2529 1508 2578 ΕΑ
1520 2527 1608 2578 eadem
1624 2529 1670 2580 Do
1687 2545 1693 2578 ;

69 2625 89 2693 ἡ
104 2621 143 2700 δγ·
157 2617 267 2700 φανερδν
278 2617 327 2690 δή,
344 2616 385 2674 ὅτι
408 2621 426 2688 ἡ
441 2619 474 2693 δγ
488 2615 583 2694 μείζων
600 2617 657 2676 ἐστὶ
672 2619 719 2688 τῆς
741 2638 771 2676 εα
784 2621 818 2696 τῇ
830 2639 860 2676 τε
907 2619 975 2671 idern
989 2619 1137 2670 ceronatam
1147 2619 1172 2668 in
1183 2619 1239 2684 jure
1249 2617 1388 2682 corrigendi
1403 2617 1430 2668 vi
1439 2617 1547 2683 praedito
1555 2618 1639 2668 locum
1652 2617 1696 2668 laa-

70 2710 107 2786 δγ
119 2707 164 2767 καί
184 2709 275 2789 τῇγζ.
297 2708 332 2768 Εἴ
355 2705 443 2766 τοίνυν
465 2705 553 2776 δεήσει
573 2709 624 2764 τῶν
643 2704 731 2786 ἀκρων
753 2707 859 2765 εὐθειῶν
907 2711 981 2775 bere,
998 2708 1239 2775 expraecedentihus
1257 2711 1368 2772 apparet.
1388 2709 1483 2759 Verum
1496 2707 1580 2758 hocin
1599 2707 1696 2758 artibus

69 2797 122 2869 τήν
135 2796 245 2870 ἰσότητα
264 2796 459 2875 ἐπαναγαγεῖν,
481 2793 524 2854 διά
539 2797 586 2866 τῆς
600 2798 635 2875 ββ
655 2799 732 2854 τοῦτο
745 2795 860 2868 ποιήσο-
905 2813 1006 2866 ηυοηυε
1018 2797 1145 2862 contingit.
1159 2799 1229 2848 Tunc
1241 2796 1307 2847 anim
1319 2797 1381 2848 bene
1393 2811 1420 2848 se
1432 2795 1525 2848 habent
1536 2799 1562 2847 et
1572 2799 1693 2856 coustant,

73 2909 132 2962 μεν·
158 2883 246 2964 ὥσπερ
269 2884 320 2964 γδρ
345 2885 444 2944 κανόνα
472 2887 505 2962 τῇ
530 2884 563 2964 γδ
589 2881 787 2965 ἐφαρμόσαντος
811 2882 860 2956 τήν
906 2903 985 2956 worn
999 2889 1031 2939 iis
1047 2901 1111 2952 opus
1124 2886 1259 2946 hebemus,
1276 2897 1305 2936 ac
1317 2888 1416 2936 tanturn
1429 2884 1568 2936 artificibus
1579 2899 1693 2950 egemus,

73 2971 205 3056 ὑπεροχὴν
222 2977 379 3056 ἀφελοῦμεν·
391 2971 605 3054 ίέφαρμόσαντες
616 2971 642 3032 δὲ
657 2975 690 3052 τῇ
706 2994 756 3044 αα,
770 2970 802 3031 τδ
816 2973 860 3032 ἐλ-
901 2982 1029 3046 ¹quantum
1044 2977 1092 3042 ipsi
1106 2976 1215 3028 artifices
1232 2976 1274 3026 vel
1285 2975 1377 3026 laboris
1395 2976 1428 3026 ad
1447 2979 1515 3027 artes
1528 2989 1587 3026 suas
1599 2975 1696 3040 impen-

72 3065 163 3122 λεῒπον
187 3061 383 3143 προσθήσομεν·
409 3061 455 3121 καλ
485 3061 568 3130 οὑτως
591 3059 697 3121 ἔσονται
729 3061 809 3121 ποίλιν
833 3064 860 3120 αί
906 3065 1115 3118 duntveldamni
1129 3064 1281 3114 contrahunt
1298 3079 1304 3109 ι
1322 3065 1417 3130 quippe
1430 3064 1465 3115 ita
1484 3062 1569 3114 licebit
1583 3061 1694 3126 efficere,

76 3147 156 3228 ἄκραι
170 3149 227 3208 ἴσαι
242 3149 382 3220 ἀλλήλοις.
397 3149 471 3223 Αὑτη
491 3147 524 3222 δή
537 3152 554 3220 ἡ
567 3147 615 3220 τήν
630 3149 743 3220 ἰσότητα
763 3149 861 3208 ἐπανά·
907 3158 936 3206 ut
949 3155 1085 3206 consistent
1098 3151 1253 3216 artifices,si
1270 3153 1385 3204 lacunam
1402 3153 1438 3203 rei
1451 3151 1581 3204 faurillaris
1595 3165 1641 3217 per
1654 3166 1696 3202 eos

74 3258 156 3314 γουσα
173 3241 218 3317 ββ,
246 3237 315 3314 μέση
345 3235 472 3314 ἀνάλογόν
492 3233 571 3296 ἐστιι
592 3235 662 3297 κατά
686 3237 860 3318 ἀριθμητικὴν
906 3244 951 3309 qui
969 3244 1081 3309 ipsorum
1104 3245 1158 3293 arte
1173 3244 1262 3304 egent,
1280 3241 1403 3306 expleant.
1429 3239 1479 3292 Sed
1493 3241 1515 3290 si
1536 3239 1575 3290 illi
1594 3239 1696 3305 quidem

77 3330 125 3398 τῆς
137 3327 167 3403 δγ
180 3326 225 3384 καί
246 3349 286 3384 εα·
301 3329 318 3400 ἡ
333 3326 381 3402 μὲν
395 3324 447 3407 γάρ
465 3328 497 3405 δγ
511 3331 559 3399 τῆς
580 3331 615 3406 ββ
629 3327 753 3407 ὑπερέχει
766 3333 801 3408 τῇ
816 3329 859 3408 δγ,
906 3346 1006 3398 operam
1026 3333 1119 3382 navant
1138 3344 1248 3396 suasque
1265 3332 1333 3381 artes
1349 3334 1481 3392 exercent,
1495 3329 1523 3380 lai
1545 3333 1632 3381 autern
1651 3331 1697 3396 qui

76 3421 96 3487 ή
110 3416 135 3475 δὲ
151 3419 185 3495 ββ
197 3419 244 3486 τῆς
262 3439 293 3476 τοι
316 3415 440 3496 ὑπερέχει
456 3419 489 3496 τῇ
512 3417 580 3497 αὐτῇ
602 3421 635 3497 τῇ
659 3417 699 3495 δγ·
714 3415 755 3475 δτι
773 3416 861 3478 δὲκαὶ
907 3422 1099 3480 emendicent,
1116 3419 1193 3472 idest
1206 3419 1252 3485 qui
1266 3420 1394 3485 tuageni,
1409 3435 1459 3470 non
1476 3421 1512 3471 ite
1532 3419 1654 3472 sustinent
1667 3423 1696 3470 ut

77 3503 122 3564 ἐπὶ
136 3510 179 3564 τοῦ
195 3507 363 3585 διορθωτικοῦ
378 3503 481 3562 δικαίου
501 3503 531 3562 τδ
548 3503 612 3562 αὐτὸ
635 3503 792 3580 συμῦαίνει,
809 3529 861 3588 φα·
906 3511 943 3562 illi
954 3525 997 3562 cas
1009 3512 1140 3571 exercent,
1153 3509 1199 3562 sod
1212 3509 1403 3568 multominus,
1419 3509 1481 3559 nihil
1495 3509 1623 3569 obstabit,
1636 3523 1695 3574 quo-

81 3591 152 3673 νερδν
171 3595 200 3652 ἐκ
224 3595 277 3651 τῶν
304 3590 461 3672 εἰρημένων.
485 3592 573 3651 Τοῦτο
586 3591 613 3650 δὲ
630 3591 676 3651 καί
692 3592 802 3654 ἐπὶτῶν
817 3617 859 3653 τε·
908 3603 990 3653 minus
1007 3615 1093 3652 omnes
1102 3603 1213 3666 pereant.
1229 3603 1386 3665 Quapropter
1400 3601 1426 3650 el
1436 3599 1478 3649 hic
1489 3600 1629 3650 necessario
1641 3613 1694 3651 me·

80 3686 149 3762 χνῶν
162 3681 311 3759 συμῦαίνει.
329 3678 458 3758 Τότεγδιρ
470 3671 499 3739 εῦ
510 3680 600 3758 ἔχουσι
614 3680 661 3740 καί
680 3681 859 3757 συνίστανται,
906 3692 976 3742 dium
988 3694 1014 3742 et
1031 3691 1129 3756 aequale
1144 3689 1289 3754 requiritur,
1307 3689 1376 3754 quod
1392 3685 1458 3737 inter
1473 3684 1594 3736 damnum
1613 3688 1639 3736 et
1651 3685 1693 3735 lu·

80 3771 140 3829 ὅταν
156 3773 181 3829 ἐν
195 3769 273 3852 χρείᾳ
287 3769 386 3829 τούτων
399 3767 553 3846 γενώμεθα,
570 3769 615 3828 καί
635 3775 758 3830 τοσοῦτον
772 3795 860 3852 τεχνι·
907 3793 977 3833 crum
992 3777 1151 3843 interjectum
1165 3778 1212 3826 cst.

80 3863 130 3918 τῶν
143 3859 273 3936 δεώμεθα,
286 3857 346 3917 ὅσον
363 3856 438 3916 αὐτοὶ
450 3855 512 3936 περὶ
527 3855 575 3929 τήν
587 3861 683 3936 τέχνην
694 3863 803 3918 πονοῦσι
814 3859 860 3920 καὶ

80 3953 236 4027 ζημιοῦνται·
251 3945 320 4007 οὑτω
340 3945 391 4026 γάρ
406 3945 513 4004 δυνατὸν
530 3947 684 4004 συνιστάναι
699 3945 757 4014 τοῦς
773 3948 859 4028 τεχνί-

81 4063 138 4111 τας,
154 4037 199 4109 rip
214 4037 315 4096 ἔνδειαν
329 4033 404 4117 παρά
419 4037 469 4094 τῶν
486 4033 616 4112 δεομένων
631 4037 856 4115 ἀναπληροῦντας.

82 4129 114 4188 Ei
128 4125 153 4186 δὲ
171 4128 194 4186 οἱ
209 4126 256 4205 μίν
272 4131 381 4185 πονοῦσι
394 4124 439 4184 καί
455 4128 560 4182 ποιοῦσι
576 4122 623 4190 τάς
636 4123 743 4204 τέχνας,
763 4128 786 4183 σί
806 4125 859 4183 ποί·

83 4239 183 4296 σχοντις
203 4215 230 4274 δὲ
250 4215 342 4288 αὐτάς,
356 4215 381 4272 ol
403 4211 521 4288 δεόμενοι
537 4214 625 4271 αὐτῶν
645 4213 784 4286 δηλονότι,
810 4216 861 4293 οὐχ

83 4305 149 4363 οὑτω
169 4304 315 4384 πάσχουσιν
343 4307 379 4370 ὡς
405 4301 499 4362 taetros
521 4306 654 4374 ποιοῦσιν,
682 4300 749 4360 ἀλλά
769 4303 860 4382 πολλῷ

84 4393 203 4465 ἔλαττον,
218 4391 291 4452 οὐδὲν
309 4389 408 4451 κωλύει
431 4389 521 4456 πείσας
536 4391 692 4450 ἀπολέσθαι.
712 4387 764 4449 Διά
784 4393 861 4448 τοῦτο

84 4483 227 4542 κάνταῦθα1
241 4480 272 4540 τὸ
295 4481 374 4560 μέσον
390 4477 436 4538 καί
456 4476 486 4536 τὸ
509 4476 565 4536 ἴσον
587 4476 729 4558 ἀναγκαῖόν
743 4478 830 4551 έστιν,
847 4477 863 4538 ἀ

84 4574 138 4632 ἔστι
151 4570 246 4646 μεταξθ
259 4567 355 4647 ζημίας
369 4567 415 4627 καί
430 4565 546 4648 κέρδους.

122 4661 133 4687 *
144 4663 235 4720 Ταῦτα
245 4659 273 4719 δὲ
284 4657 319 4717 τδι
329 4658 460 4734 ὀνόματα,
472 4659 489 4727 ἡ
501 4653 584 4732 ζημία
597 4652 643 4713 καί
659 4653 688 4713 τὸ
704 4654 805 4735 κέρδος,
818 4654 862 4714 λέ·
908 4711 926 4762 d
938 4651 999 4734 ῌῇέὓ
1008 4650 1092 4756 aulo}
1105 4641 1498 4755 Πθῖθῑὲἶρῃθὲρῖγῦῗὲγὶρὲὲῗῐξὶᾞέῦ
1504 4637 1694 4749 hliogtliigfflo

83 4773 155 4827 7⁵³²*
168 4747 213 4826 μίν
227 4748 322 4829 κυρίως
338 4745 383 4805 ἐπὶ
406 4749 458 4804 τῶν
474 4745 599 4804 ἑκουσίων
615 4743 860 4822 συναλλαγμάτων,
909 4723 1277 4840 ρίιίίῦίηᾳάίίιθάἀίίαιυείυωεο
1288 4727 1366 4816 etiarn
1377 4763 1410 4814 ad
1426 4777 1467 4814 res
1479 4714 1693 4812 donegvoluutarias

84 4836 179 4918 ἐλήφθη
194 4837 222 4896 δέ
236 4839 282 4896 καὶ
298 4834 343 4894 ἐπί
357 4836 409 4892 τῶν
426 4833 569 4893 ἀκουσίων.
585 4831 700 4910 Λέγεται
711 4831 762 4912 γάρ
772 4831 862 4900 ἁπλῶς
909 4835 1101 4886 transferuntur.
1113 4830 1212 4880 Dicitur
1230 4831 1294 4904 enim
1307 4825 1452 4898 simpliciter
1464 4823 1569 4898 lucrari,
1582 4823 1626 4888 qui
1637 4823 1694 4886 plus

85 4926 241 5006 κερδαίνειν,
268 4926 299 4985 τὸ
325 4923 476 4994 κτήσασθαι
491 4921 599 4982 πλείονα
613 4913 650 4982 ὧν
667 4945 705 4989 τις
726 4920 862 4994 κέκτηται·
908 4911 996 5010 ffiffln
1011 4893 1270 5020 ῗέἑὲωίῗθὲξξᾶξῄῗξξὲ
1287 4885 1693 5020 ffifflrgvgrineffflfflffieffi

85 5017 177 5094 ὁμοίως
190 5013 236 5074 καί
260 5017 437 5094 ζημιοῦσθαι,
454 5010 484 5070 τὸ
508 5009 658 5084 κτήσασθαι
679 5009 803 5071 ἐλοίττονα
824 5002 862 5071 ὧν
909 5022 956 5073 sibi
968 5019 1101 5086 acquisivit
1117 5037 1123 5068 ι
1142 5015 1186 5068 sod
1203 5017 1267 5067 bona
1280 5027 1388 5080 quorum
1408 5013 1434 5063 in
1454 5024 1607 5076 possessione
1622 5023 1692 5074 prius

92 5125 1686 5160 Μ

115 5219 128 5246 *
145 5219 255 5281 Ἔλήλυθε
269 5219 296 5272 δὲ
307 5218 339 5270 τὰ
348 5217 461 5282 ὀνόματα
469 5221 549 5268 ταῦτα
558 5218 610 5268 κτλ.
