3938 5968
190 454 283 529 ἡδονὴν
299 455 423 520 έόούλετο
435 458 541 534 λαὸεῖν,
555 463 651 528 ἱκανῶς
665 460 697 520 δν
711 452 781 544 εἶχεν
793 465 810 535 ἡ
826 466 968 526 κοινωνία·

188 547 210 604 εί
226 545 280 606 θέθ
299 545 347 624 μέν
362 547 452 628 τέρψιν
479 547 579 626 ἐζήτει,
596 553 610 608 δ
630 547 658 608 δέ
673 549 781 631 κέρδος,
797 552 842 614 καί
856 556 871 612 δ
889 554 938 631 μέν
959 553 973 614 θ

188 633 274 706 ἐζήτει
297 634 440 711 έλαὸεν,θ
465 636 570 715 δίμή,
595 640 643 698 οὐκ
665 640 696 699 ἂν
722 641 762 714 είη
787 643 817 702 τὸ
836 644 905 705 κατδι
928 643 974 718 τὴν

187 723 324 784 κοινωνίαν
350 727 460 795 καλῶς·
486 717 523 788 ὧν
548 726 600 809 γάρ
619 729 728 798 ίκαστος
753 731 854 806 δεῖται,
876 733 974 795 τούτων

187 812 263 874 ἕνεκα
277 814 383 878 δίδωσιν
400 815 417 876 ἀ
430 817 556 897 τυγχάνει
574 817 732 895 κεκτημένος
747 821 832 888 αιἰτός.

228 901 376 984 (Scripsi:
423 907 546 984 ἐπειδὰν]
570 907 661 985 vulgo
679 909 735 970 insi
750 911 772 970 δ’
789 909 833 974 ἀν.
848 907 916 958 -θ
932 935 973 972 κι-

187 993 319 1074 θαρῳδῷ]
334 993 400 1056 cod.
414 995 553 1077 κιθαρωδῷ
565 1031 605 1041 -
619 996 630 1077 )

509 1187 580 1267 ίίεφ.
604 1183 642 1265 β’.

186 1353 245 1417 Περὶ
256 1359 299 1406 τοῦ
310 1354 372 1412 τίνος
382 1353 446 1405 ἐστὶν
460 1355 522 1420 iuri
535 1355 591 1406 άνευ
610 1355 764 1419 διομολογίας
779 1359 895 1423 γινομένη
909 1357 975 1424 εὔερ-

218 1427 290 1494 γεσίφ
299 1430 343 1487 τήν
357 1429 460 1490 ἀμοιδην
474 1428 583 1478 τάττειν·
600 1430 641 1477 καὶ
655 1429 691 1478 ίτι
700 1431 751 1493 περὶ
764 1435 805 1490 τῆς
817 1430 870 1482 κατ’
889 1433 974 1496 ἀρετὴν

218 1501 311 1558 καὶτῆς
325 1501 388 1550 κατὰ
401 1501 428 1551 nd
438 1501 557 1567 χρήσιμον
569 1501 648 1565 φιλίας
664 1502 689 1552 ir
706 1501 872 1567 ἠδιομολογία
891 1505 919 1554 οὐ
936 1503 973 1566 γί-

218 1587 293 1622 νεται.
406 1613 407 1618 ,

226 1720 294 1782 ’Ἐν
310 1713 410 1800 μὲνοῦν
426 1730 482 1790 ταῖς
495 1721 625 1802 ἀνομοίοις
637 1723 735 1803 φιλίαις
743 1725 773 1786 τὸ
788 1725 916 1806 ἀνάλογον
926 1725 973 1786 καί

185 1812 244 1870 κατΙ
262 1809 337 1880 ἀξίαν
354 1814 488 1884 ζητεῖται·
507 1811 606 1893 ἀπορία
623 1811 651 1871 δι’
667 1813 739 1886 ίστι,
762 1813 872 1895 πότερος
886 1813 975 1895 κύριος

185 1899 288 1962 τάττειν
305 1898 379 1969 ἀξίαν
394 1899 523 1976 άμοιύήν,
538 1903 553 1960 θ
574 1899 725 1981 προϊέμενος
736 1945 745 1976 ,
758 1901 776 1974 ἢ
788 1906 802 1961 θ
816 1903 971 1980 λαμόάνων.

185 1984 221 2046 Ὁ
240 1987 291 2069 γάρ
313 1990 466 2068 προϊέμενος
482 1988 565 2050 ίοικιν
583 1991 733 2071 ἐπιτρέπειν
755 1994 794 2073 τῷ
808 1992 972 2070 λαμόάνσντι

184 2071 262 2141 τάξαι
275 2073 323 2146 τὴν
337 2075 412 2144 ἀξίαν
427 2077 557 2154 άμοιόήν,
574 2075 664 2158 ὥσπερ
683 2079 862 2160 Πρωταγόρας
878 2081 970 2140 ἐποίεε·

184 2162 243 2231 τούς
262 2165 314 2245 γάρ
335 2167 460 2246 φοιτητὰς
476 2173 523 2242 τῆς
544 2169 716 2236 διδασκαλίας
741 2169 785 2230 τὸν
810 2171 901 2248 μισθὸν
925 2175 972 2232 οθκ

185 2253 263 2324 αὐτὸς
282 2257 428 2336 ὁριζόμενος
443 2256 556 2338 ἀπῄτει,
580 2257 640 2317 ἀλλ’
657 2256 750 2326 αὐτούς
774 2259 877 2318 ἐκέλευε
892 2270 972 2342 τιμᾷν

184 2343 247 2405 δσου
275 2347 422 2424 νομίζουσιν
460 2346 520 2417 ἀξια
545 2347 745 2427 μεμαθηκέναι,
773 2349 819 2408 καὶ
851 2357 973 2410 τοσοῦτον

185 2435 345 2513 ίλάμύανεν.
373 2437 421 2508 Ἔν
446 2445 503 2506 ταῖς
527 2438 660 2508 τοιαύταις
687 2438 715 2498 δέ
743 2437 891 2508 κοινωνίαις
911 2439 972 2501 ἔνιοι

184 2533 243 2592 ταῖς
258 2526 394 2608 ἀναλόγως
407 2525 532 2607 ἀμοιόαῖς
547 2531 706 2610 ἀρκοῦνται,
720 2525 766 2586 καὶ
780 2527 904 2607 ἀγαπῶσι
919 2529 974 2595 τοῖς

185 2611 326 2676 Ἡσιόδου·

313 2768 404 2824 Μισθὸς
414 2765 434 2816 δ’
448 2767 517 2834 ἀνδρί
529 2766 610 2832 ἀρκιος
621 2765 658 2827 είη
669 2779 674 2792 ·
687 2780 699 2808 ⁸

188 2901 214 2928 '¹'
228 2901 263 2960 Oi
279 2899 306 2958 δέ
323 2903 455 2980 ἀγοραῖοι,
473 2901 519 2960 καί
534 2903 592 2961 κατ’
613 2899 744 2984 έμπορίαν
756 2909 813 2970 ταῖς
828 2902 973 2972 κοινωνίαις

184 2987 316 3068 χρώμενοι
327 2988 411 3048 πλείω
425 2994 565 3067 ζητοῦσιν,
581 2989 625 3050 ott
644 2990 690 3050 καί
703 2990 880 3072 προλαύόντες
891 2993 971 3054 ἐνίοτε

184 3078 334 3157 τάργύριον,
383 3077 428 3138 καί
443 3077 538 3140 αὐτίκα
561 3079 653 3140 δώσειν
672 3078 908 3158 ἐπαγγειλάμενοι,
924 3085 971 3144 οὐκ

184 3168 372 3242 ἀποδιδόασιν,
388 3169 447 3228 olet
463 3174 582 3229 ποιοῦσιν
600 3169 672 3229 οὐδέν
688 3159 724 3228 ὧν
737 3167 856 3250 έφασαν·
872 3169 918 3230 καί
927 3174 969 3249 lp-

184 3258 327 3315 καλοῦνται
349 3257 473 3329 δικαίως,
497 3256 536 3318 ότι
562 3258 595 3318 τδι
622 3257 685 3338 ίργα
714 3266 771 3326 ταῖς
802 3259 972 3338 ἀπαγγελίαις

184 3345 400 3425 ὖπερύάλλουσι·
428 3347 470 3406 δεδι
494 3351 571 3407 τοῦτο
593 3347 639 3407 καὶ
660 3349 684 3408 οί
699 3351 822 3425 σοφισταί
845 3351 874 3408 οὗ
898 3350 970 3408 διδά-

78 3443 89 3454 ,,
97 3417 347 3454 „mxu-...est

184 3460 247 3495 σκθίί

250 3458 276 3494 σι
298 3436 359 3514 πρὶν
385 3437 477 3511 μισθὸν
493 3435 583 3495 λαθεῖν
606 3441 653 3508 τῆς
669 3437 857 3512 διδασκαλίας,
875 3438 919 3498 διά
937 3440 968 3500 τὸ

184 3521 285 3600 μηδένα
300 3522 332 3582 δν
348 3523 437 3582 δοῦναι
457 3523 579 3604 ἀργύριον
597 3515 633 3583 ὧν
655 3525 806 3601 μεμάθηκεν
824 3527 917 3598 ἕνεκα,
930 3527 970 3588 ὅτι

184 3613 289 3694 φαῦλα·
305 3614 527 3692 ἐπαγγελλόμενοι
547 3613 575 3673 δέ
591 3613 695 3693 μεγάλα
714 3615 845 3694 διδάξειν,
858 3617 969 3695 λαμόά-

183 3723 256 3763 νουσε
271 3701 318 3780 μίν
334 3703 379 3762 τόν
393 3704 507 3778 μισθόν,
531 3703 685 3764 διδάσκουσι
699 3703 726 3762 δὲ
742 3703 776 3765 τά
792 3707 945 3785 φαυλότατα
961 3729 968 3744 ·

183 3781 252 3852 οὗτοι
270 3792 317 3870 μέν
330 3783 374 3852 οάν
389 3784 426 3852 ὧν
441 3793 536 3854 έλαύον
550 3793 593 3853 τὸν
611 3793 702 3872 μισθὸν
720 3791 758 3873 μὴ
774 3801 923 3875 ποιοῦντες,
935 3800 970 3857 εί-

183 3878 266 3948 κότως
280 3883 306 3939 έν
318 3875 484 3962 έγκλήμασίν
508 3886 584 3945 εἰσιν.

223 3968 263 3994 *'*
283 3968 331 4030 Ἐν
346 3962 386 4040 αἷς
398 3972 425 4031 δέ
439 3973 584 4040 κοινωνίαις
597 3974 626 4031 οὖ
642 3973 742 4053 γίνεται
758 3975 910 4056 διομολογία
924 3979 970 4050 τῆς

184 4058 296 4136 άμοιάῆς
308 4057 325 4131 ἢ
339 4063 384 4133 τῆς
399 4063 555 4142 ὑπουργίας,
578 4065 601 4122 σί
618 4062 665 4140 μίν
684 4065 844 4144 ὠφελοῦντες
859 4064 917 4135 τοὺς
928 4065 970 4147 φί-

182 4147 242 4214 λους
256 4151 290 4206 δι’
301 4148 409 4222 αὐτούς,
422 4150 468 4209 καὶ
488 4149 638 4228 προϊέμενοι
652 4153 686 4212 τδ
701 4155 802 4214 έαυτῶν
818 4157 870 4214 τῶν
887 4155 968 4237 φίλων

183 4233 273 4311 ένεκα,
284 4228 335 4296 οἶοί
348 4241 413 4298 εἰσιν
427 4243 451 4301 οἱ
467 4242 622 4316 σπουδαῖοι,
638 4241 740 4322 εἴρηται
752 4243 791 4303 ὅτι
800 4243 966 4322 ἀνέγκλητοι.

185 4323 303 4400 Τοιαύτη
328 4325 379 4407 γάρ
402 4331 419 4399 ἡ
448 4330 508 4388 κατ’
524 4329 617 4409 ἀρετ-λι
632 4330 720 4412 φιλία·
744 4332 793 4406 τὴν
811 4333 925 4413 άμοιόήν
941 4359 969 4396 τε

183 4415 305 4488 ποιητέον
324 4415 392 4476 κατδι
407 4416 454 4490 τὴν
476 4417 648 4500 προαίρεσιν·
678 4419 744 4493 αύτη
760 4421 812 4504 γάρ
831 4427 879 4481 τοῦ
893 4422 969 4506 φίλου

183 4503 228 4562 καί
249 4508 296 4576 τῆς
311 4505 422 4586 ἀρετῆς,
449 4511 484 4576 ὡς
504 4509 532 4568 έν
556 4510 608 4576 τοῖς
631 4510 829 4592 προειρημένοις
851 4513 966 4596 ἐδείχθη.

183 4593 299 4669 Τοιαύτη
316 4596 345 4656 δέ
359 4600 415 4657 ἐστι
432 4601 508 4673 καὶὴ
534 4600 603 4660 κατὰ
619 4602 772 4683 φιλοσοφίαν
789 4603 933 4663 κοινωνία·
955 4606 969 4662 ό

182 4683 234 4764 γάρ
250 4687 406 4757 διδάσκαλος
421 4693 468 4763 τῆς
485 4689 637 4772 φιλοσοφίας
659 4691 703 4751 τὸν
719 4691 840 4770 μαθητὴν
854 4695 884 4754 ού
898 4693 968 4775 χρή-

184 4797 256 4851 ματα
280 4779 404 4851 ἀπαιτεῖ,
436 4778 453 4852 ἢ
479 4779 559 4858 τιμὴν
586 4781 738 4860 ὡρισμέναις
761 4800 769 4819 ·
803 4783 872 4861 μηδέ
898 4786 967 4844 έστιν

183 4861 253 4932 άξιόν
268 4889 293 4924 τι
308 4870 354 4938 τῆς
375 4869 527 4953 φιλοσοφίας
542 4869 601 4931 ούτε
617 4874 643 4930 έν
657 4871 793 4954 χρήμασιν
809 4871 868 4932 ούτε
883 4876 909 4936 έν
924 4897 966 4932 τι-

183 4958 240 5034 μῇ,
258 4955 326 5016 ἀλλά
339 4955 387 5030 τλν
401 4960 553 5041 προαίρεσιν
574 4961 681 5020 σκοπεῖ·
698 4960 772 5042 έργον
786 4960 812 5020 δέ
829 4961 873 5020 καί
890 4963 968 5041 ἀμοι-

817 330 1029 394 ANDRONICI
1051 332 1183 395 anuuit

1022 477 1120 525 caneret
1135 477 1240 528 tantose
1251 477 1323 541 plura
1339 477 1473 539 daturum,
1490 494 1563 532 mane
1578 481 1726 546 promissam
1740 497 1812 533 mer-

1021 535 1106 588 cedem
1118 538 1226 602 exigenti
1244 540 1399 604 voluptatem
1419 556 1446 593 se
1458 555 1504 606 pro
1519 544 1649 609 voluptate
1666 543 1812 596 reddidisse

1021 599 1154 663 respondit.
1169 601 1193 652 Si
1209 615 1268 666 crgo
1285 607 1391 669 uterque
1409 604 1566 668 voluptatem
1582 620 1614 656 cx
1624 619 1654 656 ea
1678 619 1706 656 re
1718 619 1748 656 ca
1783 621 1811 656 re

1021 662 1153 718 voluisset.
1177 664 1303 715 societatis
1327 666 1390 716 ratio
1410 671 1539 717 constaret
1559 668 1619 718 =sin
1637 671 1723 718 autem
1736 619 1812 720 offic·

1021 725 1155 776 clationem
1166 725 1238 788 alter,
1254 727 1317 778 alter
1328 741 1385 778 rero
1405 729 1503 780 lucrum
1518 730 1631 794 petebat.
1650 733 1676 780 et
1693 730 1734 780 bic
1749 733 1813 796 qui-

1020 787 1077 838 dem
1089 789 1156 854 quod
1169 789 1268 852 petebat
1281 795 1410 854 acceperut
1423 827 1429 850 ‚
1445 787 1486 841 ille
1503 796 1589 842 antem
1604 807 1651 842 non
1662 792 1740 853 item,
1757 809 1809 843 non

1020 849 1101 913 potuit
1111 851 1186 914 hujus
1196 851 1321 902 societatis
1336 853 1371 902 lex
1381 853 1514 905 observata
1526 854 1606 906 rideri
1621 869 1627 898 ε
1640 855 1731 919 singuli
1740 856 1811 906 enim

1019 913 1194 1026 ρφμῑοοίμίαιιῑ,
1208 914 1302 980 quibus
1313 918 1400 980 egent,
1412 915 1473 968 dare
1485 930 1515 968 ea
1531 917 1611 970 solent
1626 931 1685 983 que
1699 919 1749 984 ipsi
1766 919 1811 970 laa-

1359 1203 1419 1269 cap.
1435 1205 1468 1256 ll.

1021 1363 1093 1418 cuijus
1102 1361 1132 1408 stt
1141 1361 1164 1408 ln
1177 1361 1262 1420 iisqne
1270 1361 1319 1408 sine
1328 1365 1396 1420 pacm
1404 1363 1537 1410 trtttuuntnr
1547 1361 1663 1410 moebclls
1674 1375 1813 1412 rerumnera-

1049 1433 1134 1478 tionem
1148 1433 1304 1479 constitueres
1322 1431 1377 1478 liena
1389 1433 1418 1479 dc
1433 1445 1459 1480 ea
1476 1445 1527 1490 quc
1543 1433 1574 1479 ob
1590 1435 1700 1480 rirlntena
1716 1441 1741 1482 et
1760 1448 1813 1493 quar

1047 1506 1142 1561 propter
1150 1502 1332 1548 emolumenturn
1345 1501 1394 1549 siue
1404 1509 1471 1562 pacto
1481 1502 1629 1551 contrahitur
1637 1505 1747 1552 unicilia.

1052 1719 1261 1772 indissimilibus
1280 1735 1339 1787 ergo
1350 1720 1468 1773 amicitiis
1486 1721 1615 1787 proportio
1635 1725 1660 1773 et
1677 1723 1809 1788 dignitatis

1021 1799 1085 1850 ratio
1096 1801 1234 1866 requiritur
1245 1816 1251 1847 =
1263 1801 1370 1868 questio
1382 1806 1467 1853 autem
1481 1803 1594 1868 ponitur,
1615 1806 1672 1854 uter
1682 1819 1725 1854 sno
1735 1805 1807 1855 arbi-

1021 1883 1089 1930 tratu
1106 1880 1256 1932 constituere
1267 1883 1491 1934 remunerationem
1510 1884 1605 1949 possit,
1619 1885 1672 1936 isne
1684 1887 1727 1950 qni
1740 1886 1811 1950 prior

1020 1957 1105 2018 dedit,
1118 1973 1149 2009 an
1161 1959 1205 2022 qui
1219 1961 1321 2025 accepit.
1339 1961 1387 2020 Qui
1400 1962 1467 2012 enim
1483 1963 1551 2028 prior
1565 1962 1643 2022 dedit,
1656 1964 1758 2016 ridetur
1768 1979 1812 2015 ac-

1020 2038 1120 2104 cipienti
1144 2039 1305 2104 permittere,
1326 2043 1355 2090 nl
1375 2041 1428 2106 ipse
1454 2041 1555 2106 dignam
1584 2045 1813 2098 remunerationem

1020 2119 1170 2176 constituat,
1191 2117 1403 2184 quemadmodum
1426 2122 1575 2186 Protagoras
1586 2121 1693 2174 iaciebat
1707 2141 1713 2173 :
1727 2139 1815 2191 neque

1019 2199 1085 2249 enim
1095 2201 1188 2249 certam
1203 2197 1367 2249 institutionis
1383 2201 1524 2252 mercedem
1540 2202 1669 2268 discipulis
1684 2205 1814 2270 praefinie-

1020 2278 1077 2336 bat‚
1095 2280 1140 2328 aut
1153 2277 1300 2342 prefinitem
1315 2279 1427 2343 pmunim
1441 2293 1566 2331 summam
1586 2283 1618 2332 ab
1634 2283 1666 2334 ils
1685 2285 1812 2348 erigebat,

1019 2355 1063 2407 sed
1075 2356 1141 2421 ipsos
1151 2355 1275 2408 estimare
1285 2357 1389 2422 jubebat
1398 2397 1405 2422 ‚
1415 2360 1502 2422 quanti
1516 2373 1546 2411 ea
1558 2374 1612 2412 esse
1626 2363 1811 2424 existimarent,

1019 2450 1076 2502 quae
1089 2435 1248 2498 didicissent,
1263 2451 1292 2486 ac
1306 2440 1405 2488 tanturn
1421 2438 1566 2504 accipiebat.
1584 2443 1613 2490 ln
1627 2442 1750 2506 ejusmodi
1765 2457 1814 2492 an-

1020 2522 1070 2568 tem
1084 2515 1245 2567 societatibus
1258 2517 1370 2568 nonnulli
1384 2518 1410 2569 in
1431 2519 1631 2572 remuneratione
1647 2521 1680 2572 ad
1698 2537 1751 2574 rem
1766 2537 1812 2575 ac-

1019 2597 1173 2650 commodata
1185 2599 1354 2663 acquiescunt,
1367 2598 1501 2664 probantes
1509 2600 1573 2653 illud
1583 2601 1684 2654 Hesiodi
1698 2618 1704 2650 :

1072 2771 1159 2818 aleres
1169 2781 1252 2827 nempe
1265 2770 1317 2816 niro
1327 2770 1387 2816 sotir
1395 2777 1436 2818 est.

1019 2909 1126 2970 Quidam
1140 2913 1223 2962 autern
1245 2925 1329 2963 rernm
1350 2911 1487 2966 sorensium
1508 2915 1582 2980 periti
1604 2917 1630 2966 et
1649 2929 1758 2981 quorum
1784 2917 1814 2968 in

1018 2989 1158 3038 mercatura
1175 2985 1289 3036 consistit
1302 2986 1421 3050 molstus,
1437 2989 1511 3054 plura
1531 2993 1661 3054 quaerunt,
1673 2990 1717 3056 qni
1731 2991 1813 3042 etiam

1018 3075 1195 3126 nonnunquam
1210 3061 1340 3126 pecuniam
1355 3065 1412 3114 nole
1424 3066 1564 3128 acceptam,
1581 3079 1657 3130 quarn
1678 3067 1765 3116 statim
1783 3081 1814 3116 se

1018 3136 1160 3189 reddituros
1178 3136 1417 3201 compromiserant,
1439 3153 1488 3188 non
1504 3138 1620 3198 reddunt,
1638 3155 1721 3207 neque
1737 3141 1814 3207 quid·

1017 3229 1092 3280 quam
1107 3229 1193 3267 eorum
1207 3229 1264 3280 quse
1279 3214 1443 3278 promiserant
1458 3211 1553 3263 faciunt
1570 3228 1575 3258 :
1592 3217 1668 3278 alque
1681 3214 1709 3264 hi
1718 3215 1813 3264 merito

1018 3291 1240 3355 reprehenduntur,
1256 3289 1324 3354 quod
1339 3288 1405 3339 iacta
1420 3287 1496 3338 dictis
1511 3301 1561 3338 non
1583 3288 1747 3352 respondent,
1761 3289 1810 3340 sed

1018 3380 1075 3431 que
1095 3367 1215 3431 prestent
1230 3363 1359 3430 pmmissis
1379 3363 1475 3414 minora
1498 3366 1578 3414 sunt:
1599 3363 1706 3428 ideoque
1722 3367 1749 3415 et
1765 3379 1813 3416 so·

1018 3441 1106 3506 phistae
1129 3455 1178 3492 non
1195 3439 1274 3490 solent
1295 3438 1342 3489 nisi
1363 3443 1464 3503 accepta
1485 3440 1554 3504 prins
1576 3439 1691 3490 mercede
1706 3439 1809 3500 docere,

1017 3516 1134 3581 quoniam
1147 3530 1219 3567 nemo
1235 3513 1339 3580 pecunie
1357 3526 1439 3564 emere
1449 3513 1525 3564 vellet
1544 3528 1602 3578 quae
1615 3514 1647 3563 ab
1663 3513 1695 3563 iis
1708 3512 1812 3564 didicis·

1018 3592 1069 3653 set,
1084 3591 1144 3655 quin
1156 3604 1232 3655 prnva
1244 3591 1303 3640 sunt
1314 3606 1320 3638 ε
1329 3587 1381 3652 lam
1393 3601 1452 3639 vero
1466 3603 1545 3654 quum
1555 3602 1644 3652 magna
1653 3587 1769 3652 quandam
1783 3594 1810 3640 et

1017 3667 1136 3732 precium
1155 3681 1181 3718 se
1201 3665 1319 3716 docturos
1334 3677 1389 3715 esse
1408 3664 1579 3729 polliceantur,
1596 3663 1737 3714 mercedem
1748 3664 1810 3728 qni-

1016 3741 1074 3792 dem
1095 3742 1231 3808 accipiunt,
1248 3739 1294 3791 sed
1314 3739 1468 3803 ineptissima
1490 3753 1598 3805 quaeque
1619 3737 1725 3789 tradunt
1749 3757 1755 3787 :
1780 3739 1808 3789 bi

1016 3830 1075 3881 ergo
1086 3817 1145 3882 quia
1156 3831 1185 3867 ea
1202 3829 1310 3880 quorum
1318 3814 1458 3866 mercedem
1469 3817 1619 3880 acceperunt
1635 3826 1684 3864 non
1699 3812 1804 3876 iaciunt,

1016 3888 1106 3940 merito
1117 3891 1274 3940 accusantur.

1048 3981 1076 4029 ln
1088 3979 1179 4045 quibus
1191 3981 1276 4029 autem
1288 3978 1449 4030 societatibus
1464 3976 1532 4028 nulla
1543 3979 1570 4026 lit
1587 3976 1668 4042 pactio
1680 3975 1711 4026 de
1723 3987 1803 4024 romu·

1015 4069 1142 4121 nerutione
1160 4069 1307 4134 colopene,
1327 4069 1371 4134 qul
1387 4067 1474 4120 amicis
1493 4070 1595 4132 propter
1619 4067 1685 4131 ipsos
1697 4067 1798 4128 prosunt

1016 4172 1111 4226 suaque
1131 4159 1268 4210 amicorum
1290 4171 1366 4214 causa
1390 4155 1539 4216 effundunt,
1564 4155 1651 4222 quales
1671 4155 1727 4203 scunt
1749 4149 1797 4202 riri

1015 4248 1088 4309 boni,
1107 4263 1150 4301 cos
1161 4248 1273 4300 accusari
1286 4261 1335 4299 non
1355 4260 1428 4313 posse
1445 4245 1563 4299 diximus.
1595 4244 1660 4297 Telis
1675 4241 1740 4294 enim
1760 4243 1801 4292 est

1015 4353 1072 4404 qum
1085 4337 1118 4390 ob
1136 4337 1257 4390 virtutem
1268 4337 1423 4388 contrahitur
1446 4335 1576 4387 amicitia:
1593 4337 1669 4400 atque
1684 4333 1710 4382 in
1727 4345 1757 4382 ea
1770 4344 1803 4381 ex

1015 4429 1116 4480 consilio
1130 4427 1242 4480 facienda
1254 4431 1292 4479 est
1307 4427 1473 4478 remuneratio
1490 4445 1496 4475 ι
1510 4426 1564 4476 hose
1583 4424 1676 4490 quippe
1690 4425 1716 4474 et
1730 4420 1805 4472 amici

1014 4523 1040 4572 et
1053 4520 1155 4571 virtutis
1166 4521 1217 4582 est,
1231 4519 1297 4570 utin
1309 4517 1478 4583 superioribus
1492 4515 1660 4568 ostendimus.
1695 4511 1805 4576 'Hujus-

1014 4610 1082 4662 modi
1091 4613 1175 4662 antem
1182 4612 1220 4662 est
1230 4611 1256 4660 et
1264 4608 1392 4674 sapientise
1401 4606 1572 4657 studiosorum
1583 4605 1691 4656 societas
1702 4624 1708 4655 ι
1720 4617 1806 4668 neque

1014 4700 1080 4752 enim
1097 4699 1224 4765 sapientie
1234 4697 1321 4750 doctor
1329 4701 1373 4748 aut
1386 4697 1516 4761 pecuniam
1527 4711 1542 4747 a
1553 4695 1684 4760 discipulis
1694 4697 1738 4744 aut
1747 4707 1805 4757 pre-

1014 4791 1078 4841 tium
1089 4789 1188 4841 definite
1202 4787 1287 4854 exigit,
1302 4787 1420 4852 quoniam
1434 4801 1516 4854 neque
1525 4787 1551 4838 in
1563 4785 1669 4852 μοουιιίιι
1685 4796 1767 4850 neque
1778 4783 1806 4834 in

1013 4893 1162 4946 quocunque
1173 4878 1253 4944 pretio
1263 4877 1401 4944 quidquam
1412 4877 1568 4944 philosophia
1581 4877 1683 4942 dignum
1694 4879 1741 4936 est,
1753 4873 1806 4935 bed

1012 4969 1143 5020 consilium
1160 4969 1258 5019 tantum
1272 4969 1368 5032 spectat
1385 4985 1392 5018 ι
1413 4967 1544 5019 etidcirco
1560 4980 1622 5032 opus
1636 4979 1666 5016 ac
1681 4978 1803 5015 remune-

215 5139 230 5168 *
244 5140 294 5198 Τὴν
309 5139 377 5198 ἀξίαν
391 5141 418 5193 dl
433 5142 541 5208 ποτέρου
553 5141 623 5202 τάξαι
639 5142 692 5194 κτλ.
703 5166 735 5180 -
748 5141 779 5174 ¹¹*
792 5143 824 5194 Ol
836 5141 862 5192 δὲ
874 5141 1036 5205 προλαόόντες
1052 5141 1081 5193 τὸ
1095 5141 1211 5209 ἀργύριον
1223 5142 1275 5192 κτλ.
1290 5165 1322 5178 -
1335 5139 1376 5170 *ί*
1392 5137 1433 5192 Ἐν
1448 5141 1483 5200 οίς
1498 5141 1524 5192 δὲ
1542 5143 1575 5206 μὴ
1590 5140 1699 5206 γίγνεται
1710 5140 1799 5204 διομο-

182 5209 253 5276 λογία
267 5211 320 5261 κτλ.
