3934 5956
300 378 360 440 ³02
527 377 579 440 utu
600 375 843 441 Aatsuouutu
864 376 1038 453 EJUSQUE
1062 375 1275 442 ulsurruuts
1296 377 1345 442 ΕΤ
1369 381 1680 450 succussoamus.

305 511 381 590 1559
393 512 488 572 forma
496 515 621 572 maxima
633 531 670 572 ex
679 513 797 573 officina
809 512 982 592 Hieronymi
992 513 1082 587 Scoti,
1132 515 1224 576 doctis
1251 516 1486 579 adolescentibus
1512 520 1614 580 iactam
1638 525 1743 604 accepit.
1764 525 1845 608 Insuper

300 603 401 662 addito
416 603 575 664 Alexandri
590 603 626 662 de
643 605 786 664 mixtione
800 605 952 684 opusculo.
1130 603 1236 668 Joann.
1263 609 1370 668 Caselii
1393 609 1568 682 editionem,
1592 611 1646 672 viri
1672 613 1704 671 de
1729 613 1844 718 Alexandro

341 693 452 754 Caetera
461 693 620 752 Alexandri
631 695 739 772 scripta
750 695 867 754 silentio
877 708 1029 774 praetereo.
1041 695 1085 754 Ex
1131 693 1206 756 bene
1222 699 1332 770 meriti,
1353 697 1503 758 llostocbii
1518 719 1544 759 a.
1562 700 1636 760 rsus
1649 716 1775 806 quatemus
1788 708 1845 766 adur-

301 785 338 844 iis
352 798 446 842 autem
461 798 568 844 nostrae
580 785 729 842 memoriae
738 785 855 844 'criticis
871 785 922 862 qui
935 785 971 843 ad
984 805 1082 844 emen·
1095 843 1101 856 ,
1131 799 1227 845 natam
1253 787 1420 848 Fridericus
1435 789 1597 893 Creuuerus
1618 793 1718 894 Orelluo
1732 799 1845 898 cupumcde

300 871 396 932 danda
408 870 569 930 Alexandri
582 891 672 950 opera
685 872 898 946 incubuerunt,
912 874 1084 935 nobilitatus
1131 875 1174 933 vit
1184 919 1192 948 ‚
1204 879 1255 954 qui
1271 877 1333 955 ipse
1342 897 1405 936 eam
1418 897 1483 936 cum
1494 877 1668 982 Londupensu
1678 885 1786 946 contulit.
1796 885 1844 945 iden

299 973 343 1019 est
357 960 487 1019 ioannes
501 960 654 1020 Conradus
670 960 799 1020 Orellius
812 962 943 1021 editione
958 963 1030 1022 libri
1048 965 1084 1022 de
1130 961 1166 1020 ad
1181 965 1351 1042 corrigenda
1363 985 1463 1042 graecae
1477 969 1617 1028 oralionus
1627 973 1721 1031 menda
1733 995 1778 1032 non
1787 979 1844 1034 solun

300 1047 388 1121 Fato,
405 1048 514 1126 quibus
542 1049 614 1108 alias
634 1049 741 1108 similis
763 1052 926 1126 argumenti
952 1053 1083 1132 disputa·
1131 1049 1248 1112 Eusebii
1269 1053 1516 1132 Psaeparationenn
1543 1056 1732 1136 Evangelicam
1747 1076 1769 1121 et
1782 1064 1845 1123 liiern

299 1130 396 1188 tiones
420 1127 527 1205 adjecit
545 1127 620 1208 (61).
639 1131 759 1189 lsenim
774 1131 865 1190 multa
885 1135 927 1190 rei
943 1131 1084 1210 benege·
1130 1143 1210 1218 nynni
1236 1143 1370 1220 Bagolini
1391 1146 1610 1206 translationem
1631 1170 1693 1208 cum
1716 1152 1792 1210 codiee
1809 1154 1849 1211 ilai.

300 1216 413 1292 rendae,
438 1214 548 1294 quibus
570 1219 738 1296 superiores
766 1219 892 1280 editores
913 1236 1082 1295 caruerant,
1131 1231 1223 1290 niensi
1245 1251 1322 1310 saepe
1351 1235 1598 1310 consentientem,
1624 1239 1671 1298 sed
1693 1241 1763 1299 eriam
1782 1243 1845 1301 larinus

299 1304 465 1379 arljumenta
487 1303 600 1366 habuit.
627 1305 761 1366 Duorum
776 1308 915 1368 videlicet
936 1311 1083 1371 librorum
1132 1326 1262 1404 {luponis
1278 1328 1373 1386 Gpopji
1386 1345 1414 1389 ep
1428 1331 1552 1392 edppopps
1568 1336 1847 1418 Londinenspsppppppp

300 1395 568 1473 manuscriptorum
606 1397 764 1470 lectiones,
789 1397 946 1474 diligenter
973 1403 1084 1461 aviris
1131 1415 1254 1475 rationes
1270 1429 1299 1474 et
1310 1420 1509 1493 germanicam
1522 1421 1638 1501 Georgii
1653 1425 1844 1508 Schulrhnuiiprp

298 1481 392 1541 doctis
407 1495 547 1557 enotatas,
563 1483 600 1542 ad
612 1485 822 1545 recensendum
840 1489 1002 1552 Alexandri
1022 1507 1083 1551 tex·
1131 1504 1273 1566 adhibuit.
1291 1506 1459 1586 Exeruplari
1482 1531 1577 1587 gnmco
1600 1514 1743 1591 elegantem
1760 1518 1846 1593 lingonis

299 1583 360 1630 tum
383 1573 954 1654 ei1³?aelesuerunt-Quippeffldicflm
981 1580 1084 1641 Fabri·
1131 1592 1231 1652 Grotii
1260 1595 1545 1674 interpretationem,
1574 1604 1690 1663 maxime
1714 1625 1744 1664 ex
1764 1607 1847 1664 editione

298 1663 431 1736 cinnum,
445 1661 541 1738 quiin
556 1663 717 1722 Academiae
730 1664 896 1726 ilasniensis
907 1667 1085 1730 bibliotheca
1131 1682 1238 1740 Aldina
1254 1686 1418 1761 posteriore
1432 1707 1619 1768 expressam,
1639 1694 1770 1752 emendatis
1787 1708 1847 1752 tanen

299 1762 477 1826 asservatur,
502 1769 568 1808 cum
583 1751 714 1810 editione
730 1752 910 1814 Londinensi
934 1757 1028 1818 libelli
1048 1763 1083 1820 de
1131 1769 1204 1828 iocis
1233 1771 1412 1849 quibusdam
1447 1777 1548 1838 minus
1573 1779 1725 1853 intellectis,
1746 1783 1846 1860 adjunxit.

297 1837 356 1894 luto
375 1857 407 1896 ac
422 1837 458 1896 de
473 1857 508 1896 eo
527 1839 607 1915 quod
622 1841 654 1898 in
671 1856 771 1901 nostra
785 1856 827 1902 est
849 1859 993 1921 potestate
1007 1870 1079 1908 con·
1131 1857 1221 1918 Libro
1239 1860 1274 1919 de
1291 1861 1359 1920 Fato
1378 1862 1491 1923 addidit
1506 1867 1609 1945 Capita
1623 1869 1677 1928 duo
1689 1869 1718 1928 dc
1729 1870 1822 1928 Fortuna
1831 1884 1850 1928 et

297 1922 484 1986 sustinuat).
502 1923 656 2000 Blochius,
673 1929 755 1988 illius
773 1931 958 1992 bibliothecae
980 1939 1082 2015 praese·
1131 1945 1200 2006 Fato
1226 1970 1293 2008 cum
1322 1953 1424 2028 Angeli
1446 1953 1566 2014 Caninii
1596 1959 1765 2028 transtatione,
1784 1981 1847 2037 porro

297 2021 378 2083 ctus,
406 2031 582 2090 omnemque
607 2017 762 2096 scripturae
782 2021 953 2080 varietatem
969 2025 1082 2085 Orellio
1131 2035 1277 2095 Ammonii
1291 2038 1415 2097 Hermiae
1428 2041 1525 2102 liliiet
1537 2044 1641 2103 Plotini
1653 2047 1848 2104 commentationes

296 2098 386 2156 misit.
409 2099 490 2158 Idem
508 2100 646 2162 Blochius
670 2105 730 2164 duo
746 2109 842 2186 capita
856 2110 892 2169 de
908 2111 1037 2176 Fortuna
1055 2133 1083 2178 et
1129 2124 1165 2180 de
1181 2123 1267 2196 Fato,
1283 2125 1393 2185 illame
1409 2127 1591 2192 Londinensi
1602 2134 1739 2194 Alexandri
1751 2135 1846 2208 editione,

298 2185 369 2246 Fato
384 2207 421 2246 cx
448 2189 505 2248 isto
529 2189 630 2250 codice
653 2195 801 2273 exscripta
813 2217 890 2266 ,cum
912 2200 1083 2266 diversitate
1129 2211 1204 2271 hanc
1218 2233 1234 2272 e
1249 2211 1406 2275 basileensi
1432 2221 1566 2296 petitam.
1582 2223 1686 2298 Arljecit
1702 2223 1847 2282 etiameuEu·

297 2275 431 2336 lectionis
449 2278 590 2338 editionis
602 2281 717 2340 Aldinae
729 2285 937 2363 priorisluam
952 2291 982 2350 in
994 2295 1084 2356 altera
1129 2301 1201 2362 sebii
1228 2305 1444 2384 Praeparationc
1481 2310 1668 2389 Euangeliou,
1693 2312 1781 2371 collatis
1799 2311 1844 2370 tut.

296 2362 380 2424 Libri
395 2366 432 2426 de
447 2367 562 2444 anima,
576 2368 685 2446 quibus
700 2373 889 2434 continentur
903 2377 964 2438 lnaec
976 2384 1081 2462 capita,
1128 2394 1266 2472 Stephani
1281 2409 1308 2454 et
1326 2395 1428 2459 Franc.
1445 2397 1549 2478 Vigeri
1565 2403 1740 2477 editionibus,
1753 2401 1845 2458 bardesa-

296 2453 364 2513 licet
389 2455 421 2514 in
444 2457 532 2516 titulo
562 2459 781 2536 promittantur,
809 2483 869 2524 non
895 2478 1083 2552 comparent)
1129 2481 1174 2540 nis
1193 2483 1262 2560 Syri
1289 2485 1387 2544 locum
1408 2487 1552 2550 adversus
1575 2493 1724 2570 astrologos
1744 2491 1844 2571 scriptun·

295 2541 407 2618 Orellio
421 2546 530 2604 utenda
545 2546 677 2608 tradidit.
693 2549 837 2612 Caeterum
852 2555 884 2614 in
899 2559 1001 2620 codice
1016 2564 1081 2639 illo,
1130 2570 1264 2650 Denique
1279 2573 1309 2632 in
1328 2575 1387 2634 fine
1407 2579 1570 2642 voluminis
1594 2596 1693 2662 praeter
1712 2582 1784 2641 breue
1798 2581 1846 2637 Alci·

295 2631 347 2708 qui
362 2651 485 2692 numero
495 2635 532 2692 85
547 2648 677 2714 notatur,
690 2641 776 2699 varia
790 2643 968 2722 scriptahoc
978 2652 1083 2715 ordine
1130 2661 1180 2718 noi
1205 2675 1310 2739 caput,
1327 2663 1450 2742 Georgii
1475 2669 1602 2731 Gensisti
1619 2671 1751 2730 Plethonis
1767 2669 1845 2728 delate

295 2722 503 2798 reperiuntur;
521 2725 649 2800 primum
664 2726 786 2790 loannis
803 2733 976 2798 Damasceni
998 2746 1083 2823 aspri-
1130 2747 1264 2808 libellum
1293 2754 1405 2829 posuit,
1432 2777 1523 2836 quem
1548 2774 1629 2820 antea
1654 2759 1845 2824 saturauimus

295 2805 358 2862 λαια
371 2807 546 2887 psiouupuxui3
559 2809 664 2872 deiude
677 2815 802 2876 Graeculi
814 2823 910 2880 nescio
923 2827 1008 2904 cujus
1023 2833 1083 2892 dis·
1130 2837 1265 2914 Lugduni
1279 2842 1456 2904 batavorum
1472 2869 1501 2910 a.
1520 2872 1593 2924 1722
1606 2871 1689 2930 graece
1699 2864 1722 2909 ct
1739 2847 1846 2908 latineedi·

296 2897 412 2953 sertatio
429 2896 489 2975 περὶ
510 2899 628 2960 ἑκουσίου
650 2903 694 2962 καὶ
719 2906 843 2968 ἀκουσίου
868 2916 1082 2981 sextodecimo
1129 2925 1218 2985 derat.
1235 2927 1285 2987 His
1295 2930 1431 2992 omuibus
1441 2939 1593 3014 opusculis
1607 2951 1662 2996 turn
1673 2937 1781 2995 lectionis
1789 2935 1846 2990 vane

296 2983 402 3042 saeculo
417 2987 594 3064 composita,
615 3004 677 3050 tum
693 2994 852 3056 Alexandri
871 3001 1082 3078 Aphrodisien·
1130 3029 1247 3075 tateme
1271 3017 1356 3079 libris
1378 3026 1499 3102 scriptis
1520 3041 1549 3086 et
1569 3028 1706 3108 impressis
1721 3036 1846 3102 excerptus,

296 3069 336 3128 sis
353 3071 414 3150 περὶ
429 3072 514 3152 τύχης
531 3079 577 3136 καὶ
592 3080 754 3160 εἱμαρμένης
778 3088 873 3164 capita
893 3090 952 3152 duo
968 3099 1082 3176 exejus
1130 3119 1190 3164 tum
1203 3127 1270 3167 suas
1284 3123 1314 3167 et
1331 3115 1474 3190 patruelis
1487 3118 1581 3198 (Jeep.
1598 3119 1692 3178 Orellii
1706 3117 1847 3177 annotatione

297 3157 373 3217 libro
387 3163 514 3222 secundo
529 3165 565 3224 de
582 3169 697 3247 aniuna3
716 3187 856 3250 praeterea
870 3179 1001 3257 ejusdem
1018 3189 1083 3267 πρὸς
1128 3194 1262 3273 subjecit.

296 3247 494 3330 αὐτοκράτορας
517 3255 577 3335 περὶ
593 3259 756 3338 εἱμαρμένης
775 3265 820 3323 καὶ
841 3272 885 3325 τοῦ
902 3269 942 3349 tp'
956 3277 1021 3349 ἡμῖν
1041 3281 1082 3356 βι-
1170 3283 1299 3348 Uberius
1325 3289 1362 3347 de
1385 3289 1504 3354 Orellio
1526 3295 1604 3372 dixi,
1625 3317 1660 3357 ne
1679 3299 1757 3356 virum
1772 3295 1846 3372 pareda·

297 3335 390 3410 6λίον;
412 3361 503 3418 porro
528 3343 659 3420 ejusdem
683 3351 798 3430 σχολίων
816 3362 948 3436 φυσικῶν,
966 3367 1082 3444 ἀποριῶν
1128 3391 1210 3448 rum,
1230 3375 1315 3453 cujus
1329 3398 1451 3439 acumen
1466 3383 1503 3442 iun
1519 3387 1696 3446 emendandis
1709 3387 1844 3444 etillustrun·

297 3425 341 3486 sul
355 3425 457 3488 λύσεων
471 3430 573 3510 pusiilus
591 3435 713 3516 β’(οορ.
735 3444 998 3528 2-16p3denique
1013 3457 1081 3516 Σον-
1128 3457 1174 3517 dis
1201 3459 1282 3520 hisce
1318 3464 1569 3542 disputationibus
1601 3475 1758 3552 elaboravit,
1784 3472 1846 3530 debita

296 3513 388 3596 αγιογὴ
403 3521 455 3576 τῶν
474 3521 688 3600 ἀναγκαιοτάτων
704 3527 854 3608 ἐξηγήσεων
870 3537 907 3602 εἰς
936 3539 985 3610 τὴν
1004 3545 1081 3620 paro·
1128 3546 1213 3606 laude
1226 3550 1377 3614 fraudasse
1388 3558 1523 3624 viderer.
1540 3569 1575 3626 At
1587 3567 1610 3624 si
1624 3568 1683 3646 quis
1702 3585 1751 3624 nou
1763 3583 1789 3620 ex
1798 3581 1844 3641 pri·

297 3603 371 3685 ρικὴν
385 3609 436 3666 τῶν
453 3610 631 3671 ἀποδοθεισῶν
644 3615 694 3675 ὑπὸ
706 3619 758 3676 τῶν
771 3629 933 3700 χριστιανῶν
945 3627 1080 3708 ἐξηγητῶν
1128 3651 1225 3697 sumta
1246 3643 1404 3720 opinione,
1423 3649 1474 3708 sed
1501 3673 1538 3712 ex
1561 3658 1674 3716 veritate
1694 3675 1748 3734 qua
1761 3653 1845 3734 prestita

296 3693 341 3752 καὶ
357 3691 508 3769 Ἑλλήνων.
525 3701 607 3760 Alter
630 3705 723 3766 codex
745 3729 805 3786 quo
822 3713 934 3776 Orellio
950 3722 992 3778 uti
1013 3725 1081 3785 lice·
1131 3740 1199 3784 sunt
1213 3731 1408 3809 aestiunmerit,
1425 3739 1513 3816 plura
1524 3745 1645 3824 incepta,
1657 3741 1843 3823 aliquaabsoluta

296 3781 362 3856 bat,
379 3799 423 3844 est
437 3786 620 3850 Monacensis
635 3795 680 3852 vel
698 3798 797 3874 potius
811 3807 960 3883 exemplar
979 3812 1081 3874 editio·
1128 3815 1186 3874 alia
1204 3819 1240 3877 de
1260 3821 1374 3899 integro
1394 3839 1422 3884 et
1446 3831 1607 3894 intentiore
1624 3835 1709 3894 studio
1724 3832 1804 3910 agenda
1818 3845 1844 3884 re-

296 3873 342 3933 uis
356 3875 471 3936 Aldinae
487 3881 613 3957 prioris,
628 3881 911 3968 bibliothecseuegiae
927 3901 1082 3962 Monacen-
1129 3907 1227 3982 periet.
1253 3910 1349 3981 Quum
1371 3915 1462 3992 igitur
1492 3923 1734 4003 Peripateticorum
1757 3917 1843 3995 reliquiis

295 3962 336 4020 sis
366 3980 585 4041 ornamentum,
611 3970 640 4028 in
662 3974 746 4051 cujus
770 3981 900 4056 nuargine
924 4005 1029 4062 manu,
1050 4008 1082 4053 ut
1128 3993 1337 4073 disputationes
1350 4023 1452 4066 omnes
1470 4009 1509 4069 ab
1520 4013 1627 4074 Orellio
1637 4015 1749 4091 vulgatas
1760 4009 1843 4085 adjiuf‘

296 4049 423 4124 videtur,
447 4052 481 4110 P.
514 4056 634 4116 Victorii
658 4083 723 4120 curn
749 4071 945 4134 correctiones
969 4078 1082 4142 Aldinae
1128 4079 1324 4145 decrevissem
1346 4091 1556 4180 videremque,
1576 4116 1705 4180 quantum
1722 4101 1745 4156 in
1762 4097 1842 4164 tuocst·

296 4139 482 4211 posterioris,
517 4157 577 4202 tum
607 4148 670 4207 aliae
697 4151 835 4217 lectiones
871 4161 948 4222 haud
985 4183 1082 4229 conte·
1128 4187 1196 4229 nere
1226 4189 1294 4252 post
1324 4179 1403 4242 illius
1429 4185 1561 4249 laborem
1585 4193 1708 4251 relictum
1728 4197 1784 4246 esset
1798 4181 1843 4240 beu

295 4225 426 4283 mnendae
437 4230 552 4308 scriptae
566 4247 644 4295 sunt.
659 4237 717 4298 Has
734 4241 856 4304 Victorii
872 4264 956 4312 notas
972 4275 988 4313 e
1003 4258 1080 4319 libro
1126 4263 1258 4320 merendi
1272 4271 1402 4330 materiae
1422 4296 1429 4332 s
1446 4280 1534 4356 operi
1548 4281 1679 4341 inchoato
1692 4293 1716 4338 et
1728 4293 1797 4356 prope
1805 4270 1842 4347 llm

296 4311 463 4374 lionacensi
486 4318 653 4396 depromtas
676 4325 820 4392 Xaverius
843 4336 991 4402 uer-ferus
1015 4369 1080 4408 cum
1128 4347 1263 4412 absoluto
1287 4369 1427 4437 tanquam
1449 4366 1596 4446 fastigium
1615 4373 1748 4452 imponere
1764 4373 1842 4423 conatu

294 4400 406 4460 Orellio
424 4409 658 4474 communicavit.
675 4413 738 4476 Huc
752 4439 935 4487 accesserunt
953 4433 1011 4492 alia
1031 4437 1081 4496 do·
1127 4457 1201 4500 sum.
1218 4441 1320 4523 ltaque
1336 4451 1427 4512 verba
1440 4474 1534 4532 graeca
1546 4463 1695 4538 castigavi,
1706 4461 1843 4517 tocuscuur

297 4489 396 4549 ctrina
410 4495 554 4571 praesidia.
578 4497 690 4560 Etenim
712 4525 729 4564 a
747 4507 893 4587 Beneluio,
910 4516 1080 4585 professore
1127 4543 1190 4606 ptos
1208 4541 1341 4614 correxi,
1360 4543 1486 4626 denique
1509 4552 1625 4630 rejectis
1643 4571 1734 4632 magne
1748 4567 1775 4606 θλ
1792 4552 1842 4622 P²¹oe

295 4577 492 4656 Gottingensi,
527 4589 743 4651 contentionem
774 4611 802 4656 et
830 4609 1079 4682 comparationem
1125 4619 1248 4682 aliorum
1261 4633 1500 4700 translationibus
1512 4641 1575 4722 ipse
1587 4645 1644 4704 baec
1658 4637 1775 4722 opuscula
1784 4637 1841 4692 inter·

294 4669 448 4748 stemusque
473 4673 585 4735 Aldinae
610 4699 676 4738 curn
705 4685 831 4748 editione
862 4691 1038 4760 Londinensi
1063 4725 1080 4764 a
1126 4725 1255 4786 pretatus
1273 4737 1348 4781 sum.

841 4837 1835 4892 'Kx—d

295 4888 505 4960 umntuttupsulo
515 4898 637 4952 melioret
651 4901 785 4970 elegantior
795 4911 912 4966 Gratiana
922 4923 968 4970 est.
982 4923 1030 4984 (61)
1042 4927 1083 4976 Li·
1128 4931 1233 4990 aliorum
1248 4945 1453 5011 emendatiore-m,
1467 4955 1611 5008 varietatem
1623 4935 1838 5008 lectioniselmtnsrl·

294 4957 338 5008 ber
351 4961 387 5013 ita
400 4963 560 5019 inscribitur:
575 4973 709 5028 Alexandri
733 4981 857 5044 Aphrodis

294 5031 317 5080 Η
372 5033 379 5046 .
453 5039 468 5052 ,,
564 5043 596 5058 ,,
752 5051 758 5064 ,
848 4986 946 5068 ,Ῑθΰῦῖθν
959 4995 1082 5048 Ammonii
1123 5005 1184 5070 lucil
1204 5015 1310 5068 loannes
1327 5021 1455 5076 Comedus
1469 5029 1583 5082 Orellius.
1598 5031 1694 5082 Inserta
1709 5025 1757 5078 stul
1771 5009 1840 5070 will*

318 5044 402 5085 ermrae
424 5037 483 5098 filus,
506 5042 609 5105 Plutum,
625 5048 772 5102 Bardesanus
799 5057 854 5119 Syru

322 5101 362 5116 ..
488 5111 494 5122 Ι
874 5062 899 5109 et
918 5063 1016 5130 Georgii
1032 5070 1082 5119 Ge·
1126 5083 1252 5136 versiones
1265 5089 1303 5140 Jo.
1322 5091 1394 5160 (lasp.
1407 5099 1680 5168 Orellii.Turici‚tppis
1696 5091 1839 5152 pannum

294 5106 363 5152 mustn
382 5107 509 5162 Plethoms
522 5113 554 5163 dc
574 5117 635 5170 Fato
656 5133 713 5185 uuae
732 5131 864 5190 supersunt

314 5173 319 5184 Ι
882 5136 1013 5194 grecana
1039 5152 1082 5189 co-
1125 5150 1354 5214 intumuerant.

294 5170 379 5226 ducum
397 5183 635 5250 manuscriptorum,
658 5193 811 5258 editionum,
838 5205 980 5256 versionum
1003 5209 1077 5262 sudem

401 5247 462 5264 ..
603 5261 608 5274 .
740 5267 745 5280 ,
918 5277 923 5287 ,
1021 5281 1036 5292 ,,
1158 5229 1282 5289 (curvus
1302 5237 1454 5292 nsurroues
1468 5245 1515 5296 ner
1530 5247 1698 5309 precursurus
1718 5227 1836 5294 assurt*

296 5251 433 5308 recensuit,
454 5256 682 5314 mterpretstronem
702 5265 805 5319 latmam
828 5275 937 5337 Hugoms
958 5280 1037 5330 Guotu
1055 5283 1081 5331 el
1125 5300 1184 5348 torus.
1207 5303 1240 5349 tv
1257 5317 1311 5370 pag.
1329 5313 1372 5361 150
1385 5324 1454 5380 seqq.
1469 5317 1549 5369 Turius
1566 5323 1628 5369 1732,
1640 5324 1659 5369 8.
