4020 5950
244 385 283 446 02
913 381 963 440 DE
985 375 1171 440 Plutonia.

284 511 498 574 lnterciderunt
522 528 595 572 vcro
618 523 751 592 poemata
772 509 846 592 (tr),
861 531 926 590 quea
942 511 1026 572 Plato
1073 509 1292 570 tumdevirure
1301 505 1584 570 meuntmoadoo
1597 509 1728 569 vindicat
1738 508 1856 570 Suidas.

245 601 412 662 adolescens
431 599 587 679 scripsisse
605 601 731 661 traditur
755 601 823 681 (44).
852 597 968 675 Restat,
994 613 1027 660 ut
1072 597 1859 678 ContradlcyonLeontihcadomicoascribituralii-

245 709 339 770 pauco
358 689 394 748 de
416 687 516 748 dubiis
539 689 659 770 scriptis
683 709 749 769 quae
765 689 940 768 Thrasyllus
968 707 1028 748 non
1074 688 1119 748 cia
1128 687 1270 748 Nicaeensi
1281 687 1359 767 apud
1368 687 1540 748 Athenaeum
1553 686 1861 768 lib.le.506.c.et

245 779 485 844 commemoravit
506 797 540 838 ac
563 779 601 840 de
617 779 703 840 libris
726 780 895 840 subditiciis
919 780 1027 842 dicam.
1073 776 1219 836 Favorino
1234 775 1311 856 apud
1325 775 1486 854 Diogenem
1500 776 1648 836 laertium
1663 775 1718 836 lib.
1734 774 1791 849 ill,
1806 778 1858 836 62.

245 865 345 945 Neque
354 867 432 927 enim
445 867 548 928 attinet
561 867 610 928 hic
621 867 759 930 subtilius
769 883 798 929 et
808 868 929 930 uberius
942 869 980 928 de
989 867 1028 930 iis
1074 866 1299 946 Videturautem
1310 866 1387 925 idem
1397 885 1460 926 esse
1471 866 1605 943 dialogus
1615 865 1667 944 qui
1679 863 1769 924 hodie
1782 865 1862 924 inter

245 951 375 1015 Platonis
389 955 528 1033 dialogis,
546 953 598 1034 qui
614 955 686 1016 falso
697 955 834 1037 inscripti
849 969 877 1017 et
890 970 1027 1036 tanquam
1075 955 1199 1016 Luciani
1212 974 1302 1035 opera
1316 954 1364 1016 edi
1378 954 1461 1018 solet.
1476 955 1571 1015 Porro
1590 951 1799 1034 disputationis
1820 953 1859 1011 dc

245 1044 341 1122 spurii
363 1045 474 1106 familia
488 1043 685 1106 submovendi
699 1045 848 1120 videntur,
865 1046 1026 1126 disputare.
1072 1044 1153 1125 justo
1171 1043 1305 1105 meminit
1323 1043 1455 1106 isidorus
1477 1043 1627 1105 Pelusiota
1646 1043 1700 1104 lib.
1715 1041 1758 1106 1V.
1771 1041 1860 1122 epist.

246 1131 366 1209 Antiqui
383 1131 441 1213 (43)
471 1133 563 1210 igitur
589 1133 730 1212 quosdam
756 1133 891 1211 dialogos
911 1133 1029 1192 Platoni
1075 1155 1130 1211 91,
1159 1135 1260 1214 plures
1278 1133 1423 1210 ejusmodi
1447 1135 1672 1194 commentarios
1697 1153 1715 1192 a
1736 1131 1861 1194 Platone

244 1221 412 1298 suppositos
438 1239 502 1284 esse
527 1223 750 1284 contenderunt.
776 1221 885 1282 Eorum
910 1223 1030 1282 nomina
1075 1223 1221 1283 coniectos
1238 1242 1302 1282 esse
1318 1223 1477 1284 affirmans.
1499 1221 1556 1282 Sed
1578 1241 1632 1282 nos
1654 1233 1687 1281 ut
1711 1221 1862 1301 dialogum

244 1322 312 1368 sunt
328 1331 334 1367 ι
1075 1311 1116 1370 ita
1127 1312 1301 1390 inscriptum
1316 1309 1448 1371 Platonis
1461 1329 1525 1371 esse
1536 1329 1677 1389 negamus
1693 1335 1700 1370 ι
1717 1311 1758 1373 ita
1771 1313 1860 1372 atium

327 1419 348 1459 ι.
388 1397 500 1472 Μίδων,
517 1397 534 1471 ἢ
551 1399 735 1482 Ἱπποτρόφος.
1076 1401 1270 1460 Definitiones
1284 1419 1343 1460 non
1362 1399 1478 1460 Platoni
1489 1445 1498 1475 ,
1509 1399 1560 1462 sed
1576 1401 1741 1481 Speusippo
1755 1399 1864 1484 tribui·

323 1505 346 1548 ι.
387 1485 552 1567 Ἐρυξίας,ἢ
569 1489 788 1572 Ἐρασίστρατος.
1077 1509 1150 1550 tuus.
1170 1488 1214 1548 De
1227 1489 1283 1548 hoc
1303 1489 1394 1566 igitur·
1409 1509 1488 1549 nunc
1503 1489 1779 1551 commentabinurr.

323 1594 345 1637 a.
387 1575 513 1637 Ἀλιιυών.
1116 1581 1288 1655 όρσιωίμμιω
1306 1577 1377 1659 (48),
1393 1577 1579 1639 Atheniensis
1592 1579 1667 1660 (49),
1688 1600 1763 1660 pago
1778 1579 1862 1658 Myr·

325 1685 349 1724 ι.
384 1663 542 1744 Ἀκίραλος,
557 1665 575 1739 ἢ
591 1665 716 1748 Σίσυφος.
1076 1665 1227 1725 rhinusius
1247 1665 1319 1744 (ὅσ),
1336 1681 1453 1745 quarto,
1480 1681 1513 1728 ut
1535 1667 1656 1748 opinor,
1678 1668 1863 1749 Olympiadis

323 1772 347 1812 ι.
384 1750 499 1833 Ἀξίοχος
509 1756 567 1835 (ιι).
1076 1754 1114 1830 96
1127 1773 1205 1812 anno
1223 1753 1271 1812 vel
1285 1765 1351 1813 ante
1361 1753 1432 1816 Chr.
1447 1755 1504 1834 393
1520 1767 1622 1834 natus,
1637 1769 1752 1836 patrem
1764 1755 1863 1834 Eury-

323 1860 344 1899 ο.
378 1840 511 1910 Φαίακες.
1022 1845 1028 1854 “
1077 1842 1258 1917 medentem,
1283 1853 1405 1902 matrem
1428 1855 1524 1903 autem
1548 1841 1699 1918 Potonen,
1729 1843 1862 1904 Platonis

323 1948 347 1988 τ.
377 1930 529 2006 Δημόδοκος
545 1931 601 2012 (tsi.
1076 1950 1207 1990 sororem
1217 1930 1331 1990 hahuit.
1341 1932 1384 1990 De
1394 1931 1479 2011 cujus
1496 1933 1660 1992 studiorum
1676 1935 1770 1994 initiis
1787 1933 1863 1994 niidl

325 2036 349 2075 s.
378 2016 509 2080 Χελιδών.
1076 2019 1214 2081 traditum
1234 2033 1285 2095 est,
1297 2019 1444 2100 siquidem
1457 2039 1544 2100 aquo
1564 2035 1743 2102 praeceptore
1755 2021 1862 2102 primis

324 2123 348 2166 ο.
375 2102 497 2182 Ἔὸδόμη
512 2105 570 2185 (οι).
784 2098 788 2107 ’
1076 2107 1183 2171 litteris
1194 2106 1326 2167 imbutus
1340 2107 1393 2178 sit,
1409 2109 1591 2186 ignoramus.
1612 2109 1670 2170 Sed
1691 2111 1814 2186 contigit
1833 2109 1862 2168 ci

327 2213 360 2252 ιο.
376 2192 550 2270 Ἐπιμενίδης
564 2194 626 2275 (ιι).
1075 2208 1190 2274 μοειοιι,
1210 2210 1244 2256 ιιι
1258 2217 1276 2256 a
1294 2195 1417 2257 Platone
1430 2215 1466 2256 ex
1482 2197 1640 2258 itineribus
1657 2218 1776 2258 reverso
1794 2197 1862 2258 edu·

245 2283 284 2340 λι
298 2280 413 2340 librarii
432 2281 469 2342 de
488 2283 590 2343 talium
614 2283 760 2344 librorum
777 2281 952 2342 auctoritate
973 2284 1030 2342 mi·
1077 2296 1202 2344 caretur.
1228 2285 1345 2364 Quippe
1360 2285 1527 2346 avunculus
1541 2287 1735 2348 adolescentis
1755 2287 1861 2366 partim

244 2371 323 2431 nime
335 2369 456 2432 solliciti
469 2391 529 2432 ιιοιι
550 2373 637 2432 ιιιοιίο
657 2393 708 2433 cos
726 2391 802 2452 quos
815 2371 879 2432 dixi
898 2371 1031 2450 dialogos
1076 2373 1174 2449 segnis
1188 2377 1292 2453 partim
1311 2375 1532 2454 intemperantia
1560 2393 1657 2436 mores
1682 2375 1859 2438 emendavit.

245 2459 412 2540 frequenter
441 2459 679 2542 descripserunt,
713 2461 764 2523 sed
803 2461 877 2522 alios
911 2481 1030 2542 quoque
1075 2461 1139 2531 Oua
1154 2461 1186 2522 in
1200 2483 1232 2522 re
1249 2461 1332 2522 nullo
1346 2481 1401 2522 nec
1417 2461 1496 2524 dicto
1510 2481 1563 2522 nec
1583 2463 1657 2524 lacto
1675 2465 1703 2523 ei
1720 2463 1860 2524 molestus

244 2549 361 2610 Platoni
375 2550 571 2628 assignarunt,
587 2549 621 2611 ln
639 2552 686 2612 his
698 2563 767 2612 sunt
784 2571 791 2608 ι
1077 2550 1329 2627 fuit‚sedsugienti
1339 2566 1612 2631 semperparentum
1622 2553 1862 2632 conviciaetpro-

325 2659 362 2700 ιι.
386 2639 447 2720 περί
461 2641 566 2719 ἀρετῆς.
1076 2635 1131 2696 bra
1144 2635 1288 2716 placidum
1300 2657 1331 2697 se
1341 2637 1520 2718 minimeque
1537 2641 1643 2700 iratum
1654 2641 1790 2720 praebuit,
1800 2659 1862 2700 ma·

326 2749 361 2788 ιο.
384 2725 446 2807 περί
460 2727 571 2792 δικαίου.
653 2789 655 2794 ,
1077 2743 1225 2802 gnumque
1233 2723 1348 2784 homini
1357 2725 1498 2804 pudorem
1512 2727 1617 2807 suique
1626 2741 1655 2786 et
1665 2727 1861 2808 philosophiae

326 2833 362 2878 ιο.
385 2815 449 2898 ὅροι.
1076 2811 1299 2872 admirationem
1322 2813 1453 2875 incussit.
1481 2815 1578 2886 Quum
1604 2815 1736 2894 igitura
1764 2817 1862 2875 rrrdltis

245 2903 310 2977 Quo
338 2905 517 2977 factumest,
540 2915 572 2963 ut
593 2904 680 2962 etiam
706 2921 784 2962 nunc
812 2919 881 2981 pars
897 2899 1030 2959 codicum
1076 2901 1236 2960 amicorum
1262 2903 1525 2982 reprehenderetur
1548 2903 1758 2985 philosophus,
1779 2905 1860 2984 quod

246 3007 382 3071 tauquam
394 2992 546 3053 Platonica
556 2995 662 3072 scripta
674 2989 811 3050 exhibeat
826 2989 922 3069 primo
937 2988 1029 3047 Axio·
1077 3009 1136 3048 non
1148 2989 1300 3066 castigaret
1313 2991 1549 3052 adolescentem:
1568 2995 1630 3071 Ego
1647 3011 1732 3069 vcro,
1749 2994 1858 3072 inquit,
1881 3072 1886 3081 ι

245 3081 351 3156 chum,
368 3081 473 3142 deinde
489 3081 621 3158 dialogos
639 3081 677 3139 de
688 3079 769 3158 justo
791 3099 825 3139 ac
850 3081 886 3138 de
899 3078 1025 3151 virtute,
1077 3079 1203 3155 castigo,
1224 3081 1291 3137 vitae
1310 3097 1380 3138 meae
1402 3081 1515 3140 ratione
1539 3095 1568 3141 et
1591 3081 1777 3142 institutione
1801 3081 1860 3160 ipsi

246 3183 307 3230 ιιιιιι
324 3171 533 3244 Demodoouur,
550 3170 710 3250 Sisyphum
726 3182 755 3227 et
772 3166 928 3246 Eryxiam,
942 3167 1031 3225 deni·
1077 3163 1296 3238 demonstrans,
1319 3165 1400 3244 quod
1417 3169 1456 3227 sit
1476 3167 1665 3229 honestorum
1683 3182 1712 3228 et
1726 3168 1859 3248 turpium

24 3280 303 3346 ..m-mque
324 3261 519 3321 definitiones.
544 3259 587 3320 Ex
622 3259 668 3319 his
687 3257 827 3338 Eryxiam
849 3257 912 3316 sive
933 3254 1031 3314 Erasi-
1077 3251 1235 3312 discrimen
1259 3251 1331 3333 (δι).
1348 3255 1469 3316 Pietatis
1492 3275 1560 3334 erga
1584 3255 1734 3318 Platonem
1760 3256 1861 3317 multia

245 3335 365 3414 salanum
375 3401 384 3432 ,
395 3350 571 3432 Sisyphum,
587 3347 766 3421 hxiochum,
782 3359 929 3426 postremo
941 3343 1029 3404 libel·
1078 3341 1163 3401 annis
1186 3341 1346 3419 interjectis
1365 3341 1547 3425 Speusippus
1571 3347 1657 3426 pluro
1670 3345 1752 3406 dedit
1766 3346 1860 3406 docu-

245 3561 291 3623 ριῐ,
309 3556 350 3605 καί
364 3571 435 3612 τινες.
452 3581 483 3592 -
497 3554 548 3619 (41)
562 3553 685 3617 [λίοςοιιοο
701 3552 816 3604 Laertius
835 3549 877 3600 lib.
897 3551 946 3611 111,
961 3549 1029 3599 laci
1073 3562 1147 3604 τωνσς
1159 3548 1186 3598 τὸ
1201 3547 1345 3612 σύγγραμμα
1356 3551 1407 3598 κτλ.
1421 3577 1453 3591 -
1470 3549 1520 3614 (tu)
1534 3549 1622 3612 διδόμη
1637 3546 1823 3612 intellgendum
1832 3549 1862 3597 ut

245 3627 367 3692 ποιήματα
384 3625 489 3692 γρόιίιαι,
511 3629 605 3691 πρῶτον
626 3625 667 3688 μίν
690 3623 858 3688 διδυρόμδους,
879 3620 963 3672 ίιττιτοι
987 3621 1030 3670 καί
1074 3617 1142 3684 apud
1153 3618 1307 3670 Herodotum
1327 3618 1369 3671 lib.
1385 3621 1430 3683 vi,
1448 3623 1486 3671 57.
1498 3652 1529 3664 -
1547 3621 1597 3684 (47)
1612 3619 1769 3671 Platonicum
1786 3618 1861 3670 eiiam

247 3698 304 3758 ιιίλη
317 3700 356 3748 καὶ
368 3695 605 3763 τραγῳδίας-(44)
617 3694 771 3746 Tnhuiuuur
780 3697 864 3747 tamen
876 3691 900 3745 ei
910 3691 1031 3758 epigram-
1074 3686 1166 3737 librum
1175 3686 1344 3750 Epimenidem
1360 3700 1415 3740 esse
1426 3688 1479 3739 τιιίι
1497 3688 1616 3740 auretam
1631 3689 1764 3752 Praeparat
1775 3699 1860 3751 crurg.

245 3771 321 3836 mala,
331 3781 388 3833 quae
396 3767 494 3832 οοίίοιςίί
504 3767 550 3820 'ih
561 3765 681 3830 Bergltiua
690 3767 762 3819 Paci.
771 3767 829 3830 tyr.
843 3766 923 3818 Grac.
935 3779 959 3829 μ.
970 3767 1030 3816 455-
1076 3757 1120 3808 lib·
1136 3759 1157 3808 X
1171 3769 1224 3822 444·
1236 3760 1252 3807 4
1264 3769 1290 3821 P·
1304 3759 1361 3810 ⁴⁷¹·
1374 3784 1406 3796 ··

245 3844 300 3893 tas.
315 3867 348 3880 —
1107 3837 1158 3903 (45)
1169 3835 1858 3904 0t.t1axtmittmlacttttisrischsridespeusippiatue·

277 3903 329 3980 (43)
341 3911 462 3976 Diogenes
483 3909 595 3962 Laerhus
617 3909 661 3960 lib.
678 3911 724 3972 ΠΙ,
743 3915 773 3959 οι
791 3909 922 3959 νοθεύονται
943 3908 969 3958 at
982 3914 1030 3958 τῶν
1075 3907 1167 3960 niensis
1180 3907 1233 3959 vita
1251 3909 1401 3962 δίσοοιίοίίο.
1418 3910 1530 3962 Rastadil
1546 3913 1615 3962 rata.
1630 3937 1662 3948 -
1675 3907 1726 3975 (49)
1739 3909 1860 3974 Diogenes

246 3983 360 4046 διαλόγων
371 3981 578 4047 ὁμολογουμένως,
591 3981 691 4044 Μίδων,
709 3981 725 4040 ἢ
742 3978 912 4042 Ἱπποτρόφος,
926 3979 1031 4042 Ἐρυξίας
1076 3978 1188 4032 Laertius
1200 3978 1244 4043 w,
1266 3983 1277 4030 l
1293 3981 1444 4037 Σπιιίσιππος
1458 3982 1647 4045 Εὐρυμέδοντος,
1664 3979 1789 4037 Ἀθηναῖοι.
1811 3977 1861 4027 Τὸν

245 4053 466 4121 ηζΕρασίστρστος,
482 4051 601 4112 Ἀλκυὼν,
611 4051 764 4112 Ἀνιίφαλσςῆ
781 4049 894 4113 Σίσυφος,
915 4048 1030 4116 Ἀξίοχος,
1075 4051 1187 4113 deditum
1202 4049 1373 4116 Μυρρινούσιος
1391 4051 1429 4114 ἦν·
1450 4053 1475 4102 δε
1494 4051 1523 4114 ἦν
1543 4053 1593 4110 υίδς
1609 4056 1650 4110 τῆς
1668 4050 1768 4112 ἀδελφῆς
1785 4047 1859 4100 αὐτοῦ

246 4123 369 4182 Φαίακος,
384 4121 539 4186 Δημόδοκος,
553 4121 675 4184 Χιλιδόιν,
693 4123 813 4188 Ἕδδόμη,
828 4121 984 4186 Ἐπιμενίδης·
998 4123 1031 4174 ὧν
1077 4121 1195 4180 ίίοτώνης.
1213 4121 1302 4172 suidas
1319 4136 1326 4166 ι
1344 4123 1511 4184 Σπεύσιππος,
1527 4123 1710 4186 Εὐρομόδοντος,
1728 4119 1862 4182 ἀδελφιδοῦς

246 4197 262 4256 ἢ
276 4191 380 4248 'Alauda
389 4193 492 4250 Δίοντός
501 4209 564 4250 τινος
575 4192 635 4243 εἶναι
648 4193 729 4256 δοκεῖ,
744 4193 808 4244 aetat
821 4211 879 4256 φησι
891 4195 1032 4260 Φοιὸωρῖνος
1076 4189 1203 4248 nitrum<
1217 4199 1259 4242 τοῦ
1274 4194 1416 4256 φιλοσόφου,
1431 4194 1478 4244 dud
1492 4194 1606 4253 Ποτιδνης
1616 4196 1656 4252 τῆς
1667 4193 1739 4242 αὐτοῦ
1753 4189 1860 4252 ίσλτλφῆς,

247 4268 271 4316 ts
284 4269 319 4328 τῷ
328 4264 428 4328 πέμπτῳ
443 4268 492 4314 τῶν
507 4259 776 4327 ’ΔπομνημονευμότωνΙ
795 4264 928 4316 Athenaeus
940 4262 983 4316 lin.
998 4267 1031 4318 lli
1075 4261 1191 4322 decuerit
1203 4263 1276 4314 αὑτοῦ
1289 4264 1415 4322 Πλάτωνος
1428 4267 1468 4314 καί
1479 4265 1589 4330 διάδοχος
1601 4263 1725 4327 γενόμενος
1743 4267 1784 4320 ιῆς
1797 4260 1861 4310 δοια-

246 4351 270 4401 μ.
285 4341 339 4386 tut.
353 4347 376 4386 c.
390 4337 423 4392 ὡς
434 4335 474 4384 καί
486 4335 502 4392 ἡ
512 4334 620 4384 'nicode
631 4335 731 4391 Λέοντος
749 4337 791 4384 τοῦ
802 4333 986 4398 Ἀκοδημαῑκοῢ,
999 4335 1031 4395 4ος
1054 4327 1059 4430 (
1076 4332 1167 4394 δημίου
1179 4333 1362 4385 mucurisin
1373 4335 1429 4386 rita
1444 4333 1585 4386 Aristotelis
1598 4346 1606 4380 ι
1623 4333 1683 4397 pand
1699 4332 1725 4383 δδ
1740 4335 1783 4382 τοῦ
1794 4330 1861 4383 [ltd-

246 4421 303 4470 φησι
316 4405 399 4464 Νικίας
420 4405 434 4454 d
453 4404 557 4462 Νικαεὺς
574 4401 648 4470 [λίνοιο
669 4403 784 4468 λέγεται)
798 4433 825 4442 -
846 4404 896 4470 (44)
913 4405 951 4456 Ol.
966 4406 1029 4460 Phil.
1074 4419 1146 4460 τοινος
1157 4406 1265 4465 τιλτυτὴν
1276 4407 1409 4472 διαδέχεται
1423 4406 1465 4466 τὴν
1483 4406 1567 4457 τούτου
1585 4403 1676 4469 σχολὴν
1691 4404 1859 4462 Στιύσιππος,

247 4481 326 4530 Graec.
342 4479 443 4542 Ὲιιιγςιιι.
461 4475 518 4526 vol.
541 4478 567 4528 11
587 4489 644 4541 pag.
668 4477 780 4528 lta-tlt.
796 4505 828 4513 -
847 4477 897 4541 (45)
919 4477 1031 4530 clauseris
1074 4473 1319 4535 δάδιλφιδοῡςοιλτσῦ·
1332 4478 1382 4534 ultr
1396 4475 1440 4542 γδρ
1456 4475 1484 4536 ἦν
1500 4474 1568 4535 οὗτος
1581 4476 1710 4538 Παιτίνης,
1722 4480 1763 4532 τῆς
1777 4473 1861 4523 τούτου

247 4548 425 4602 Alexandrinus
439 4549 530 4600 suom.
553 4547 595 4599 lib.
610 4550 622 4599 1
641 4559 698 4612 pag.
716 4551 762 4598 ³15
776 4547 816 4599 ed.
834 4546 901 4612 Syll).
926 4550 971 4600 stol
986 4551 1031 4613 γὰρ
1074 4545 1180 4608 ἀδελφῆς.
1195 4544 1282 4598 (liccro
1292 4547 1368 4598 dead.
1380 4549 1402 4610 ί,
1417 4549 1432 4598 4
1445 4549 1508 4598 Nam
1529 4559 1609 4610 quum
1621 4545 1801 4611 speusippum,
1816 4555 1859 4593 so·

245 4616 282 4679 δή,
291 4619 324 4676 ὥς
336 4635 403 4680 φασι,
414 4623 469 4687 πιρί
478 4621 522 4680 τὰς
528 4619 623 4679 τελιτδις
632 4617 801 4684 ναρθηκοφόροι
813 4617 956 4680 μδνπολλοί,
965 4619 1029 4671 Βάκ·
1074 4613 1137 4665 roris
1148 4614 1242 4677 aliurn,
1256 4617 1327 4670 Plato
1342 4617 1504 4684 calumpnia
1523 4618 1597 4684 quasi
1612 4613 1731 4670 heredem
1742 4611 1858 4679 ruliqttit·

245 4705 285 4748 γοι
306 4689 369 4742 δότε
388 4699 491 4752 παῦροι,
512 4693 614 4750 πολλοὺς
633 4691 675 4752 μίν
697 4689 878 4752 rehericuria,
892 4688 986 4754 ὀλίγους
1003 4689 1030 4741 δὲ
1073 4691 1120 4743 sei.
1131 4689 1267 4742 Aulucus
1280 4690 1323 4745 Ῑίί).
1336 4693 1384 4745 vll
1400 4705 1456 4758 pag.
1470 4697 1524 4744 279.
1544 4706 1566 4744 e.
1581 4693 1609 4742 οδ
1628 4695 1721 4756 μακρὰν
1735 4691 1759 4742 di
1773 4690 1862 4741 τούτων

246 4759 301 4816 τοὺς
315 4759 437 4814 limittit
451 4757 617 4821 filttttittwot·
633 4759 749 4823 Ἐπιφίρει
763 4761 819 4820 γοῦν
830 4765 918 4824 σαφῶς·
931 4761 996 4814 οὗτοι
1005 4768 1031 4816 δι
1077 4761 1106 4823 ἦν
1116 4763 1157 4813 καί
1171 4763 1358 4827 intimarum
1375 4765 1502 4822 Πλάτωνος
1512 4764 1630 4824 ἀκουστὴς
1641 4765 1681 4813 καί
1695 4762 1817 4825 συγγενής.
1830 4787 1860 4797 -
1921 4775 1927 4779 ·

244 4834 303 4890 slot,
316 4829 379 4880 κατὰ
389 4830 431 4889 τὴν
446 4827 504 4890 ἐμὴν
518 4828 597 4891 δόξαν,
611 4828 655 4878 oda
667 4829 734 4879 dilus
750 4832 766 4890 ί)
783 4833 806 4882 οί
820 4832 1030 4898 πεφιλοσοφηκότες
1079 4831 1129 4896 (50)
1147 4833 1286 4898 suptarus
1297 4837 1430 4900 Byutnlius
1441 4847 1496 4900 pag.
1515 4837 1563 4886 464
1575 4831 1615 4886 ed.
1629 4832 1741 4886 Munda
1757 4829 1864 4896 thiudis-

244 4902 326 4968 ὀρθῶς·
341 4901 375 4952 ὧν
385 4901 414 4962 δὴ
426 4899 509 4962 κάγώ,
522 4899 586 4951 aar&
597 4915 624 4963 ys
636 4900 664 4950 τὸ
675 4899 785 4963 δυνατόν,
801 4901 867 4952 stata
880 4903 1029 4958 ἀπίλιπονίν
1077 4913 1143 4970 νοῦς,
1157 4909 1230 4974 δῆμος
1243 4917 1285 4971 τῆς
1304 4911 1459 4969 Πανδιονίδος
1480 4910 1561 4977 φυλῆς·
1581 4911 1712 4973 όδημόεης
1732 4905 1863 4974 diuidenti-

242 4979 277 5036 τῷ
291 4973 351 5036 βίον,
363 4971 423 5022 etat
432 4971 501 5021 παντί
514 4971 593 5036 τρόπιν
604 4972 769 5036 suetonum
781 4975 896 5036 γενέσθαι.
912 4977 940 5025 itt
954 4977 979 5026 tt
989 4976 1028 5042 ὁρ-
1076 4996 1134 5036 σιος.
1150 5007 1182 5017 -
1190 4981 1242 5046 (tt)
1254 4983 1403 5037 einardus
1416 4983 1448 5036 de
1461 4983 1568 5036 tratum
1584 4993 1669 5034 ancre
1682 4993 1737 5047 cap.
1754 4984 1782 5031 ιι
1801 4979 1858 5030 τοι.

243 5045 290 5099 θοι
305 5043 469 5108 mouentem
483 5043 524 5093 ast
538 5041 705 5106 τίήνύσαιιιν.
718 5045 795 5094 turea
807 5044 909 5103 ίλίίνυι
920 5047 947 5097 τὸ
959 5049 1029 5113 σαφὲς
1074 5052 1096 5101 Χ
1112 5063 1168 5114 φας.
1179 5055 1209 5103 σι
1224 5066 1276 5119 seq.
1290 5054 1330 5110 ed.
1347 5057 1453 5109 flattu.
1467 5056 1538 5108 ουτω
1549 5055 1590 5107 ιιοιι
1605 5053 1706 5108 mazou
1727 5051 1862 5119 αιιιφιοοοι

203 5115 210 5132 “
243 5111 368 5178 statuite,
379 5115 421 5166 itu
435 5114 486 5172 διδς
499 5114 569 5177 tus,
584 5113 662 5178 ὀλίγον
673 5114 779 5183 ὕσττρον.
796 5113 846 5180 Ἆρ’
862 5115 890 5166 οὐ
905 5119 971 5169 δοκεῖ
990 5136 1027 5172 σοι
1072 5119 1130 5172 δντα
1143 5121 1293 5177 Σπεύσιππον
1308 5127 1336 5178 ta
1347 5129 1434 5189 πολλῆς
1445 5127 1546 5186 debeo:
1557 5128 1598 5178 ιιοί
1612 5125 1743 5183 διολσσίοις
1753 5123 1863 5187 Mnas-

243 5183 345 5240 πίστῑίκ
364 5185 451 5237 tarda
462 5185 579 5252 δδριίιιοδν
592 5191 688 5252 γραφῶν
701 5187 743 5249 τήν
757 5189 816 5252 (λιτὰ
835 5187 932 5241 θάνατον
946 5189 1028 5243 linita
1074 5193 1132 5255 ψεν,
1149 5190 1215 5244 aiddu
1227 5197 1277 5248 οὔτ’
1295 5199 1368 5251 usae
1386 5198 1497 5264 ἀνιαρὰ,
1509 5199 1563 5252 sdes
1583 5198 1686 5258 maim
1702 5197 1760 5262 πρὸς
1775 5192 1861 5254 αὐτὸν,

244 5257 287 5303 τοῦ
300 5253 393 5305 δικαίου
405 5257 551 5318 σσρηνίζτινς
565 5257 616 5308 xta
626 5263 660 5323 τῷ
678 5256 824 5324 Δημοδόκῳ,
835 5259 855 5310 εί
866 5259 894 5320 δὴ
909 5265 951 5311 τοῦ
961 5263 1026 5312 Πλιί-
1074 5259 1133 5311 ἀλλὰ
1142 5263 1248 5330 φίύγοντι
1257 5268 1310 5326 τοὺς
1322 5273 1395 5332 restit
1404 5269 1543 5336 ίίόγχοντας
1552 5270 1624 5322 αὐτόν
1632 5269 1668 5320 dati
1678 5269 1724 5319 adv
1733 5266 1862 5329 mutuata
