3958 5942
286 415 345 473 192
452 447 459 456 ·
775 409 899 469 turici
924 409 1127 470 PLATONlCI
1148 409 1383 470 effluesul’lll

285 543 395 620 aliquid
410 543 489 600 dicat
511 515 704 600 essebeatum
727 553 756 598 et
768 541 948 614 immortale,
965 561 1012 614 un,
1032 541 1057 600 si
1104 538 1219 619 έλέγγοις
1244 539 1438 620 διακριθεέημεν
1459 538 1500 598 ἄν.
1523 537 1614 599 'Eoum
1634 537 1685 617 γδρ
1708 537 1755 596 καὶ
1777 537 1882 605 τούτους

285 631 356 708 quid
369 632 419 702 sit,
435 632 465 690 id
479 648 541 689 esse
555 629 746 705 immortale.)
1103 625 1281 702 Ἀριστοτέλης
1297 629 1464 706 μεταθεῖναι,
1479 632 1511 707 τῇ
1528 627 1576 704 μέν
1591 627 1736 707 κατηγορίφ
1751 631 1796 686 τοῦ
1817 628 1881 705 δόγ-

322 741 344 779 t.
359 721 445 780 Πόλιν
460 719 574 784 Μωσέως
588 715 708 796 γεννητὸν
723 709 789 776 εἶναι
802 716 847 774 τὸν
859 717 956 794 κόσμον
970 721 1059 799 θρισα-
1103 739 1183 790 ματος
1204 718 1336 796 ἀντισχεῖν
1353 716 1579 790 είδονατήσαντας,
1601 716 1631 776 τδ
1646 717 1672 774 δέ
1691 718 1792 774 ἆλῶναι
1807 717 1880 785 duint

283 810 375 885 μένου,
389 808 501 880 ποιητήν
514 831 542 866 τε
556 807 601 865 καλ
620 807 775 882 δημιουργὸν
788 809 840 871 τοῖς
854 807 923 872 δλοις
941 807 984 864 τὸν
1000 806 1057 864 θεὸν
1102 809 1137 872 ὡς
1153 806 1246 884 ψεῦδος
1259 806 1289 864 ού
1306 805 1479 882 βουληθέντας
1494 807 1629 866 ἀναθεῖναι
1646 805 1782 865 Πλάτωνι.
1807 805 1883 864 Κατίτ

283 897 486 969 ἐπιστήσαντος,
504 901 548 955 τοῦ
569 918 597 953 τε
613 895 753 960 ΙΙλιίτωνος
766 891 799 950 τύ
814 893 860 952 ίσα
875 897 968 954 Μωσεῖ
985 895 1058 974 φιλο·
1103 892 1130 952 δέ
1141 894 1189 967 τήν
1202 893 1330 972 ἡμετέραν
1341 892 1422 964 ἀκοήν
1434 892 1564 962 ἀξιοῦντος
1577 893 1719 960 Πλάτωνος
1727 893 1771 953 τὸν
1784 893 1883 970 κόσμον

232 1029 235 1036 .
282 990 433 1064 σοροῦντος·
448 985 496 1056 τήν
519 982 637 1042 ίναντέαν
661 987 710 1042 κάν
727 981 827 1050 τούτοις
848 985 863 1039 θ
883 981 1059 1064 Ἀριστοτέλης
1102 981 1234 1062 γεγονέναι
1260 982 1400 1042 κάλλιστον
1424 979 1524 1061 ἔργων,
1543 985 1593 1042 ὑπὸ
1607 987 1654 1041 τοῦ
1667 980 1810 1042 καλλίστου
1833 985 1883 1041 τεῗιν

282 1072 387 1140 ὁδεύσας
401 1073 576 1152 αίτιιλέγχεται
584 1071 648 1151 πρὸς
657 1070 865 1141 τοῦδηλωθέντος
874 1071 1058 1151 συγγραφέως,
1104 1069 1284 1148 δημιουργῶν,
1308 1069 1353 1128 καλ
1379 1068 1526 1149 παρεθέντος
1548 1075 1586 1151 τῷ
1602 1075 1647 1130 τοῦ
1673 1071 1772 1138 παντὸς
1786 1074 1884 1150 ποιητ·’ξ1

281 1150 332 1219 ῦδε
345 1161 410 1240 πρὸς
427 1165 499 1242 ῥῆμα
514 1160 668 1241 γράφοντος.
689 1161 797 1238 Πρῶτον
817 1156 848 1230 δὴ
866 1161 926 1238 περλ
937 1159 1059 1237 γενέσεως
1104 1159 1231 1235 δύναμιν,
1244 1158 1276 1218 δι’
1285 1149 1317 1230 ἧς
1329 1161 1376 1218 ούκ
1385 1163 1447 1219 ὄντα
1457 1159 1581 1239 πρότερον
1594 1159 1701 1231 ἐποίησε
1714 1161 1758 1217 τὸν
1772 1158 1883 1234 κόσμον,

281 1248 380 1326 κόσμου
391 1253 507 1326 σκοπῶν,
518 1248 603 1307 καὶτὸ
614 1251 660 1318 τῆς
672 1247 792 1325 προνοίας
803 1245 832 1304 τὸ
845 1245 913 1324 μίγα
925 1252 1000 1306 τοῦτο
1013 1245 1058 1306 καί
1103 1247 1149 1308 καλ
1165 1247 1294 1324 ποιήσας,
1309 1249 1345 1315 είς
1359 1248 1399 1308 ἀεὶ
1416 1247 1572 1328 βουλόμενός
1584 1272 1614 1326 γε
1629 1252 1696 1307 σῦον
1717 1245 1884 1326 διαφυλάξει·

281 1337 445 1418 πολυωφελὲς
459 1337 544 1416 δόγμα
556 1339 642 1395 παίντα
653 1339 738 1407 ζητεῖν
749 1337 890 1411 ἀναγκαῖον
902 1334 1058 1411 ἡγούμενος·
1104 1337 1246 1418 καὶταύτῃ
1261 1338 1292 1408 δὴ
1307 1345 1429 1416 γεννητοῦ
1440 1339 1486 1398 καί
1500 1337 1632 1419 ύφθόρτου
1646 1340 1705 1396 κατ’
1721 1337 1801 1396 αύτδν
1816 1341 1885 1394 ῦπα-

282 1425 326 1483 καλ
338 1425 519 1504 λογισάμενος,
533 1423 572 1482 δτι
588 1428 625 1505 τῷ
636 1422 673 1500 μὴ
684 1421 824 1502 γινομένῳ,
835 1423 894 1481 ούτε
904 1421 971 1489 τινὸς
984 1444 1059 1492 ποιη-
1103 1422 1225 1502 κειμένου
1247 1430 1293 1484 τοῦ
1312 1424 1429 1502 κόσμου,
1453 1425 1492 1492 τίς
1511 1431 1575 1503 ἡμῖν
1595 1431 1647 1486 τῶν
1670 1426 1885 1505 περεπατητικεῗιν

282 1521 327 1573 τοῦ
337 1513 395 1573 οὔτε
406 1516 473 1582 τενδς
482 1512 623 1587 κηδεμόνος
632 1512 695 1590 πρὸς
706 1511 736 1570 τὸ
745 1509 865 1590 γενέσθαι
875 1513 961 1577 καλῶς
970 1509 1058 1589 χρεία,
1104 1519 1188 1572 ταῦτα
1214 1512 1336 1593 βεόαιοῖ;
1351 1517 1390 1573 δεῖ
1405 1514 1432 1574 δέ
1447 1514 1688 1595 παραμυθήσασθαι
1708 1513 1753 1571 τδν
1768 1535 1885 1590 συναγει-

281 1599 324 1660 ένα
339 1601 376 1679 μή
392 1600 558 1681 ἀποστερήσῃ
580 1601 623 1660 τὸν
640 1605 737 1678 κόσμον
752 1605 798 1671 τῆς
814 1599 952 1677 προνοίας,
970 1599 1059 1678 ἀφεῖλε
1104 1603 1193 1674 νιστῆν
1205 1602 1318 1675 τούτοιν,
1334 1602 1375 1661 δτι
1389 1605 1419 1662 ού
1432 1603 1553 1676 ποίντυις,
1570 1601 1595 1662 εί
1608 1626 1633 1661 τι
1646 1601 1769 1680 γέγονεν,
1783 1602 1884 1678 ἀνάγκη

282 1689 313 1748 τδ
330 1691 468 1768 ἀγέννητον
489 1692 578 1749 αὐτοῦ.
596 1688 802 1767 Παραιτούμεθα
820 1687 847 1746 δέ
862 1692 906 1746 νῦν
922 1686 960 1764 μὴ
975 1688 1060 1763 έμπο·
1104 1695 1181 1749 τοῦτο
1197 1695 1342 1770 φθαρῆναι·
1365 1691 1444 1750 πόλιν
1466 1691 1489 1748 δ’
1504 1689 1557 1750 οὐδ’
1570 1691 1594 1750 εί
1611 1713 1637 1748 τι
1653 1689 1690 1766 μή
1706 1689 1884 1769 φθαρήσεται,

283 1776 334 1838 δὼν
356 1778 492 1854 ἡμῖντούς
507 1777 560 1836 dni
580 1781 627 1850 τῆς
646 1777 726 1846 αὐτῆς
741 1775 827 1842 ἑστίας
844 1765 926 1848 εῖναι,
942 1765 979 1840 οἷς
999 1773 1060 1852 αἰρέ-
1104 1781 1181 1837 τοῦτο
1202 1779 1344 1856 ἀναγκαῖον
1361 1777 1502 1856 ἀγέννητον
1518 1769 1594 1838 εἶναι.
1609 1776 1743 1857 οὔτεγὰρ
1760 1777 1824 1853 μίαν
1840 1778 1884 1834 αῖ-

282 1886 340 1922 σκεε
354 1867 398 1924 καλ
413 1865 482 1924 κατὰ
503 1864 636 1925 Πλοίτωνα
653 1863 697 1921 τδν
719 1862 817 1937 κόσμον
832 1864 970 1942 ἀγέννητον
985 1853 1060 1924 εἶναι.
1105 1864 1161 1924 τίαν
1175 1868 1212 1945 τῷ
1230 1867 1354 1948 ἂφθαίρτιρ
1367 1865 1415 1939 τήν
1427 1868 1457 1924 έκ
1470 1871 1515 1926 τοῦ
1530 1865 1672 1944 δγιννήτου
1687 1865 1884 1944 συγχωρητέον,

283 1953 388 2014 Δίκαιοε
409 1955 460 2034 γαίρ
483 1957 547 2012 είσεν
572 1953 636 2029 ἡμῖν
659 1950 814 2029 συγγνώμην
831 1951 932 2028 νίμιιν,
956 1954 979 2010 εί
1001 1951 1061 2030 περὶ
1104 1951 1163 2014 οῦτε
1178 1957 1214 2034 τῷ
1229 1955 1360 2036 γενομένῳ
1373 1955 1421 2026 τήν
1438 1957 1473 2022 είς
1488 1953 1592 2035 δλεθρον
1607 1954 1757 2031 μεταόολὴν
1770 1945 1886 2022 eluite

282 2045 333 2101 τῶν
349 2043 492 2102 δοκούντων
508 2041 632 2102 Πλάτωνι
647 2038 802 2116 πιστεύομεν
817 2027 854 2106 οἷς
869 2039 945 2106 etri<
958 2037 1061 2111 Ἕλλην
1103 2061 1148 2102 τον
1171 2041 1369 2105 καταλειπτίον.
1393 2043 1475 2103 Πόθεν
1497 2035 1541 2102 οῦν
1563 2045 1592 2102 lx
1615 2046 1667 2101 τῦνν
1691 2040 1884 2120 Ἀριστοτελους

283 2127 320 2187 ὢν
336 2129 400 2209 πρδς
411 2127 546 2201 Ἕλληνας
568 2133 637 2204 ήμῦς
652 2135 730 2208 σαφεῖ
743 2149 771 2186 τε
786 2127 831 2186 καλ
849 2132 935 2210 τρανῷ
949 2133 987 2209 τῷ
1001 2130 1061 2190 στό·
1104 2127 1230 2208 λάθοιμεν
1244 2130 1275 2190 δυ
1294 2131 1413 2210 βοήθειαν
1430 2135 1465 2198 είς
1477 2135 1572 2208 ταῦτα,
1586 2129 1677 2211 ύνδρδς
1688 2135 1717 2190 οὗ
1729 2129 1882 2201 τηνέλλσκ,

8 2221 349 2300 ’·”’““”““““·-ματε
360 2219 508 2280 διείλεκται.
527 2217 697 2296 Παραλαῦὼν
714 2218 777 2298 γάρ,
793 2218 890 2300 φησίν,
907 2222 921 2277 θ
940 2219 995 2286 θιδς
1009 2230 1061 2279 πᾶν
1105 2219 1164 2278 otti
1180 2219 1238 2278 καθ’
1252 2219 1330 2278 ninii
1346 2219 1511 2300 περαίνοντος
1525 2217 1594 2278 ι’τὸν
1610 2217 1781 2298 περὶτούτων
1796 2215 1885 2296 λόγον,

282 2311 342 2370 ὅσον
363 2302 395 2382 ἦν
418 2307 526 2388 ὁρατόν,
551 2311 599 2386 οὐχ
612 2306 725 2388 ἡσυχίαν
743 2306 818 2384 ἄγον,
846 2310 1008 2385 πλημμελῶς
1033 2307 1060 2366 δέ
1106 2315 1164 2372 ἀλλ’
1184 2315 1209 2382 έξ
1225 2317 1301 2394 ὀρθοῦ
1325 2313 1388 2396 πρδς
1409 2315 1541 2376 Πλοίτωνα
1563 2311 1775 2390 ἐναντιουμένου,
1794 2311 1841 2370 κεῖ
1855 2312 1884 2370 τό

283 2397 328 2456 καί
353 2397 471 2464 σίτσίκσωτ
499 2396 667 2473 anonumum,
684 2399 719 2463 σί<
746 2395 818 2465 'editt
843 2397 941 2474 ἦγσγσί
962 2400 992 2457 tn
1015 2401 1061 2469 τῆς
1104 2424 1134 2461 τε
1148 2401 1283 2482 γενόμενον
1293 2405 1329 2472 είς
1341 2403 1457 2482 ἀνάγκην
1471 2409 1517 2462 τοῦ
1532 2401 1675 2462 ἀπολέσθαι
1688 2401 1883 2481 περιιστάντος,

284 2483 408 2556 ἆσσξίσςν
424 2485 590 2564 incipero<
608 2491 682 2544 σσῧσσ
704 2484 802 2544 ίκσίνσυ
817 2485 920 2552 πάντως
943 2485 1058 2562 ἄμεινον.
1105 2490 1177 2552 τότε
1196 2492 1233 2570 μή
1250 2492 1431 2568 ἀπολλύμενον
1446 2495 1476 2552 tx
1493 2493 1571 2571 μόνου
1589 2499 1634 2552 τοῦ
1650 2490 1686 2568 μὴ
1707 2491 1830 2567 γενέσθαι
1844 2492 1886 2548 λε’-

283 2567 346 2633 'Eu
359 2572 387 2632 δέ
400 2573 444 2632 καλ
460 2575 559 2650 μᾶλλον
573 2572 613 2632 ὅτε
630 2571 668 2650 μὴ
687 2571 719 2630 δι’
736 2573 916 2650 αίνιγμύτων,
940 2574 1002 2650 μηδ’
1018 2573 1061 2634 liti
1105 2581 1385 2660 twmttpettivtdtnt
1400 2579 1542 2661 ἄφθαρτον,
1558 2587 1570 2618 ⁰
1589 2583 1619 2640 οὐ
1641 2580 1693 2654 μὴν
1715 2583 1751 2645 ὣς
1773 2579 1886 2650 δύναμιν

283 2666 328 2720 τοῦ
342 2665 439 2740 σαφοῦς
461 2660 539 2740 χρείφ
553 2658 601 2731 τήν
623 2659 723 2738 γένεσιν
748 2661 923 2738 παρεδέξατο,
936 2663 1010 2734 δηλοῖ
1028 2663 1061 2720 δι’
1106 2668 1291 2738 ἀπολείποντος
1307 2671 1386 2731 αύτοῦ
1404 2671 1464 2750 περλ
1483 2669 1527 2729 τόν
1540 2668 1614 2743 θεόν,
1630 2659 1649 2748 ᾗ
1668 2665 1806 2747 χρώμενος
1822 2669 1887 2743 ἀγα-

263 2739 320 2814 ,ιῦν
334 2755 348 2809 δ
361 2748 449 2828 πατὴρ
463 2750 532 2826 αύτῷ
546 2751 597 2805 τῶν
613 2747 718 2807 πάντων
732 2749 870 2808 διείλεκται
883 2750 944 2830 περὶ
956 2751 1061 2831 τούτου,
1106 2755 1150 2815 θδν
1169 2757 1201 2816 έν
1223 2779 1250 2817 τι
1273 2758 1396 2832 ποιήσαις
1416 2756 1454 2819 ‘0
1471 2757 1522 2836 γὰρ
1537 2755 1611 2816 οὔπω
1633 2755 1758 2834 πρότερον
1776 2755 1885 2831 γέγονε,

285 2836 352 2913 μετὰ
371 2836 419 2908 τήν
443 2839 494 2894 τῶν
520 2835 587 2894 ὅλων
609 2836 789 2916 δημιουργίαν.
831 2837 940 2909 Ἐπειδὴ
964 2845 976 2875 ·
998 2841 1060 2922 γάρ,
1107 2850 1199 2918 τοῦτο,
1216 2845 1311 2925 φησίν,
1333 2847 1386 2906 οὔδ’
1402 2844 1434 2906 δν
1455 2843 1565 2924 γένοιτο.
1591 2843 1723 2906 Τοσοῦτόν
1744 2865 1772 2902 τε
1796 2843 1887 2901 ἀποδεῖ

285 2923 364 3003 φησί,
379 2925 532 3004 γεγένησθε,
549 2921 636 3001 (λέγει
651 2923 678 2984 δὲ
693 2923 758 3003 πρδς
774 2923 833 2992 τοῦς
847 2924 956 3008 θεούς,)
970 2928 1063 2988 tutne-
1107 2935 1152 2989 τοῦ
1172 2929 1215 2990 διδ
1238 2931 1336 2992 τούτοιν
1360 2935 1462 3012 βοηθεῖν
1480 2935 1518 3009 τῷ
1540 2933 1682 2997 Πλάτωνος
1702 2929 1789 3010 λόγῳ,
1818 2927 1887 2987 ὥστε

285 3035 325 3070 τοι
340 3013 388 3086 μίν
403 3016 451 3072 οὐκ
464 3012 523 3072 ient
531 3059 539 3090 ,
551 3015 603 3072 οὐδ’
615 3015 704 3073 αίλυτοι
715 3014 746 3074 εδ
761 3015 888 3092 πάμπαν,
902 3013 958 3074 οὔτε
967 3039 997 3094 γε
1010 3016 1062 3092 μήν
1107 3017 1160 3091 ήδη
1172 3019 1245 3088 τινδς
1265 3020 1310 3080 καλ
1325 3021 1377 3080 τῶν
1391 3019 1451 3098 περὶ
1466 3021 1600 3081 Πλάτωνα
1614 3018 1818 3078 ἐσπουδακότων
1839 3040 1890 3096 φο-

285 3100 444 3172 λοθήσεσθε,
464 3105 509 3172 τῆς
527 3103 591 3178 ἐμῆς
607 3104 756 3183 βουλήσεως
769 3103 897 3182 τυχόντες.
914 3101 983 3164 'til’
999 3103 1063 3186 ὅπερ
1109 3105 1209 3184 δήσας,
1227 3099 1265 3174 οἶς
1285 3097 1368 3178 εἶπεν,
1392 3108 1524 3180 δπέστησε
1540 3111 1586 3168 τοῦ
1601 3106 1743 3185 δόγματος·
1759 3108 1791 3166 ού
1810 3109 1888 3177 δυνη-

286 3185 368 3270 έφην,
386 3188 450 3268 πρὸς
472 3185 519 3265 μὲν
542 3188 601 3256 τοὺς
621 3187 693 3249 ένδον
714 3193 778 3266 ἡμῖν
802 3191 1002 3269 φθεγγομένους,
1018 3191 1063 3254 ύτε
1109 3194 1199 3264 θέντας
1218 3196 1343 3272 συνιδεῖν,
1358 3196 1398 3255 δτι
1410 3196 1481 3256 κατὰ
1503 3197 1551 3276 μίν
1572 3195 1620 3268 τήν
1635 3197 1719 3256 αὗτῦν
1735 3193 1813 3275 φύσιν
1834 3197 1887 3252 τιῗτν

286 3277 375 3360 φίλσσς
396 3276 488 3351 ittet,
514 3275 605 3355 φιλίως
623 3299 651 3337 'tt
675 3277 721 3337 Χσί
744 3281 803 3353 put·
828 3280 939 3357 ἣσυχίστ
953 3281 1062 3360 πραέσῑν
1108 3283 1288 3364 πραγμάτων,
1302 3284 1348 3345 tte
1363 3309 1402 3353 τις
1415 3281 1429 3322 ‘¹
1443 3286 1504 3346 ἄνευ
1518 3289 1576 3344 θεοῦ
1588 3283 1737 3364 βουλήσεως
1749 3283 1796 3340 καὶ
1810 3283 1840 3340 δυ
1847 3282 1890 3341 ναί·

1732 3426 1884 3440 -n--n-h

316 3502 342 3549 t.
360 3498 480 3548 Mundum
500 3511 587 3548 rursus
607 3499 689 3548 Moses
710 3511 766 3548 eum
782 3501 865 3547 ortum
886 3499 985 3560 statuit,
1010 3504 1061 3550 tum
1112 3507 1165 3558 tum
1179 3519 1210 3556 ex
1223 3505 1361 3558 inordinato
1372 3508 1397 3558 iu
1408 3508 1517 3562 ordinem
1531 3505 1891 3569 ιι(ῖι1ιιείῑ,εῑείυιιιΙιιιιιστιιΙ

288 3603 343 3652 epus
354 3587 468 3652 opiticem
477 3586 704 3648 ‘reditiontoremque
718 3586 792 3636 deum
805 3585 863 3638 huie
876 3599 958 3637 rerum
972 3587 1066 3638 univor-
1112 3596 1152 3642 tus
1168 3591 1256 3658 utique
1274 3595 1353 3646 altero
1368 3595 1411 3646 illo
1430 3595 1556 3647 meliorem
1569 3596 1689 3646 tutorum.
1705 3593 1850 3658 ceteroqui
1865 3606 1892 3642 se

289 3675 355 3726 siteti
369 3676 498 3740 proiecit:
514 3689 563 3738 quo
579 3675 603 3724 in
618 3687 705 3736 penore
719 3674 782 3724 ltosi
793 3687 891 3737 quoque
905 3679 1066 3726 εοαεοιιεειιεο
1112 3693 1160 3732 non
1176 3685 1219 3734 not
1241 3683 1377 3749 onigmette
1394 3685 1474 3749 speeie
1491 3689 1536 3736 eut
1557 3683 1710 3737 illuntrnndn
1735 3686 1834 3734 tentum
1857 3682 1891 3732 rei

288 3765 356 3814 Pluto
369 3764 485 3828 disputet.
500 3763 653 3816 contrarium
666 3763 765 3826 utrique
781 3762 923 3812 Aristoteles
935 3762 982 3814 nnn
993 3765 1066 3814 etiem
1112 3772 1190 3835 grauia
1206 3771 1271 3824 punc
1284 3775 1371 3826 mundp
1385 3777 1467 3825 ortum
1481 3771 1821 3840 probsssp‚d001mpefflm
1833 3783 1890 3822 m.

294 3853 467 3918 inquestione
483 3853 550 3904 viem
570 3853 709 3916 loprosuue,
733 3851 764 3933 nb
783 3851 867 3902 eodem
884 3853 965 3904 Attico
981 3853 1015 3903 ite
1036 3853 1065 3903 ed
1111 3857 1148 3919 giu
1160 3854 1207 3906 illis
1218 3857 1316 3920 rubis,
1330 3858 1421 3924 qulbus
1432 3871 1523 3920 rerum,
1540 3861 1664 3919 uteroeat,
1676 3858 1805 3922 parentem
1818 3856 1853 3906 de
1863 3868 1892 3906 ee

289 3943 390 3995 verbum
401 3943 523 3993 scribente
537 3941 667 3993 refutetur.
680 3939 818 4005 Principio,
834 3940 913 4004 inquit
924 3939 964 3992 ille
973 3977 980 4003 ,
990 3955 1066 4006 quum
1111 3959 1186 3998 causa
1197 3949 1254 4012 post
1266 3951 1373 4000 emtam
1383 3963 1467 4001 rerum
1478 3947 1665 4000 universitatem
1677 3959 1750 3998 usum
1762 3959 1820 3998 pesp
1833 3945 1893 3997 wi.

288 4031 319 4080 de
332 4031 418 4080 mundi
432 4035 490 4081 ortu
501 4031 571 4080 Pluto
585 4031 793 4080 commentaretur
804 4031 879 4092 etque
895 4028 1065 4088 meditaretur,
1112 4033 1156 4086 bit,
1173 4035 1293 4086 Nimirum
1309 4037 1437 4101 quonjam,
1449 4037 1542 4101 inquit,
1563 4036 1611 4087 0111
1626 4035 1687 4086 essu
1703 4034 1782 4100 (effi
1804 4035 1890 4084 aaran

288 4117 403 4182 idemque
434 4132 550 4182 magnum
575 4119 636 4168 illud
669 4121 695 4168 et
725 4117 880 4168 lmetuosum
905 4116 1067 4181 providentio
1111 4123 1276 4188 alloquitur),
1290 4124 1496 4177 immortnleeroe
1510 4123 1609 4188 quidem
1620 4137 1675 4174 esse
1688 4127 1713 4174 et
1727 4121 1889 4187 ptnneindps.

288 4205 376 4268 dogma
389 4207 468 4257 cuivis
479 4205 609 4270 diligenter
624 4205 812 4257 examinandum
823 4207 938 4269 putaret;
951 4217 983 4266 eo
995 4204 1067 4255 elmul
1111 4204 1228 4256 solubiles
1240 4218 1288 4254 uon
1303 4205 1426 4268 potentis,
1446 4203 1591 4268 neutiquam
1607 4205 1690 4254 temen
1707 4201 1892 4258 dissolventur,

289 4297 412 4354 censeret,
430 4293 496 4342 nulio
516 4297 573 4343 ortu
588 4297 730 4357 generatum
751 4305 831 4356 neque
850 4292 966 4342 etteetore
991 4305 1068 4355 neque
1111 4289 1178 4354 quod
1190 4301 1251 4340 meo
1263 4289 1399 4338 voluntatis
1411 4287 1510 4337 vinculo
1521 4284 1628 4350 colligati
1638 4284 1711 4334 estin.
1728 4283 1842 4343 Verum,
1859 4281 1894 4330 uti

289 4383 400 4430 curatore
414 4381 445 4429 ed
468 4379 528 4430 bene
543 4379 675 4430 vivendum
695 4371 765 4443 egere
779 4401 785 4431 ι
800 4379 930 4441 continuo,
948 4391 980 4430 ne
994 4393 1068 4431 muu-
1109 4379 1161 4442 jum
1175 4377 1240 4438 dixi,
1255 4389 1311 4426 oum
1328 4375 1415 4440 linqui
1437 4387 1483 4424 nos
1495 4374 1561 4424 intus
1588 4371 1706 4435 domique
1724 4373 1817 4420 norim
1830 4369 1895 4418 nilo·

289 4467 348 4518 dum
367 4465 521 4531 providentie
535 4467 658 4532 privaret,
672 4481 798 4530 nunquam
821 4480 876 4518 esee
890 4470 972 4517 ortum
993 4482 1067 4531 nege·
1112 4467 1230 4530 quuntur,
1249 4461 1540 4527 tunqunmonunnmieis,
1553 4460 1632 4510 amieo
1643 4460 1780 4523 quoqueet
1798 4455 1896 4520 placide

290 4557 334 4608 vit.
349 4556 396 4608 lito
411 4571 471 4608 vero
484 4558 598 4608 homines
609 4555 713 4606 eundem
737 4559 829 4606 sectum
852 4555 1009 4619 prolitentes,
1025 4558 1067 4622 qui
1113 4551 1304 4604 oontroveretem
1319 4551 1381 4602 hene
1392 4549 1530 4601 mitioribus
1549 4547 1700 4610 argumentis
1712 4546 1853 4608 iniungere
1871 4542 1898 4592 li-

289 4645 407 4696 mundum
418 4638 536 4697 etinm'de
549 4645 657 4696 Platonis
671 4645 792 4696 sententie
804 4647 886 4694 ortum
897 4657 951 4695 esee
962 4647 1068 4708 negent,
1113 4643 1176 4692 oeet.
1187 4641 1249 4690 llum
1258 4639 1305 4690 hos
1316 4639 1389 4690 etium
1401 4636 1543 4688 Aristotelen
1554 4635 1586 4685 ed
1599 4648 1670 4685 suem
1680 4632 1833 4683 sententium
1845 4633 1896 4680 tra·

289 4745 416 4796 rogemus,
429 4747 459 4784 ne
476 4731 546 4784 uobis
558 4732 733 4796 impedimento
748 4732 803 4784 sint.
815 4733 921 4796 AEquum
935 4733 1000 4782 enim
1014 4745 1068 4796 pro
1112 4729 1213 4779 duxisse
1231 4727 1338 4790 uidetur,
1354 4726 1399 4790 qui
1412 4739 1457 4775 neo
1475 4722 1598 4787 dogmatis
1618 4721 1694 4785 hujus
1708 4717 1898 4783 reprehensioni

290 4823 354 4873 teoto
373 4825 412 4874 eut
427 4822 491 4874 hene
509 4833 552 4874 eos
570 4822 641 4872 uobis
660 4822 758 4873 renium
771 4819 845 4881 dure,
862 4821 884 4872 ei
901 4823 1021 4884 quantum
1036 4820 1069 4870 ud
1112 4828 1249 4880 repugnare
1260 4817 1459 4879 possentmoqne
1472 4812 1548 4863 ullum
1558 4813 1642 4861 tumen
1653 4807 1808 4872 opinionem,
1821 4819 1898 4870 quum

291 4909 990 4976 Platoniedootrinnmiisipristidemudjungemue‚qnae
1001 4909 1067 4959 olere
1112 4903 1158 4969 ipei
1177 4907 1204 4954 ut
1227 4903 1314 4954 taleam
1333 4899 1510 4960 convellerent,
1538 4897 1634 4950 Plutoni
1650 4895 1769 4946 tribuisse
1783 4893 1899 4944 tenuiori

290 4997 316 5044 et
331 4995 459 5060 splendida
471 5009 532 5047 rooe
549 4995 614 5060 opud
633 5009 692 5056 nos,
707 4996 753 5045 hoo
765 4996 804 5045 est
818 4995 918 5044 Grecos
935 4991 1067 5056 hominen,
1113 4992 1213 5044 vellent.
1227 4993 1296 5042 tiuuo
1308 5002 1382 5052 vero,
1392 5001 1471 5052 quum
1482 4987 1567 5048 Pluto,
1580 4985 1618 5036 utt
1629 4985 1722 5035 nostris
1734 4982 1783 5047 ipsi
1794 4983 1898 5032 nuribus

290 5085 394 5133 (tronus
418 5083 492 5133 homo
513 5083 658 5147 disputavit.
678 5085 761 5140 Quum
789 5081 868 5140 enim,
887 5080 983 5145 inquit,
1006 5080 1069 5132 dene
1112 5078 1241 5132 dooenteru
1254 5077 1432 5130 audivimueet
1451 5075 1572 5127 mundum
1585 5087 1688 5138 opernm
1703 5073 1819 5122 omniurn
1839 5069 1897 5134 pnl-

292 5170 411 5233 quidquid
421 5175 474 5223 erut
483 5172 630 5237 aspectabile
643 5169 833 5234 assumpsisset,
847 5168 871 5218 id
881 5182 929 5218 non
945 5171 1067 5233 tranquil·
1112 5167 1286 5220 ohemlmunnn
1299 5164 1504 5230 prmttntieeimo
1515 5161 1603 5227 opitioe
1615 5161 1708 5211 tuntum
1719 5157 1863 5214 existimet,
1875 5158 1900 5205 et

292 5255 345 5307 lum
359 5261 386 5310 et
395 5260 520 5324 quietum,
535 5261 579 5312 sed
591 5259 751 5312 immoderate
764 5262 839 5323 etque
858 5255 977 5322 indigeste
989 5258 1069 5322 epite-
1113 5269 1169 5312 οαιιι
1185 5253 1354 5309 uniuersitatis
1367 5251 1474 5306 molliori
1488 5251 1540 5304 vim
1558 5261 1588 5301 αο
1598 5249 1748 5314 potestatem
1765 5245 1882 5310 ”signet
