3976 5948
219 449 278 509 na
902 439 1145 504 xnuocatnvs

216 599 285 661 pag.
304 581 359 638 150
370 579 416 637 ed.
436 578 558 640 llutten.
574 579 618 637 De
633 578 876 656 reliquoomnia,
891 595 958 655 quae
973 579 1004 634 in
1053 597 1111 650 σιν,
1127 571 1198 634 ἀλλά
1217 572 1265 632 καθ
1285 571 1319 631 τθι
1334 571 1446 652 μέγιστα
1466 572 1591 652 σώματα·
1613 575 1718 654 μήποτε
1739 567 1785 636 οὖν
1806 600 1839 636 ου

216 683 295 728 terra
315 679 448 738 exstant,
470 667 518 726 vel
537 685 590 745 per
613 685 643 725 se
656 681 745 740 sunt,
767 666 812 725 vel
828 665 864 724 ad
887 664 1003 744 aliquid
1053 662 1118 744 πρὸς
1128 660 1175 734 τῆν
1188 663 1231 722 ἐπ’
1245 659 1354 743 ἀπιιρον
1365 660 1449 740 τομὴν
1462 662 1582 723 ἐνίστατο
1594 667 1607 722 θ
1619 663 1795 744 Ξενοκράτης·
1811 666 1842 723 οὑ

217 756 402 816 reseruntur.
416 757 510 814 Docet
517 754 575 814 hcc
585 753 756 834 Simplicius
765 754 801 814 ad
811 753 931 814 tristor.
945 753 1003 811 Ca·
1053 751 1104 834 γάρ
1120 751 1153 812 δν
1166 750 1350 834 γεωμετρικὴν
1367 751 1452 832 ἀρχὴν
1469 753 1587 832 ἀνεῖλαν,
1602 753 1781 833 γεωμετρικὸς
1802 752 1842 812 ὢν

216 857 274 921 teg.
298 864 364 924 pag.
386 842 461 936 τρο(
472 845 577 922 interp.
592 844 640 903 lat.
661 843 763 905 Venet.
789 841 889 922 1567)
907 863 914 900 ι
940 845 1004 900 Xe·
1053 841 1136 923 ἀνήρ,
1153 839 1301 923 ἀλλὰπρὸς
1316 840 1347 900 τθ
1366 842 1402 910 εἰς
1424 841 1521 922 ἀπειρα
1536 843 1687 924 διῃρῆσθαι,
1702 843 1783 902 όντων
1798 843 1844 903 ἀεί

216 947 346 992 nocrates
367 948 397 992 et
414 937 593 992 Andronicus
613 937 747 992 uidentur
764 940 860 992 omnia
878 953 1004 1010 compre·
1052 955 1129 992 τινων
1138 931 1263 1010 άτμῆτων
1275 933 1406 1009 μεγεθῶν,
1417 931 1495 992 άτινα
1506 931 1565 992 οὖδδ
1578 932 1628 993 ὑπὸ
1641 931 1742 1013 φύσεως
1753 932 1843 1012 ἰσχύει

215 1025 402 1082 leuderesub
415 1044 511 1101 perse
525 1026 608 1082 etad
627 1027 739 1100 aliquid
755 1043 764 1080 :
782 1026 906 1101 perinde
923 1029 1012 1100 quast
1052 1019 1111 1080 καθ’
1124 1019 1193 1078 αὑτά
1209 1020 1366 1101 διαιρεῖσθαι
1382 1019 1426 1081 δεδι
1441 1019 1621 1101 σμικρότητα,
1639 1021 1699 1079 ἀλλ’
1711 1022 1842 1080 ἑνωθέντα

215 1133 457 1190 supervacaneum
469 1120 507 1170 sit
518 1116 598 1190 apud
607 1133 655 1172 eos
669 1127 781 1171 taniam
796 1117 1005 1172 multitudinem
1053 1108 1133 1168 πάλιν
1150 1109 1238 1176 άλλοις
1253 1109 1374 1187 σώμασιν
1382 1155 1391 1188 ,
1407 1107 1491 1184 οὑτω,
1506 1115 1551 1170 τοῦ
1565 1107 1626 1171 δλου
1641 1111 1842 1192 διαιρουμένου,

212 1224 346 1278 generum
360 1202 480 1276 afferre.
496 1201 553 1272 Qui
569 1201 652 1261 locus
674 1203 715 1260 sic
730 1201 924 1279 explicandus
939 1215 1003 1280 est,
1052 1203 1080 1261 lv
1100 1201 1202 1266 ἑαυτοῖς
1220 1199 1321 1271 ἐκείνην
1344 1197 1450 1279 δέχεται
1473 1196 1522 1270 τῆν
1547 1197 1688 1278 διαίρεσιν,
1714 1199 1747 1272 ῆν
1770 1203 1842 1296 μάχα

215 1305 247 1351 ut
260 1293 341 1372 quod
358 1313 412 1372 per·
426 1312 457 1352 se
471 1293 527 1364 sit,
552 1289 746 1350 substantiam
764 1309 828 1350 esse
848 1291 1002 1366 dicamus,
1052 1281 1115 1348 ὄντα
1129 1290 1176 1348 οὑκ
1188 1286 1220 1348 δν
1235 1288 1383 1368 ὑπέμεινεν.
1396 1286 1447 1356 Ὧς
1461 1279 1505 1348 οὑν
1520 1291 1533 1348 θ
1548 1288 1664 1350 Πλάτων
1679 1289 1794 1350 ἐπίπεδα
1805 1297 1843 1351 εἰ-

214 1383 293 1460 quod
309 1383 346 1442 ad
361 1381 475 1461 aliquid
490 1381 644 1452 referatur,
660 1379 796 1440 accidens
811 1383 860 1440 vel
877 1381 999 1441 modum
1052 1399 1099 1436 πεν
1114 1367 1181 1438 ιίναι
1201 1377 1235 1439 τδ
1253 1381 1346 1460 πρῶτα
1365 1377 1410 1436 καί
1430 1376 1560 1458 ἐλάχιστα
1583 1376 1712 1456 σώματα,
1728 1379 1841 1448 οὑτωςὸ

215 1471 413 1550 appellemus,
436 1470 576 1550 queniam
608 1471 657 1530 hio
683 1491 743 1530 non
768 1482 865 1552 potest
889 1471 948 1532 nisi
973 1470 1003 1529 in
1051 1466 1222 1549 Ξενοκράτης
1233 1465 1360 1548 γραμμδις
1375 1467 1536 1547 ἀδιαιρέτους
1547 1465 1594 1544 μέν
1608 1469 1651 1526 διὰ
1662 1469 1840 1550 σμικρότητα,

214 1560 307 1620 altero
323 1561 417 1639 esse.)
1051 1555 1184 1632 διαιρετὰς
1196 1553 1223 1614 δὲ
1237 1555 1282 1614 καὶ
1297 1553 1378 1621 αὑτάς
1394 1552 1473 1622 οὔσας
1487 1559 1521 1634 τῇ
1536 1553 1623 1633 φύσει.

255 1671 291 1711 ει.
312 1653 348 1712 Ol
362 1649 391 1710 δί
407 1649 469 1730 περί
492 1649 662 1732 Ξενοκράτην
677 1649 725 1724 τῆν
746 1649 794 1728 μίν
812 1648 919 1731 πρώτην
935 1650 1001 1710 dao-
1091 1643 1276 1724 (Simplicius
1297 1644 1330 1703 in
1354 1643 1520 1704 Aristotelis
1538 1641 1631 1722 Phys.
1654 1664 1723 1724 pag.
1749 1647 1787 1706 30
1805 1647 1839 1706 B.

213 1739 320 1799 λουθίαν
339 1743 444 1799 ὑπεῖναι
458 1742 638 1819 συνεχώρουν,
649 1742 722 1798 τοῦτ’
733 1739 804 1799 έστιν
819 1738 860 1798 ὅτι
874 1739 898 1798 εἶ
908 1737 935 1798 έν
948 1739 1003 1798 ἐστι
1049 1733 1159 1812 Scripsi
1172 1747 1268 1794 sutem
1284 1733 1385 1805 ἐκείνην
1401 1729 1507 1812 δέχεται
1522 1729 1571 1804 τὴν
1588 1731 1714 1813 διαίρεσιν
1728 1735 1842 1813 rejecta

213 1826 243 1886 τδ
257 1826 302 1900 όν,
316 1826 362 1887 καὶ
382 1825 532 1907 ἀδιαίρετον
548 1827 641 1887 ἔσται·
659 1830 688 1886 οὑ
703 1825 756 1906 μὴν
774 1827 920 1906 ἀδιαίρετον
936 1814 1003 1885 εἶναι
1049 1826 1288 1883 membranarum
1314 1821 1441 1882 lectione
1456 1823 1542 1882 έκεῖνο
1565 1819 1673 1903 δέχεται
1695 1821 1743 1895 τὴν
1767 1824 1841 1884 διαί-

213 1914 243 1974 τδ
264 1913 311 1974 όν·
332 1917 372 1976 διδ
385 1917 467 1976 πάλιν
481 1917 549 1993 μηδὲ
571 1915 598 1975 ἓν
615 1916 692 1994 μόνον
704 1916 735 1976 vt
749 1916 798 1988 όν,
814 1915 883 1976 ἀλλδι
902 1915 1000 1975 πλείω·
1049 1912 1152 1994 ρεσιν.)

213 2003 342 2085 διαιρετόν
359 2003 449 2082 μέντοι
463 2004 502 2083 μῆ
513 2007 555 2064 ἐπ’
566 2003 675 2084 άπειρον
689 1995 774 2082 εἶναι,
790 2005 848 2065 ἀλλ’
860 2007 896 2072 εἰς
911 2003 1000 2082 ἀτομά
1088 2021 1125 2062 aa.
1150 1999 1230 2060 Ἀλλά
1245 1996 1299 2078 μὴν
1315 1997 1444 2060 δέδεικται
1456 2001 1483 2058 έν
1498 2001 1530 2077 τῇ
1554 2001 1663 2080 Φυσικῇ
1680 1998 1839 2081 Ἀκροάσει,

212 2115 271 2152 τινα
293 2093 471 2174 καταλήγειν·
495 2100 578 2154 ταῦτα
601 2093 690 2170 μέντοι
710 2093 748 2172 μῆ
776 2092 864 2172 ἄτομα
879 2083 948 2153 εἶναι
968 2097 1003 2164 ὡς
1048 2094 1074 2151 ἐν
1090 2097 1143 2158 τοῖς
1160 2089 1222 2170 περὶ
1245 2087 1376 2162 κικῆσεως
1397 2087 1501 2165 λόγοις,
1519 2089 1546 2146 έν
1572 2077 1609 2156 οἷς
1626 2089 1749 2168 ἀντέλεγε
1771 2093 1840 2171 πρὸς

213 2183 301 2263 ἀμερῆ
326 2182 372 2242 καί
396 2183 543 2262 ἐλάχιστα,
560 2182 630 2244 άλλδι
644 2183 674 2244 τδ
692 2182 774 2244 ποσόν
800 2183 846 2243 καί
868 2181 916 2256 τῆν
936 2181 1000 2257 ύλην
1047 2177 1218 2258 Ξενοκράτην
1234 2177 1361 2258 γραμμάς
1376 2177 1488 2256 ἀτόμους
1502 2177 1635 2258 λέγοντα,
1651 2177 1692 2238 ότι
1706 2181 1753 2238 οὑκ
1768 2182 1839 2242 εἰσὶν

211 2269 301 2345 τμητδι
312 2270 358 2330 καί
373 2269 441 2350 μέρη
454 2273 558 2352 ἔχοντα·
569 2276 608 2354 τῷ
621 2272 648 2333 δὲ
661 2272 725 2334 είδει
739 2273 828 2350 άτομα
843 2273 888 2333 καί
903 2277 999 2354 πρῶτα
1048 2268 1191 2347 ἀδιαίρετοι
1200 2265 1424 2348 γραμμαί,το’ῡτ’
1439 2265 1509 2326 ἔστιν
1523 2268 1564 2326 ὅτι
1574 2265 1647 2326 οὐδὲν
1660 2266 1738 2348 μέρος
1749 2293 1841 2351 γραμ-

206 2357 318 2436 Ιπράντας
342 2357 413 2428 τινδις
442 2360 625 2438 ὑποτιθέμενος
647 2351 715 2422 εἶναι
741 2359 868 2442 γραμμδις
890 2361 1002 2440 ἀτόμους
1048 2363 1100 2436 μῆς
1119 2359 1188 2418 ἐστιν
1203 2355 1440 2436 άδιαίρετον,ἀλλ’
1453 2357 1490 2426 εἷς
1501 2355 1608 2440 ἀπειρόν
1626 2358 1684 2416 έστι
1698 2360 1839 2440 διαιρετόν·

101 2449 116 2460 “”
210 2445 256 2508 καί
270 2445 304 2510 τά
317 2447 347 2505 έκ
361 2445 461 2507 τούτων
473 2448 585 2508 ἐπίπεδα
600 2447 645 2509 καί
660 2449 754 2531 στερεά
764 2453 869 2533 πρῶτα.
887 2449 943 2523 Τὴν
956 2443 1001 2512 οὑν
1047 2451 1095 2510 οὐκ
1109 2449 1162 2528 ἄρα
1177 2450 1207 2508 ίκ
1232 2446 1349 2524 σημείων
1365 2445 1421 2506 ἐστὶ
1440 2449 1572 2528 γραμμή,
1590 2447 1643 2507 οὐδ’
1660 2449 1691 2508 ἐκ
1704 2455 1840 2528 γραμμῶν

211 2539 300 2610 ἀκτῆς
317 2535 472 2618 διχοτομίας
497 2537 544 2598 καί
564 2537 654 2611 ἅπλῶς
668 2543 714 2612 τῆς
728 2539 773 2600 ἀπ’
797 2539 904 2621 άπειρον
918 2543 1002 2616 τομῆς
1046 2539 1077 2600 τό
1091 2538 1236 2618 ἐπίπεδον,
1259 2540 1315 2601 οὐδ’
1328 2539 1354 2609 ἐξ
1377 2541 1508 2601 ἐπιπέδων
1523 2539 1554 2600 τδ
1569 2539 1673 2622 στερεόν
1688 2543 1772 2598 ταῦτα
1789 2541 1839 2618 μὲν

211 2625 256 2686 καί
273 2627 422 2706 διαιρέσεως
437 2630 596 2688 ὑπαντῶσαι
611 2630 724 2709 ἀπορίαν
738 2632 753 2688 ὑ
767 2629 934 2711 Ξενοκράτης
945 2629 998 2690 οίε·
1046 2625 1080 2686 τίν
1092 2625 1301 2708 Ἀριστοτέλους,
1317 2627 1381 2710 ὅπερ
1395 2631 1436 2690 ἀεὶ
1452 2627 1531 2710 ἔφην,
1547 2631 1716 2698 ἀπαντῶντος
1729 2627 1795 2710 πρὸς
1809 2631 1841 2693 τὸ

211 2735 255 2771 ται
278 2713 446 2788 διαλύεσθαι,
469 2713 516 2783 τδς
544 2715 656 2792 ἀτόμους
686 2716 836 2795 εἰσαγαγὼν
856 2718 998 2798 γραμμάς,
1046 2721 1091 2778 τοὺ
1113 2717 1192 2796 λόγου
1216 2718 1381 2801 φαινόμενον.
1398 2718 1509 2790 Ῥητέον
1525 2717 1554 2779 δὲ
1575 2718 1616 2779 ότι
1632 2719 1706 2802 είπερ
1726 2718 1760 2778 τά
1774 2720 1839 2779 ἐπί-

211 2801 257 2861 καθ
271 2800 362 2869 ἅπλῶς
377 2801 465 2876 ἀτομα
474 2802 587 2874 ποιήσας
597 2804 710 2884 μεγέθη,
722 2805 826 2886 φεύγων
840 2804 871 2866 τό
885 2805 914 2866 δν
926 2806 999 2887 εἴπερ
1046 2809 1113 2866 πεδα
1125 2807 1215 2888 ἔλεγον
1235 2809 1410 2886 μαθηματικά
1429 2799 1514 2886 εἶναι,
1534 2811 1569 2878 ὣς
1593 2813 1677 2882 μῆκος
1697 2809 1776 2887 μόνον
1790 2810 1838 2870 καί

211 2891 267 2952 ἐστὶ
283 2891 412 2969 διαιρετὸν
427 2893 463 2959 είς
475 2891 506 2951 τό
520 2889 557 2970 μὴ
573 2889 602 2951 δν
617 2893 780 2965 άναλυθῆναι
798 2892 844 2953 καί
859 2894 998 2969 ἀναλωθῆ-
1045 2895 1145 2964 πλάτος
1162 2896 1246 2978 ἔχειν,
1262 2899 1287 2957 cl
1302 2895 1329 2966 ἐξ
1346 2895 1478 2957 ἐπιπέδων
1497 2896 1532 2956 τό
1546 2896 1639 2975 στερεδι
1655 2897 1776 2978 λέγοντες
1791 2899 1838 2958 καλ

211 3003 274 3055 ναι,
286 2983 338 3038 τῶν
354 2980 459 3058 άτόμων
474 2983 607 3062 γραμμῶν
627 2979 653 3050 ἐξ
677 2973 714 3041 ι’ὑν
729 2979 872 3043 ὑπίσταται
887 2981 920 3042 τδι
934 2981 997 3044 όντα
1046 2989 1082 3054 εἰς
1093 2985 1127 3046 τδι
1141 2987 1254 3046 ἐπίπεδα
1265 2987 1332 3047 αὐτὰ
1347 2985 1516 3061 ἀναλύοντες,
1527 2989 1616 3056 καλῶς
1629 2987 1839 3069 θ’λριστοτελης

210 3067 336 3148 θεμάτων
351 3071 485 3144 μενουσῶν
501 3069 546 3128 καλ
563 3068 734 3144 ἀδιαιρέτων.
1045 3075 1090 3135 καί
1106 3081 1190 3136 ταῦτα
1205 3078 1292 3144 αὐτοῖς
1307 3075 1426 3156 ἀπήγαγε
1440 3074 1474 3135 τά
1487 3075 1575 3136 άτοπα
1588 3077 1634 3137 καὶ
1648 3079 1682 3138 τδι
1697 3077 1757 3151 ἑξῆς
1767 3080 1838 3140 ἐπά-

252 3157 442 3238 (Simplicius
457 3160 489 3218 in
504 3160 670 3220 Aristotelis
685 3161 774 3240 Phys.
792 3181 858 3242 pag.
874 3164 920 3221 30.
938 3163 997 3244 A.)
1045 3165 1092 3234 ξει.
1110 3167 1145 3226 El
1159 3165 1187 3225 δέ
1209 3163 1307 3245 ιρυσικδι
1318 3164 1354 3224 τὰ
1368 3164 1481 3225 ἐπίπεδα
1496 3166 1632 3244 λέγουσιν,
1649 3171 1684 3236 ιὺς
1700 3167 1738 3246 μὴ
1754 3168 1836 3245 μόνον

251 3269 289 3310 su.
311 3247 391 3308 Ἐπεί
406 3247 493 3307 δὲκαὶ
509 3250 679 3330 Ξενοκράτης
694 3251 772 3334 σορὸς
793 3243 824 3322 ῆν
841 3250 921 3332 ἀνήρ,
941 3257 997 3322 πῶς
1045 3258 1128 3334 μῆκος
1143 3255 1189 3314 καί
1201 3255 1300 3322 πλάτος
1315 3254 1385 3316 ἀλλὰ
1399 3253 1445 3314 καὶ
1461 3255 1540 3334 βάθος
1555 3253 1643 3336 ἔχειν,
1665 3257 1729 3337 ὅπερ
1742 3257 1833 3338 ἀρχὴν

211 3339 263 3419 άρα
276 3336 322 3405 τάς
337 3336 450 3415 ἀτόμους
460 3335 586 3418 γραμμθις
597 3339 751 3414 ὑπετίθετο,
764 3337 896 3420 Οὑδδγδιρ
911 3342 996 3421 ἠγνόει
1043 3346 1070 3405 έν
1085 3352 1138 3412 τοῖς
1152 3352 1269 3422 φυσικοῖς
1283 3344 1441 3404 καθιστάναι
1464 3345 1589 3420 δυνατόν,
1609 3345 1695 3405 οὐκέτι
1710 3349 1743 3418 τῆ
1764 3347 1837 3408 θέσει

209 3427 258 3500 τήν
271 3425 348 3509 ρύσιν
362 3431 408 3487 τοῦ
425 3425 563 3504 μεγέθους,
581 3427 640 3487 ἀλλ’
650 3428 709 3488 οὑδὲ
723 3432 761 3510 τῷ
775 3428 839 3489 είδει
849 3429 996 3510 ἀδιαίρετον
1043 3434 1129 3493 αὑτῶν
1143 3432 1237 3494 ἕπεται
1251 3433 1286 3495 sd
1303 3432 1390 3494 ἀτοπα
1405 3433 1439 3494 sla
1454 3433 1606 3516 έπαγόμενα
1629 3435 1693 3518 πρὸς
1717 3436 1751 3496 τδι
1773 3441 1836 3498 έπέ-

211 3513 283 3594 έλεγε
293 3538 300 3553 ·
311 3520 388 3575 τοῦτο
400 3516 450 3596 γάρ
462 3517 491 3572 οὑ
505 3515 583 3592 μόνον
597 3517 624 3574 el
635 3516 774 3597 ἐλάχισται
786 3517 911 3598 γραμμαί
921 3519 994 3601 ἔχου·
1042 3523 1131 3598 πεδα,
1145 3524 1181 3590 ὡς
1198 3522 1236 3600 μὴ
1253 3521 1451 3603 βεὺαθυσμίνα.
1473 3520 1539 3585 Ὀτι
1565 3524 1593 3584 δέ
1617 3525 1715 3606 φυσικθι
1736 3526 1784 3587 καὶ
1805 3531 1836 3589 οὗ

241 3711 482 3761 21.Atxenocrates
494 3709 600 3775 primam
610 3709 809 3763 consecutionem
823 3712 927 3766 subesse
940 3728 998 3767 oon·
1046 3715 1112 3770 enim
1134 3715 1262 3782 ignorabat
1283 3717 1460 3782 magnitudinis
1484 3722 1613 3783 naturam,
1633 3720 1678 3772 scd
1703 3735 1736 3774 ne
1757 3723 1836 3775 tonna

211 3793 327 3858 cedebat,
343 3795 457 3859 licceat,
474 3796 588 3848 sinuum
611 3798 645 3850 sit
668 3799 821 3862 ens,etia1n
843 3801 998 3855 individuum
1044 3805 1146 3870 quidem
1161 3805 1294 3858 indivisam
1314 3805 1414 3858 dicebat
1433 3795 1519 3858 :banc
1536 3809 1602 3860 enim
1623 3811 1768 3863 nouaclum
1783 3813 1835 3864 mi-

211 3884 285 3936 iore:
302 3899 351 3936 non
364 3891 447 3937 tamen
459 3887 615 3939 individuum
634 3901 689 3941 esse
706 3903 763 3952 ens,
784 3890 888 3956 ideoque
909 3907 998 3946 rursus
1045 3895 1119 3947 nime
1134 3895 1205 3948 linee
1223 3895 1331 3959 habent,
1354 3897 1399 3948 scd
1413 3900 1439 3948 et
1460 3897 1568 3949 mamma
1584 3912 1708 3964 corpora:
1726 3901 1836 3954 tortasse

208 3987 239 4024 ne
251 3987 330 4025 unum
346 3975 448 4038 quidem
462 3975 557 4038 solum,
581 3977 626 4028 sed
644 3979 716 4043 plura
736 3997 742 4028 :
766 3979 791 4030 in
802 3979 925 4032 inlinitum
938 3996 997 4035 vero
1045 3985 1118 4050 igitur
1130 3985 1236 4037 sectioni
1244 3988 1270 4038 et
1281 3985 1404 4037 inlinitum
1416 3989 1566 4039 Xenocrates
1575 4002 1625 4039 non
1633 3989 1833 4043 adversabatur:

209 4061 287 4113 dividi
300 4077 348 4112 non
364 4077 450 4127 posse,
466 4063 543 4114 sedin
560 4067 656 4118 atomos
666 4066 788 4132 quasdam
805 4069 918 4123 desinere
931 4086 938 4118 ι
951 4070 997 4123 bas
1045 4075 1141 4140 (neque
1154 4075 1218 4125 enim
1231 4075 1371 4138 geometris
1390 4077 1535 4142 principium
1554 4078 1697 4130 sustulisset
1716 4080 1756 4130 vir
1773 4095 1834 4146 geo-

208 4163 283 4215 porro
295 4153 391 4200 atomos
404 4166 453 4203 non
465 4165 519 4204 esse
530 4155 638 4218 partium
652 4160 765 4221 expertes
776 4163 802 4212 et
811 4161 936 4224 minimas,
952 4161 997 4214 sed
1044 4163 1141 4216 metria
1155 4163 1277 4230 peritus),
1295 4163 1340 4215 sed
1351 4165 1455 4229 negabat
1475 4166 1553 4217 tinem
1573 4167 1599 4218 in
1612 4167 1735 4218 inlinitum
1753 4169 1835 4221 dividi

208 4251 254 4304 pro
267 4239 405 4301 quantitate
418 4244 443 4291 et
454 4243 559 4292 materia
569 4243 648 4294 dividi
663 4259 736 4310 posse
750 4251 776 4298 et
789 4252 873 4312 partes
888 4249 994 4302 bebere:
1044 4267 1131 4318 posse,
1144 4254 1203 4320 quia
1214 4267 1310 4319 semper
1325 4257 1382 4305 sunt
1393 4239 1509 4319 caedam
1519 4257 1631 4308 indivise
1641 4258 1833 4322 magnitudines,

208 4327 344 4392 ceteroqui
359 4327 440 4394 specie
454 4332 550 4381 atomos
564 4335 590 4382 et
605 4331 687 4396 prima
707 4341 802 4388 nature
815 4341 925 4391 statuens
943 4354 997 4392 esse
1043 4356 1100 4408 que
1117 4357 1148 4396 ne
1160 4345 1248 4395 natura
1264 4341 1366 4409 quidem
1380 4357 1424 4408 per
1440 4360 1467 4396 se
1480 4349 1585 4412 propter
1597 4345 1744 4412 parvitatem
1755 4347 1836 4401 dividi

208 4415 304 4482 primas
313 4417 435 4480 quasdam
448 4416 524 4469 lineas
538 4419 683 4472 insecabiles
699 4423 725 4474 et
745 4436 776 4474 ex
788 4424 828 4475 bis
840 4426 905 4477 iacta
923 4426 996 4492 plana
1043 4435 1150 4495 queunt,
1164 4431 1209 4484 sed
1219 4445 1306 4483 rursus
1315 4446 1374 4484 com
1385 4433 1441 4484 aliis
1450 4435 1765 4500 corporibuscobaerentes,
1780 4439 1836 4488 toto

208 4508 233 4557 et
243 4505 322 4556 solida
336 4506 422 4572 prima.
440 4509 511 4558 Hanc
529 4508 606 4572 igittu
619 4511 780 4575 questionem
793 4526 825 4564 es
834 4513 954 4568 divisione
969 4519 993 4570 iu
1044 4518 1126 4570 diviso
1140 4557 1148 4582 ,
1164 4519 1231 4571 illam
1246 4519 1382 4572 admittunt
1399 4521 1558 4584 divisionem,
1573 4537 1674 4589 quama
1688 4525 1835 4589 corporibus

208 4595 271 4646 duas
284 4599 402 4660 parteset
413 4595 514 4648 omnino
531 4611 564 4648 ex
583 4599 692 4651 sectione
707 4601 732 4652 in
746 4601 871 4654 inlinitum
888 4606 914 4657 et
926 4605 993 4660 divi·
1044 4615 1163 4676 separate
1183 4626 1232 4663 non
1255 4613 1415 4666 sustinerent.
1445 4615 1479 4666 Ut
1496 4613 1572 4679 igitur
1592 4615 1661 4665 Plato
1678 4613 1738 4666 dixit
1758 4615 1834 4680 plana

208 4683 277 4735 sicne
287 4683 438 4736 exorientem
460 4687 609 4738 Xenocrates
625 4687 688 4740 solvi
699 4693 785 4754 putat,
799 4705 876 4756 quum
897 4693 993 4746 insece·
1042 4700 1122 4766 prima
1135 4715 1189 4754 esse
1198 4703 1223 4754 et
1242 4703 1343 4753 minima
1362 4717 1474 4769 corpora,
1490 4704 1525 4755 ita
1539 4707 1690 4756 Xenocrates
1701 4705 1777 4757 lineas
1790 4705 1833 4756 in·

208 4773 269 4824 biles
283 4773 360 4826 lineas
374 4774 463 4826 alterat
478 4779 552 4842 atquc
566 4776 667 4828 omnino
677 4778 798 4832 indivisas
815 4783 994 4848 magnitudines
1042 4789 1158 4842 dividuas
1178 4791 1278 4855 quidem
1301 4797 1403 4858 propter
1419 4793 1583 4859 parvitatem,
1611 4793 1727 4848 dividuas
1747 4799 1833 4848 autem

208 4861 317 4926 eliciat,
331 4863 411 4914 vitans
424 4864 503 4928 entis,
524 4866 545 4917 si
558 4867 633 4918 modo
644 4868 724 4923 dividi
736 4871 830 4936 possit,
850 4871 876 4924 in
892 4888 941 4925 non
952 4887 996 4926 ens
1042 4881 1130 4935 natura
1146 4880 1173 4930 et
1185 4878 1252 4944 ipsas
1269 4881 1408 4946 appellavit.

208 4951 384 5005 resolutionem
394 4956 419 5006 et
431 4957 646 5020 consumtnnem,
658 4960 815 5012 monentibus
823 4961 995 5014 insecabilibus
1074 4974 1112 5025 aa.
1130 4969 1207 5034 Atqui
1219 4969 1245 5019 in
1255 4969 1325 5021 libris
1334 4970 1365 5022 de
1377 4971 1484 5035 Physica
1492 4969 1633 5035 auditione,
1646 4973 1672 5024 in
1684 4973 1833 5038 disputatio

208 5040 294 5102 lineis,
307 5057 339 5094 ex
355 5043 448 5108 quibus
462 5049 577 5099 constant
590 5061 620 5098 ea
630 5061 686 5115 qua
700 5054 759 5102 sunt
767 5087 776 5114 ,
786 5051 822 5102 ita
833 5053 862 5103 ut
874 5053 953 5104 secari
966 5069 996 5106 ac
1042 5055 1113 5108 nibus
1125 5055 1158 5109 de
1177 5061 1262 5123 motu,
1276 5059 1320 5111 nbi
1336 5061 1480 5113 Aristoteles
1501 5064 1664 5114 Xenocratem
1685 5063 1833 5116 insecabiles

208 5128 286 5180 dividi
302 5135 433 5196 nequeant.
1041 5143 1118 5197 lineas
1135 5147 1285 5200 statuentem
1304 5147 1446 5214 refutabat,
1470 5153 1610 5205 rationibus
1634 5151 1770 5218 probatum
1791 5158 1832 5205 est

240 5225 279 5268 22.
298 5223 381 5278 Quum
401 5235 462 5274 vero
474 5226 550 5277 etiam
573 5227 722 5280 Xenocrates
738 5227 777 5280 vir
800 5230 897 5296 sapiens
913 5237 993 5294 esset,
1042 5248 1091 5284 non
1102 5233 1243 5288 esselineas
1256 5237 1416 5303 individuas,
1429 5240 1476 5291 boc
1487 5243 1534 5302 est,
1549 5241 1831 5308 nullunlincvepartem

208 5322 258 5374 quo
277 5311 351 5373 pacto
370 5307 445 5375 igitur
465 5313 592 5366 statuebat
618 5316 694 5368 lineas
714 5319 879 5373 insecabiles?
906 5326 992 5388 Neque
1039 5339 1094 5378 esse
1113 5327 1283 5396 individuam,
1301 5331 1387 5384 sedin
1409 5333 1534 5387 inlinitum
1555 5334 1634 5388 dividi
1657 5349 1747 5403 pesse:
1767 5349 1830 5404 eruo
