3958 5942
766 435 1016 507 FRAGMENTA·
1635 455 1694 515 283

120 592 168 632 ιιυ.
194 573 303 652 Πρῶτον
314 561 359 630 ούν
373 568 491 648 εἴπωμεν
503 569 626 651 περὶτῶν
638 570 789 631 δεικτικῶν·
804 571 866 635 τού·
917 578 1046 655 συνῆφθαι
1061 578 1145 634 ταῦτα
1159 575 1292 649 ἀλλήλοις.
1338 575 1377 638 Ti
1396 577 1424 636 δέ
1445 575 1515 639 ἀλλὰ
1538 579 1592 656 μὴν
1607 584 1695 663 ἡμέρα

79 683 131 718 των
155 657 207 740 γδιρ
227 659 382 740 δειχθέντων
416 658 526 738 φανερὸν
543 658 618 718 ἔσται
636 659 681 718 καί
701 659 811 720 ἐπὶτῶν
830 665 866 730 είς
914 664 983 739 ἐστί,
1000 669 1074 723 τοῦτο
1093 666 1116 722 oi
1138 665 1346 744 Περιπατητικοί
1364 667 1511 748 μετάληψιν
1529 670 1639 729 καλοὺσι
1654 670 1696 730 διδ

77 749 107 808 τὸ
121 747 248 806 ἀδύνατον
261 746 305 805 καί
322 745 390 813 ὅλως
412 749 464 805 τῶν
477 746 504 814 ἐξ
516 745 673 815 ὑποθέσεως.
912 753 941 813 τό
955 752 1209 830 μεταλαμύάνεσθαι
1220 757 1250 814 ἐκ
1267 753 1403 836 δευτέρου·
1418 755 1470 828 ἤδη
1485 755 1537 836 γίιρ
1557 757 1656 838 ἐλήφθη
1670 763 1695 818 ἐν

118 836 302 917 (Aristoteles
317 835 437 913 Auaiyt.
453 835 548 914 prior.
566 835 619 898 lib.
638 839 730 916 lcap.
748 839 784 895 23
798 857 863 918 pag.
912 863 949 918 τῳ
963 842 1112 923 ἡγουμένῳ.
1154 843 1194 902 Τὸ
1209 841 1236 902 δὲ
1252 843 1325 916 ἥλιος
1340 843 1464 923 ἄραὺπὲρ
1480 847 1530 923 γῆν
1542 851 1618 903 τοῦτο
1631 870 1697 923 συμ-

78 926 160 996 lob.
176 929 213 984 αθ
239 925 286 984 cd.
304 925 428 983 Beklrer.
449 924 634 1004 Philopouus
660 925 710 987 sol.
727 926 778 985 Lx
804 929 865 1009 περί
911 927 1048 1009 πέρασμα.
1092 927 1171 988 Οὑτω
1187 929 1234 1008 μὲν
1254 922 1298 990 οὑν
1324 933 1348 990 οἱ
1379 933 1607 1012 Περιπατητικοί,
1623 937 1646 992 oi
1669 933 1696 993 δέ

76 1020 129 1074 τῶν
146 1016 306 1072 ὑποθετικῶν
330 1015 512 1091 συλλογισμῶν
528 1013 580 1084 (ci.
606 1014 722 1074 Scholia
743 1017 775 1074 in
799 1017 865 1075 ari-
912 1016 1027 1077 Στωϊκοὶ
1042 1017 1194 1098 καινοτέραν
1208 1020 1356 1098 βαδίζοντες
1369 1021 1401 1079 cd
1415 1020 1463 1099 μέν
1473 1023 1622 1100 πράγματα
1637 1045 1697 1100 τυγ-

77 1118 145 1165 slot.
160 1125 189 1182 p.
213 1105 269 1179 169
282 1101 314 1160 b.
333 1103 369 1160 αὑ
385 1101 434 1165 ed.
449 1101 602 1180 Brendis.)
619 1100 730 1174 Ἐπειδὴ
747 1102 774 1162 δέ
788 1107 802 1163 ὁ
817 1105 865 1182 μέν
912 1105 1027 1186 χάνοντα
1041 1104 1194 1182 ὠνόμασαν,
1209 1105 1275 1166 διότι
1285 1112 1337 1166 τῶν
1353 1107 1517 1189 πραγμάτοιν
1532 1110 1621 1189 τυχεῖν
1633 1114 1696 1189 βου·
1741 1106 1745 1116 ’

76 1190 258 1272 Ἀριστοτέλης
276 1195 401 1250 τοσοῦτον
429 1188 510 1250 εἰπὼν
538 1191 600 1270 περί
627 1195 678 1250 τῶν
704 1196 864 1254 ὑποθετικῶν
912 1194 1023 1269 λόμεθα,
1039 1195 1074 1254 τίι
1086 1197 1114 1254 δέ
1130 1195 1252 1274 νοήματα
1265 1197 1403 1276 ἐκφορικά,
1419 1196 1484 1255 διότι
1503 1195 1572 1278 άπερ
1588 1201 1614 1256 ἐν
1631 1202 1696 1257 ἑαυ-

76 1281 211 1342 έπαύσατο
233 1278 366 1338 καίούδέν
381 1282 451 1354 ἡμᾶς
465 1279 525 1358 περὶ
540 1281 626 1338 αὐτῶν
649 1279 865 1354 ε’δίδαξεν,οἰλλδε
912 1293 964 1352 τοῖς
987 1289 1211 1361 νοούμεν,ταῶτα
1225 1288 1261 1352 εἰς
1282 1285 1311 1344 τδ
1332 1284 1381 1354 ἔξω
1402 1285 1581 1367 προφέρομεν,
1607 1288 1653 1355 τδις
1669 1289 1697 1348 δὲ

77 1368 124 1442 τὴν
156 1378 245 1428 πᾶσαν
265 1367 382 1438 σπουδὴν
414 1366 474 1446 περί
499 1371 546 1426 τοῦ
571 1375 745 1448 κατηγορικοῦ
771 1372 865 1429 συλλο-
912 1372 998 1454 φωνὰς
1012 1374 1104 1434 λεκτά.
1146 1374 1185 1434 Τὸ
1201 1373 1228 1432 δέ
1243 1373 1388 1452 ἡγούμενον
1400 1374 1446 1432 καὶ
1464 1373 1539 1433 αὐτοὶ
1552 1375 1697 1451 ἡγούμενον

76 1463 174 1536 popei,
189 1455 340 1530 ἐποιήσατο,
356 1453 402 1514 dre
424 1455 455 1527 δὴ
472 1453 569 1514 τούτων
593 1455 641 1534 μὲν
658 1457 767 1514 τελείων
782 1457 864 1517 όντων
912 1462 1038 1521 ἐκάλεσαν
1051 1461 1136 1539 (κατδε
1149 1467 1227 1522 τοῦτο
1242 1462 1292 1542 γὰρ
1308 1459 1385 1539 μόνον
1396 1467 1564 1543 συμφωνοῦσι
1574 1470 1628 1529 τοῖς
1644 1465 1697 1522 Πι-

78 1545 124 1605 καί
140 1543 250 1621 μηδενὸς
263 1543 353 1614 ἔξωθεν
367 1544 508 1620 δεομένων,
523 1547 574 1602 τῶν
589 1543 617 1602 δὲ
632 1547 792 1604 ὑποθετικῶν
809 1548 864 1605 δεο-
913 1552 1121 1632 ριπατητικοῑς),
1135 1553 1166 1612 τὸ
1182 1550 1208 1610 δέ
1228 1549 1355 1627 ἑπόμενον
1365 1553 1456 1630 λῆγον,
1472 1551 1502 1610 τδ
1516 1549 1543 1610 δὲ
1556 1553 1695 1628 συνημμέ-

78 1633 166 1711 μένων
181 1636 234 1691 τῶν
248 1635 440 1713 κατηγορικῶν,
453 1632 570 1706 εἴπωμεν
595 1636 672 1708 ἡμεῖς
685 1633 786 1712 βραχέα
802 1635 861 1714 περὶ
911 1654 953 1698 νον
966 1638 1101 1721 τροπικόν,
1117 1638 1184 1699 διότι
1195 1641 1344 1719 τρεπόμεθα
1360 1641 1389 1697 ἐκ
1402 1645 1448 1699 τοῦ
1463 1640 1609 1717 ἡγουμένου
1624 1640 1697 1707 εἰςτδ

79 1725 179 1782 αὑτῶν.
224 1721 323 1781 Ἰστέον
347 1719 397 1798 γὰρ
419 1719 461 1778 ότι
481 1719 654 1799 πολυστίχους
681 1723 864 1800 πραγματείας
911 1729 1037 1804 ἑπόμενον
1060 1729 1101 1808 (εί
1120 1726 1208 1808 ἡμέρα
1228 1727 1309 1804 ἐστίν,
1329 1731 1343 1786 ὑ
1363 1726 1437 1798 ἥλιος
1461 1727 1584 1807 ὑπέργῆν
1609 1731 1696 1808 ἔστι),

78 1811 141 1890 περὶ
156 1810 255 1871 τούτων
267 1808 463 1882 κατεὺάλλοντσ
477 1806 503 1868 oi
511 1834 539 1868 τε
554 1809 672 1886 μαθηταὶ
685 1813 730 1867 τοῦ
746 1809 862 1890 Ἀριστο·
911 1817 959 1888 τὴν
973 1819 999 1878 δέ
1015 1816 1165 1898 μετάληψιν
1179 1813 1329 1896 πρόσληψιν
1345 1813 1406 1894 (καί
1421 1814 1507 1892 ἔμεινε
1526 1821 1604 1876 τούτο
1619 1819 1645 1875 ἐν
1664 1823 1696 1896 τῇ

78 1899 170 1967 τέλους
183 1901 208 1957 οἱ
220 1897 281 1978 περὶ
291 1896 463 1978 Θεόφραστον
478 1897 524 1957 καί
539 1895 665 1974 Εὔδημον
678 1897 724 1956 καὶ
738 1897 798 1966 τοὺς
816 1899 863 1959 ἄλ·
911 1903 1060 1984 συνηθείᾳ),
1076 1903 1106 1963 τὸ
1130 1903 1158 1963 δέ
1181 1902 1363 1984 συμπέρασμα
1389 1904 1531 1983 ἐπιφοράν,
1559 1906 1624 1964 διότι
1644 1908 1697 1974 τοῖς

80 1991 151 2061 λους,
166 1987 212 2046 καί
230 1985 268 2046 έτι
287 1989 311 2046 oi
329 1986 454 2047 Στωϊκοί.
499 1987 627 2063 Είπωμιν
647 1986 717 2046 τίσιν
739 1987 863 2064 ὀνόμασιν
910 1993 997 2060 ἄλλοις
1013 2002 1092 2052 πᾶσιν
1105 1991 1267 2074 ἐπιφέρεται.
1310 1993 1403 2051 Ταῦτα
1417 1991 1464 2070 μέν
1477 1983 1521 2051 σύν
1535 1993 1568 2052 cd
1580 1997 1698 2070 ὀνόματα

78 2075 227 2155 ἐχρήσαντο
245 2075 270 2133 έν
285 2099 314 2134 τε
329 2083 382 2143 τοῖς
398 2073 503 2155 μέρεσιν
517 2077 603 2134 αὐτῶν
619 2074 664 2134 καί
681 2077 734 2142 τοῖς
756 2073 824 2142 ὑλοις
839 2079 862 2134 οἱ
910 2069 947 2148 οἷς
968 2080 1113 2162 κέχρηνται
1137 2079 1165 2142 ol
1175 2105 1204 2140 τε
1224 2079 1436 2160 Περιπατητικοὶ
1455 2080 1501 2139 καί
1522 2083 1545 2139 οἱ
1570 2082 1695 2143 Στωϊκοί.

77 2164 290 2246 Περιπατητικοὶ
304 2165 347 2224 καὶ
363 2162 487 2237 Στωϊκοί,
499 2163 543 2243 καί
558 2163 597 2222 ἔτι
609 2162 657 2236 τὴν
673 2164 800 2242 διαίρεσιν
816 2165 862 2222 αὐ·
912 2169 1076 2228 Alexander
1100 2169 1340 2248 Aphrodisiensis
1359 2167 1396 2226 ad
1410 2168 1530 2246 analyt.
1559 2171 1652 2247 prior.
1671 2170 1695 2246 l,

75 2260 141 2326 τῶν,
163 2254 209 2312 καί
230 2252 306 2313 πόσοι
326 2253 417 2334 τρόποι
442 2255 471 2312 ίκ
499 2252 597 2324 ταύτης
614 2256 678 2329 ἡμῖν
703 2255 861 2311 ὑποθετικῶν
914 2264 950 2326 hl
966 2277 995 2334 p.
1009 2257 1059 2328 50,
1080 2259 1117 2333 39
1129 2257 1180 2315 fol.
1203 2254 1303 2312 1601).
1319 2253 1378 2333 (ci.
1394 2253 1510 2312 Scholia
1527 2255 1557 2312 in
1577 2257 1696 2314 Aristot.

75 2344 262 2419 συλλογισμῶν
285 2340 483 2422 ἀναφαίνονται.
525 2339 623 2401 ’ίσπέον
646 2330 691 2398 σύν
713 2338 752 2398 ίίτι
772 2339 863 2420 ἐφεξῆς
910 2367 941 2423 p.
961 2346 1029 2414 184.
1041 2345 1072 2406 b.
1091 2344 1127 2411 45
1139 2343 1185 2404 ed.
1198 2342 1349 2418 Braudis.)
1370 2338 1450 2400 είπὼν
1461 2342 1520 2418 περί
1532 2345 1583 2400 τῶν
1594 2342 1620 2410 ἐξ
1634 2347 1698 2419 δμη-

74 2430 178 2491 τσύτων
190 2429 271 2488 ὄντων
283 2431 405 2502 ἀλλήλοις
415 2428 747 2510 πραγμάτων,νοημάτων,
756 2430 861 2510 φωνῶν,
910 2431 999 2510 λογίας
1018 2430 1129 2490 καὶτῶν
1150 2430 1193 2490 δεδι
1207 2435 1254 2502 τῆς
1269 2432 1304 2497 εἰς
1321 2429 1448 2488 ἀδύνατον
1467 2434 1614 2510 ἀπαγωγῆς
1627 2430 1697 2511 λέγει

75 2519 160 2576 πάλιν
176 2519 200 2575 δ’
214 2509 248 2578 ai
262 2517 414 2577 καὶτούτων
427 2516 517 2596 ἐφεξῆς
531 2516 612 2576 όντων
626 2519 652 2574 έν
670 2518 722 2585 τοῖς
736 2521 861 2576 ύποθετι-
909 2520 955 2578 καί
970 2519 1063 2586 ἄλλους
1077 2519 1188 2587 πολλοὺς
1203 2519 1229 2588 ἐξ
1244 2517 1399 2595 ὑποθέσεως,
1411 2519 1472 2598 περὶ
1482 2509 1518 2578 ῶν
1532 2519 1698 2599 ὑπερτίθεται

74 2610 135 2672 κοῖς
162 2607 363 2683 συλλογισμοῖς,
388 2609 423 2672 ῶς
438 2605 608 2683 γνωσόμεθα,
632 2614 677 2666 τοῦ
705 2605 864 2686 ἡγουμένου,
911 2609 972 2687 μέν,
988 2613 1101 2691 ιὺςέρῶν
1127 2609 1339 2690 ἐπιμελέστερον,
1354 2611 1383 2668 ού
1409 2605 1460 2686 μὴν
1486 2608 1593 2688 φέρεται
1618 2612 1696 2669 αὑτοῦ

71 2703 124 2756 ποῶ
138 2698 312 2772 συνημμένου,
326 2699 370 2752 τοῦ
385 2693 524 2770 ἑπομένου,
542 2697 587 2763 τῆς
601 2693 793 2774 προσλήψεως,
814 2701 859 2754 τοῦ
911 2697 1073 2778 σύγγραμμα
1099 2697 1160 2778 περὶ
1184 2699 1278 2756 αὐτῶν.
1320 2693 1490 2778 Θεόφραστος
1512 2698 1534 2754 δ’
1558 2699 1643 2756 αὐτῶν
1670 2700 1697 2756 έν

74 2783 315 2863 συμπεράσματος,
332 2784 356 2840 οί
372 2781 419 2857 μὲν
434 2783 641 2860 Περιπατητικοί
655 2787 687 2862 τῇ
699 2787 771 2862 κοινῇ
787 2807 864 2858 cor-q·
914 2791 969 2852 τοῖς
984 2783 1057 2852 ἰδίοις
1072 2784 1248 2854 ’λναλυτικσῒς
1270 2785 1443 2863 μνημονεύει,
1457 2785 1527 2844 ἀλλὰ
1543 2783 1588 2844 καί
1609 2785 1696 2860 Εὑδη-
1793 2837 1806 2860 ,

73 2875 137 2953 θείᾳ
151 2869 310 2952 κεχρημένοι
324 2870 357 2929 τὰ
373 2870 420 2948 μέν
437 2869 583 2950 πράγματα
606 2871 669 2929 αύτδ
683 2877 760 2931 τοῦτο
776 2873 864 2950 πράγ-
913 2897 960 2951 μος
975 2873 1021 2930 καί
1032 2897 1100 2940 τινες
1116 2873 1192 2934 ἄλλοι
1204 2878 1258 2934 τῶν
1271 2875 1383 2954 ἑταίρων
1399 2876 1490 2934 αὑτοῦ.
1503 2875 1642 2935 Boethius
1661 2877 1697 2934 de

74 2985 152 3038 ματα
168 2959 318 3034 ὠνόμασαν,
333 2957 376 3016 καί
392 2958 425 3018 ri
444 2955 565 3032 νοήματα
576 2959 713 3036 ὡσαύτως,
730 2959 864 3037 ὑμοίωςδὲ
912 2963 1081 3041 syllogismo
1104 2963 1292 3040 hypothetico
1317 2965 1353 3022 ad
1374 2964 1577 3042 Symmachum
1594 2967 1607 3026 l
1628 2986 1696 3044 pag.

74 3051 125 3109 καὶ
134 3048 180 3116 τλς
189 3048 289 3128 φωνάς·
302 3046 339 3106 ἔτι
353 3047 380 3105 δέ
395 3046 422 3106 ri
436 3046 579 3126 ἡγούμενον
594 3049 620 3104 έν
635 3055 690 3115 τοῖς
705 3051 865 3116 ὑποθετικοῖς
912 3052 969 3108 606
987 3050 1033 3111 cd.
1049 3051 1116 3110 Bas.
1143 3050 1230 3120 Quod
1246 3051 1337 3128 igilur
1351 3051 1429 3130 apud
1450 3052 1606 3130 scriptores
1629 3054 1698 3132 qui·

74 3140 264 3217 συλλογισμοῖς
284 3135 438 3195 siriasim
459 3135 616 3212 ἡγούμενον,
632 3135 722 3196 καὶτὸ
737 3137 864 3214 ἑπόμενον
912 3137 977 3196 (iem
999 3158 1106 3214 graecos
1122 3159 1263 3218 perquam
1282 3140 1449 3199 rarissimos
1471 3141 1595 3200 strictim
1611 3149 1698 3220 alque

74 3226 221 3292 ὡσαύτως·
237 3217 288 3286 οἷον
303 3224 333 3284 τὸ
348 3227 370 3284 sl
385 3223 473 3304 ἡμέρα
488 3225 555 3300 ἐστί,
574 3229 650 3284 τοῦτο
661 3225 821 3304 ἡγούμενον,
836 3227 866 3288 τὸ
913 3226 1044 3298 confuse,
1061 3228 1138 3304 apud
1167 3228 1273 3286 latinos
1289 3247 1361 3286 vero
1388 3229 1485 3288 nullos
1511 3231 1648 3308 repperi,
1667 3231 1698 3289 id

73 3315 109 3376 δὲ
121 3315 194 3388 ἥλιος
210 3314 275 3397 ὑπὲρ
290 3319 349 3394 γῆν,
363 3319 440 3374 τοὺτο
451 3312 587 3391 ἑπόμενον.
633 3309 751 3374 'Essem
766 3317 865 3396 γὰρτῷ
914 3328 968 3372 tuae
988 3315 1112 3373 scientiae
1142 3315 1308 3374 dedicatum
1332 3329 1427 3374 noster
1448 3319 1503 3376 etsi
1523 3317 1698 3394 diuturnus,

74 3405 180 3486 πρώτῳ
194 3405 225 3464 εδ
246 3403 372 3482 δεύτερον.
416 3401 455 3462 Τδ
471 3401 498 3461 δὲ
513 3402 572 3462 όλον
591 3408 667 3462 τοῦτο
694 3403 724 3462 τὸ
740 3405 762 3462 εἰ
777 3405 866 3486 ἡμέρα
914 3404 1003 3482 coepti
1019 3417 1113 3462 lamen
1126 3405 1229 3463 efficax
1237 3404 1324 3463 labor
1337 3404 1555 3465 excoluit.Nam
1571 3426 1636 3464 cum
1647 3427 1696 3464 ca-

75 3492 163 3570 ἐστίν,
180 3493 251 3565 ἥλιος
264 3489 329 3570 ὑπὲρ
342 3496 391 3569 γῆν
406 3492 476 3564 ἐστι,
488 3496 565 3550 τοῦτο
587 3491 755 3568 συνημμένον
777 3491 821 3550 διδ
835 3491 865 3550 τδ
886 3472 893 3563 ί
916 3493 1111 3569 tegoricorum
1127 3493 1366 3572 syllogismorum
1378 3494 1550 3573 plenissime
1563 3495 1698 3553 notitiam

77 3707 197 3771 negativa
221 3706 269 3758 sibi
288 3707 342 3771 ipsa
355 3707 518 3766 convertitur,
534 3709 616 3772 potest
627 3705 678 3757 dici
698 3706 866 3766 ciconiarii,
914 3707 1036 3758 terminus
1047 3706 1078 3758 de
1091 3706 1201 3772 quodam
1220 3710 1239 3757 l
1258 3708 1417 3773 praedicatur,
1442 3708 1461 3759 θ
1482 3707 1559 3770 igitur
1579 3707 1700 3758 terminus

77 3794 231 3862 quoniamd
245 3795 366 3846 terminus
380 3795 411 3847 de
424 3795 494 3846 nullo
512 3798 532 3846 Β
548 3795 654 3846 termino
670 3795 829 3860 predicatur,
848 3797 869 3847 Β
913 3796 945 3846 de
958 3795 1066 3860 quolam
1079 3798 1099 3846 Α
1111 3811 1160 3846 noa
1173 3794 1360 3860 praedicabitur,
1374 3797 1404 3846 ul
1420 3795 1452 3846 sit
1465 3795 1502 3845 sic
1513 3794 1646 3858 quoddam
1655 3795 1699 3844 ὑο-

78 3882 278 3936 rerotermiuus
290 3882 322 3935 de
342 3884 452 3950 quodam
472 3886 492 3934 Α
511 3885 618 3936 termino
634 3884 734 3944 dicitur,
751 3883 869 3950 quomam
914 3898 979 3936 ιειιιη
994 3886 1099 3948 justum
1116 3889 1172 3948 est,
1192 3887 1299 3936 nullum
1315 3881 1531 3936 melamborium
1549 3888 1601 3945 est,
1620 3885 1698 3948 quid·

81 3971 233 4025 universalis
248 3971 394 4024 affirmativa
407 3973 589 4038 particulariter
604 3974 652 4024 sihi
668 3973 723 4039 ipsa
743 3972 867 4024 converti·
915 3974 979 4026 dam
995 3978 1076 4039 lyllur
1087 3976 1193 4039 justum
1211 3977 1313 4025 molum
1330 3987 1385 4024 κοιι
1405 3977 1451 4024 est,
1476 3971 1605 4037 Expedilis
1622 3973 1700 4038 igitur

81 4067 135 4120 tur,
151 4061 260 4127 quareo
276 4061 395 4112 terminus
413 4061 445 4114 de
459 4061 568 4126 quodam
584 4064 605 4112 Α
619 4061 725 4113 termino
740 4076 789 4112 non
805 4075 871 4126 prce·
914 4077 1005 4116 norem
1022 4065 1109 4130 primae
1121 4064 1209 4128 ligure
1220 4063 1302 4114 modis
1315 4061 1347 4112 ad
1364 4059 1479 4112 meando
1489 4061 1576 4125 ligura
1592 4065 1700 4126 paloor

83 4149 223 4209 dicabitor,
235 4153 265 4200 ut
283 4150 316 4202 sit
329 4150 452 4201 sicomne
470 4150 567 4202 honum
580 4152 686 4212 justum
700 4151 871 4213 estmolluro
915 4154 1003 4206 modos
1022 4153 1160 4206 venimus.
1185 4152 1311 4213 (Boethius
1332 4151 1364 4202 ‹ls
1386 4150 1527 4215 syllogismo
1553 4151 1697 4216 categorico,

81 4239 346 4303 molambocumesl,
358 4253 408 4290 ιιοιι
422 4241 506 4305 posset
525 4238 621 4302 colligi,
634 4238 751 4304 quoniam
764 4239 871 4288 nullum
915 4243 959 4296 lib.
974 4244 1005 4306 ll,
1024 4255 1048 4307 p.
1065 4245 1170 4292 εθι-θθθ
1186 4239 1225 4292 ed.
1249 4239 1324 4290 hasil.
1344 4241 1381 4290 De
1400 4237 1482 4290 trihus
1501 4237 1699 4303 syllogismorum

82 4327 189 4379 malum
199 4328 302 4390 tostum
312 4331 361 4392 eo,
378 4327 423 4380 sed
438 4327 592 4380 convertitur
606 4326 642 4378 sic
656 4327 760 4378 nullum
775 4327 872 4380 θοιιιιιιε
916 4332 1020 4398 figuris:
1032 4333 1136 4382 atvero
1147 4341 1319 4396 unaquaeque,
1332 4329 1390 4391 etc.)

82 4418 189 4468 malum
199 4418 237 4467 est
240 4453 250 4480 ,
259 4415 389 4480 quiddam
396 4415 500 4478 justum
511 4415 606 4466 θοιιυιιι
621 4417 676 4475 est,
691 4414 818 4478 quiddam
827 4417 873 4478 ist·
952 4424 1003 4468 llo.
1020 4417 1133 4468 Primum
1144 4415 1338 4484 igilurdicamus
1347 4415 1379 4468 de
1388 4414 1536 4481 syllogismis
1546 4413 1699 4479 prohatiris;

83 4511 134 4558 lar
144 4506 254 4568 justam
265 4505 367 4556 mulum
385 4517 436 4556 son
449 4507 497 4554 est.
917 4505 1055 4570 dequibus
1070 4519 1148 4570 quum
1167 4504 1215 4555 hoc
1227 4504 1425 4556 demonstratum
1440 4501 1529 4566 fuerit,
1545 4501 1701 4566 {empleuum

117 4599 210 4647 Νοιιειι
229 4593 320 4646 modus
338 4593 425 4660 prmo
448 4593 534 4659 figure
550 4598 601 4653 est,
621 4594 666 4658 qui
679 4607 711 4645 ea
728 4593 873 4659 particulari
918 4595 965 4645 erit
976 4594 1052 4646 etiam
1063 4594 1089 4644 in
1101 4594 1249 4659 syllogismis
1263 4593 1296 4645 ad
1307 4591 1461 4658 impossihile
1471 4588 1665 4656 perducentibus
1676 4589 1702 4636 et

83 4684 275 4737 allirmaliraei
290 4682 424 4735 universali
445 4684 560 4747 negativa
577 4683 755 4748 particularem
780 4682 874 4746 colligit
917 4681 1237 4746 omrrhroiuhypolhelicls.

83 4773 229 4838 negativam
239 4772 484 4838 perconrersiouem.
495 4771 596 4824 sienim
607 4775 627 4822 Α
639 4773 760 4823 terminus
771 4771 803 4822 de
813 4785 874 4837 quo·
951 4776 1003 4822 ill.
1027 4769 1077 4822 Sed
1090 4769 1208 4834 quoniam
1217 4769 1249 4820 de
1257 4767 1424 4834 hypotheticis
1438 4767 1572 4833 loquimur,
1594 4763 1655 4829 quid
1667 4765 1702 4814 si-

86 4862 181 4912 damlt
200 4861 319 4921 tcmrirro,
344 4863 364 4912 B
384 4875 444 4913 vero
457 4861 579 4912 leoninus
599 4859 630 4912 de
647 4861 716 4912 nullo
734 4860 875 4913 (llermiuo
918 4860 1018 4925 golhcet
1028 4857 1173 4924 hypothesis
1184 4897 1191 4922 ,
1204 4855 1389 4924 predicendum
1403 4855 1450 4905 est.
1464 4850 1613 4918 Hypothesis
1631 4863 1702 4900 nam-

84 4949 247 5016 promotus,
262 4965 312 5002 nou
322 4935 404 5016 polest
413 4951 515 5016 quidem
522 4950 584 5010 dici,
594 4950 713 5015 quoniam
723 4953 742 5000 l
753 4949 875 5002 leudinus
919 4964 981 5016 que,
996 4947 1062 5000 uude
1079 4946 1232 5012 hypothetici
1254 4941 1389 5011 syllogismi
1404 4955 1521 5007 accepere
1537 4938 1700 4998 vocabulum,

85 5039 120 5091 de
131 5037 241 5104 quedam
256 5039 393 5092 clermino
405 5053 454 5090 ιιοιι
467 5039 653 5105 praedicabitur.
667 5040 719 5092 Gur
730 5041 815 5090 autom
826 5052 876 5090 non
919 5038 1030 5098 duobus,
1050 5039 1080 5087 ut
1099 5035 1211 5088 Eudemo
1231 5034 1325 5100 placet,
1342 5031 1435 5082 dicitur
1456 5029 1545 5082 modis.
1565 5031 1616 5078 aul
1637 5027 1703 5078 enim

86 5125 181 5190 possit,
202 5126 251 5177 hoc
271 5139 371 5192 qusque
389 5127 415 5178 iu
437 5127 599 5180 Resolutoriis
614 5127 733 5180 diurnus.
750 5127 800 5180 ssd
812 5143 877 5194 quo·
921 5127 970 5178 tale
986 5127 1125 5191 acquiritur
1148 5124 1244 5190 aliquid
1266 5137 1310 5188 per
1326 5120 1452 5186 quandam
1472 5119 1537 5170 irater
1555 5131 1582 5169 se
1599 5129 1704 5169 massa-

86 5214 157 5266 niem
168 5215 315 5268 universalis
331 5217 430 5282 negatio
444 5217 554 5268 converti
570 5219 666 5282 polest,
683 5216 790 5280 dicetur,
812 5233 877 5282 quo·
922 5213 1038 5266 licutium
1054 5214 1230 5272 conditionem,
1246 5211 1315 5278 quod
1326 5209 1381 5262 heri
1396 5209 1466 5260 nullo
1478 5207 1554 5260 modo
1567 5207 1660 5275 pessit,
1672 5207 1704 5258 ut

88 5317 162 5358 mam
179 5304 336 5358 Gterrnluus
351 5305 384 5359 de
397 5307 497 5359 nullon
516 5307 623 5360 tumim
641 5305 799 5368 praedicatur.
821 5309 877 5356 eru
922 5302 956 5352 ad
971 5317 1045 5354 sirum
1057 5301 1192 5354 terminum
1208 5299 1274 5354 ratio
1288 5297 1449 5363 perducatur,
1461 5297 1507 5350 aut
1521 5295 1550 5352 iu
1564 5293 1704 5352 conditione
