3958 5942
252 388 314 452 23d
759 394 907 457 Euuaui
929 396 1060 458 utiouu
1082 395 1343 458 Puutinfflricl

249 531 295 582 καῖ
309 523 339 583 τδ
353 521 501 600 αύτόμστον
515 521 586 581 αἰτια
602 522 647 582 καί
661 523 746 584 πολλά
758 527 803 584 καί
815 518 882 586 εἰναι
899 528 944 586 καί
955 528 1026 606 γίνε-
1077 527 1094 587 ά
1111 529 1157 588 ούκ
1172 530 1320 606 ἀγνοοῦντες
1340 524 1380 586 ότι
1403 525 1472 586 ἔστιν
1488 527 1666 604 ἐπανενεγκεῖν
1685 525 1797 586 ἰκαστον
1811 529 1855 588 tat

249 617 310 670 σθαι
324 610 368 670 διά
381 607 467 688 τύχην
483 610 529 668 καί
548 611 577 670 τὸ
592 611 757 689 αὐτόματον.
772 615 913 677 ἀκόλουθον
927 609 957 690 ἦν
982 621 1030 690 ζη-
1076 641 1101 675 τι
1122 615 1204 676 αἰτιον
1226 619 1277 674 τῶν
1300 614 1461 694 γινομένων,
1478 613 1595 694 καθάπερ
1613 617 1627 672 δ
1646 615 1759 682 παλαιὸς
1781 617 1855 692 λόγος

248 700 317 770 τεῖν,
332 700 355 756 εἰ
370 696 426 756 ίστι
448 697 494 756 καί
511 697 537 757 τί
558 701 613 758 ἰστι
627 701 672 760 καί
695 701 745 760 ύπδ
766 703 793 761 τί
815 707 865 762 τῶν
882 705 1028 782 εἰρημένων
1076 695 1147 764 εἶπεν
1161 707 1176 763 ό
1191 707 1304 784 ἀναιρῶν
1318 703 1366 776 τὴν
1379 705 1478 785 τύχην,
1490 702 1561 780 ὅμως
1573 702 1670 762 τούτων
1682 702 1713 760 at
1729 703 1777 781 μὲν
1792 696 1855 763 εἷναί

248 783 339 844 αἰτέων
353 784 480 864 ἀνάγεται
493 791 587 847 ταῦτα.
602 791 643 848 Οὐ
663 789 749 866 μάτην
763 791 789 850 δί
802 783 873 851 εἶπεν
887 797 900 851 ό
914 795 1027 873 Ἀριστο-
1077 815 1141 872 φασι
1157 791 1253 858 πάντες
1265 791 1319 851 ἀπδ
1332 791 1429 870 τύχης,
1443 791 1475 850 τδι
1492 790 1513 850 δΙ
1528 794 1576 850 ούκ
1587 791 1639 850 ἀπὸ
1650 790 1744 870 τύχης·
1756 792 1798 851 διὸ
1812 793 1857 852 καί

246 873 324 947 τέλης
337 872 459 951 λέγεσθαι
472 879 566 936 ταῦτα.
586 875 639 935 Καί
652 875 703 956 γδιρ
715 879 738 936 οἰ
754 879 801 955 μέν
819 882 910 940 πολλοί
926 882 970 940 καὶ
983 887 1030 942 αύ·
1077 881 1151 957 θμῶι
1165 879 1195 956 γέ
1214 905 1269 947 nu<
1289 872 1320 954 δν
1335 879 1455 950 ποιητέον
1476 880 1563 946 αὐτοῖς
1578 877 1681 956 inlitu·
1711 879 1790 938 'Abbi‘
1805 881 1857 954 init

248 959 320 1020 τόθεν
344 960 441 1020 οἰανται
463 963 568 1020 πολλῶν
582 963 669 1022 αἰτίαν
691 955 759 1024 εἰναι
778 966 824 1040 τλν
840 966 922 1048 τύχην
942 970 987 1028 καὶ
1001 971 1031 1030 ab
1077 968 1130 1026 οὐδ’
1145 967 1251 1026 ἐκείνων
1266 965 1298 1046 γί
1310 990 1336 1026 τι
1348 965 1430 1046 ᾤοντο
1441 957 1506 1026 εἰναι
1520 965 1567 1036 τλν
1585 967 1684 1047 τύχην,
1700 957 1753 1026 οἷον
1769 969 1857 1046 φιλίαν

248 1049 414 1128 αὐτόματον,
435 1052 460 1110 οἱ
477 1050 505 1112 δί
520 1052 671 1131 φυσιολόγοι
685 1053 735 1112 κάν
755 1054 792 1130 μὴ
811 1055 908 1134 λέγωσί
927 1081 952 1116 τι
970 1058 1029 1136 περί
1077 1055 1094 1128 ἢ
1111 1063 1192 1123 νεῖκος
1212 1055 1229 1126 ἢ
1250 1063 1308 1114 νοῦν
1328 1055 1346 1126 ἢ
1366 1055 1453 1135 πῶρῆ
1478 1055 1543 1114 ἄλλο
1560 1055 1589 1134 γέ
1604 1078 1631 1114 τι
1648 1059 1700 1114 τῶν
1721 1056 1856 1115 τοιαύταν.

248 1139 342 1210 αὐτῆς,
355 1141 414 1199 ἀλλ’
427 1130 471 1198 ndu
481 1139 517 1206 ὡς
529 1139 593 1218 ούση
609 1145 725 1220 χρῶνται
737 1143 781 1201 καί
794 1145 961 1220 ὀνομάζουσι.
976 1145 1029 1206 Καί
1076 1143 1187 1205 Ἄτοπον
1202 1137 1245 1204 ob
1265 1144 1317 1206 είτε
1338 1143 1375 1221 μὴ
1392 1143 1577 1222 ύπελάμόανον
1593 1135 1658 1204 εἰναι
1679 1144 1731 1202 εἰτε
1745 1144 1859 1220 οἰόμενοι

247 1225 298 1308 γάρ
325 1227 509 1305 Ἐμπεδοκλῆς
525 1229 550 1285 ἰν
576 1218 613 1296 οἷς
636 1253 728 1308 φησιν·
753 1258 767 1284 ιι
789 1231 858 1304 οὕτω
881 1233 931 1314 γάρ
950 1233 1028 1292 συνέ-
1076 1232 1311 1312 παρέλειπον,καί
1328 1232 1401 1292 ταῦτ’
1418 1229 1498 1290 ἐνίοτε
1518 1230 1666 1312 χρώμενοι,
1683 1231 1775 1312 ῶσπερ
1791 1234 1858 1307 Ἐμ-

247 1338 326 1394 κυρσε
340 1319 397 1378 θέον
410 1314 482 1389 τότε,
495 1317 609 1376 πολλάκι
624 1317 646 1375 δ’
656 1319 741 1386 ἀλλοις
754 1321 825 1396 (leg.
842 1319 925 1395 θέων,
941 1335 973 1380 ut
987 1335 1030 1380 est
1078 1323 1207 1392 πεδοκλῆς
1236 1323 1284 1380 ούκ
1305 1321 1346 1379 tat
1369 1319 1413 1380 τὸν
1435 1322 1499 1398 ἀέρα
1522 1321 1648 1380 ἀνωτάτω
1673 1322 1860 1402 (ἰποκρίνεαθιιί

248 1405 325 1482 apud
337 1405 531 1466 Aristotelem.
542 1405 591 1464 Sic
600 1406 678 1466 euim
691 1422 812 1468 vocatur
822 1409 872 1488 ἀήρ
882 1411 928 1468 νοί
942 1409 1029 1491 αἰθήρ.
1077 1433 1172 1491 φησιν,
1189 1411 1247 1467 ἀλλ’
1261 1409 1332 1476 ὅπως
1349 1406 1380 1468 ἀν
1395 1409 1474 1488 τύχῃ.

247 1492 292 1552 Cf.
304 1493 475 1572 Simplicius
489 1493 539 1556 tot.
558 1495 615 1554 διο
636 1509 665 1555 et
680 1497 850 1577 Empedoci.
868 1520 911 1560 vs.
926 1503 982 1560 atio
998 1501 1031 1559 in
1119 1498 1311 1578 (Aristoteles
1325 1498 1414 1575 Phys.
1432 1497 1485 1559 tib.
1499 1497 1527 1556 li
1541 1517 1603 1576 cap.
1621 1507 1638 1568 t
1660 1517 1728 1576 pag.
1744 1501 1811 1574 196.
1830 1519 1857 1556 a

248 1579 325 1643 Pbii.
336 1581 431 1642 Graec.
446 1581 559 1660 Fragrn.
575 1585 633 1642 νοί.
646 1585 657 1643 ἰ
671 1607 735 1664 pag.
749 1609 764 1659 7
776 1588 784 1666 )
796 1588 841 1646 καί
853 1589 933 1647 πόλιν
948 1614 960 1641 ι
977 1587 1030 1667 ὅπῃ
1082 1610 1127 1646 ιι.
1143 1587 1190 1646 ed.
1209 1587 1329 1646 bekker.
1343 1587 1523 1667 (Simplicius
1540 1587 1590 1647 ἰοί.
1613 1596 1649 1660 'iit
1667 1586 1726 1666 (cf.
1747 1587 1859 1648 Schntt.

248 1669 405 1749 συνέκυρσεν
429 1669 534 1729 ἅπαντα
553 1697 566 1724 ι
595 1673 649 1746 (οἰ.
670 1672 790 1752 Emped.
815 1695 858 1734 vs.
879 1679 933 1734 311
958 1676 1029 1736 ibid.
1078 1677 1108 1736 in
1121 1677 1211 1736 Arist.
1229 1693 1293 1754 pag.
1306 1675 1373 1734 351.
1385 1694 1412 1733 a.
1431 1675 1478 1734 ed.
1494 1675 1640 1750 Brandts.)
1654 1673 1682 1732 τὸ
1697 1672 1724 1732 δὲ
1740 1677 1861 1754 καθάπερ

249 1779 275 1836 [ι.
289 1757 387 1836 9ἰτλν
402 1757 486 1838 τύχην
510 1762 642 1818 αἰτιᾶσθαι
657 1761 738 1820 δοκεῖ.
758 1763 811 1822 itai
825 1765 848 1822 οἰ
864 1765 918 1823 θεὸν
933 1763 951 1835 ἢ
966 1764 1030 1837 ἰνλην
1077 1763 1215 1830 όπαλαιδς
1228 1761 1328 1840 λόγοςθ
1343 1765 1456 1839 ἀναιρῶν
1471 1761 1519 1832 τὴν
1535 1762 1617 1840 τύχην
1639 1761 1702 1839 πρὸς
1718 1761 1861 1843 Δημόκρι-

248 1844 296 1910 nd<
310 1846 394 1926 ἀρχάς
414 1845 532 1924 λέγοντες
546 1847 563 1919 ἢ
586 1849 682 1917 ἀγαθόν
697 1847 713 1919 ἢ
730 1849 828 1922 κακόν,
847 1849 893 1920 τὴν
913 1849 1031 1908 διάτασιν
1077 1876 1120 1910 τον
1136 1851 1217 1910 ἔοικεν
1233 1853 1367 1933 εἰρῆσθαι·
1379 1852 1473 1917 ἐκεῖνος
1482 1847 1533 1929 γάρ
1548 1848 1596 1908 κάν
1615 1851 1641 1907 ἰν
1653 1853 1686 1926 τῇ
1699 1851 1863 1930 κοσμοποιίφ

249 1935 333 1992 αὐτῶν
350 1934 395 1992 καί
410 1934 453 1994 niv
470 1935 597 2013 μερισμὸν
612 1939 664 1993 τῶν
676 1935 761 1994 πόνων
777 1935 820 1994 καί
834 1936 867 1994 τά
879 1941 986 1995 τοιαῦτα
998 1941 1032 2004 ὡς
1078 1941 1161 2001 ἐδόκει
1180 1945 1213 2020 τῇ
1234 1941 1302 2018 τύχῃ
1324 1944 1456 2018 χρῆσθαι,
1482 1938 1541 1998 ἀλλ’
1561 1939 1587 1996 ἓν
1603 1946 1656 2005 τοῖς
1677 1935 1865 2016 μερικωτέροις

249 2021 278 2079 ἐκ
294 2021 407 2101 τύχηςῆ
430 2023 459 2081 έκ
482 2022 648 2099 ταύτομάτου
672 2023 756 2101 λέγειν
772 2024 1027 2101 ἀναγκασθήσονται.
1078 2025 1177 2094 οὐδενός
1189 2049 1267 2105 φησιν
1288 2016 1355 2084 εἶναι
1378 2026 1426 2097 τὴν
1448 2025 1531 2104 τύχην
1547 2023 1646 2097 αἰτίαν,
1667 2021 1806 2103 ἀναφέρων
1830 2027 1866 2090 εἰς

249 2109 328 2169 'titt
343 2112 389 2170 καὶ
400 2111 565 2190 Δημόκριτος
579 2113 605 2170 ἐν
621 2099 658 2178 οἷς
671 2135 735 2194 φησι
748 2114 801 2171 δεῖν
812 2113 864 2170 ἀπδ
879 2118 922 2170 τοῦ
936 2113 1031 2182 παντὸς
1079 2114 1159 2182 ἀλλας
1179 2113 1263 2180 αἰτίας
1271 2159 1281 2190 ,
1297 2104 1349 2172 οἷον
1365 2119 1409 2172 τοῦ
1423 2114 1552 2190 θησαυρὸν
1566 2113 1649 2194 εύρεῖν
1667 2112 1695 2172 τὸ
1715 2112 1862 2184 σκάπτειν,

249 2199 435 2280 ἀποκρίνεσθαι
455 2199 587 2258 παντοίων
602 2200 708 2274 εἰδέων,
724 2205 780 2266 πῶς
796 2199 822 2258 δί
840 2201 886 2260 καὶ
901 2200 951 2258 ὑπὸ
965 2201 1031 2268 τίνος
1078 2201 1095 2273 ἢ
1114 2201 1161 2272 τὴν
1180 2201 1286 2282 φυτείαν
1296 2206 1342 2272 τῆς
1358 2201 1467 2278 ἐλαίας,
1483 2201 1567 2260 τοῦδέ
1586 2205 1734 2278 καταγῆναι
1747 2207 1795 2260 τοῦ
1812 2227 1864 2281 φα-

248 2286 333 2354 αἰτίας
354 2285 391 2364 μδ,
420 2285 503 2366 λέγων
524 2285 606 2346 ἔοικεν
628 2287 679 2346 ἀπὸ
700 2289 865 2364 ταύτομάτου
883 2288 928 2346 καί
950 2288 1032 2368 τύχης
1078 2292 1176 2369 λακροῶ
1198 2289 1227 2348 τὸ
1250 2289 1354 2368 κρανίον
1376 2289 1419 2346 τδν
1438 2292 1512 2348 ἀετόν
1535 2288 1645 2370 ῥέψαντα
1661 2289 1709 2360 τὴν
1722 2289 1862 2368 χελώνην,

248 2384 340 2456 γεννᾷν
356 2377 434 2436 αύτά.
453 2377 507 2436 Καί
525 2375 698 2458 Ἀναξαγόρας
713 2377 740 2436 δί
755 2375 798 2436 τδν
816 2383 873 2436 νοῦν
891 2378 984 2453 ἐάσας,
998 2378 1032 2444 ὥς
1078 2376 1149 2442 ὅπως
1162 2379 1192 2437 ab
1203 2378 1328 2456 χελύνιον
1342 2380 1419 2458 ραγῇ.
1432 2375 1525 2446 Ούτως
1539 2378 1618 2458 γάρό
1640 2378 1764 2454 Εὔδημος
1785 2381 1864 2437 ἱστο·

14 2463 183 2510 «ἡκ...
203 2461 540 2624 ,φφγφιγιξύὶιγμρρὲμφγ
551 2464 870 2632 ργγίρορμμρξζτωνρχδιεγτρλῖγί
883 2465 1029 2626 σιγνίστρησι.
1082 2476 1129 2547 ρεῖ.
1147 2466 1364 2614 ’ἐλπολργεῖτριιιάιὲ
1383 2463 1539 2625 ότγΕύδφμοτ
1554 2465 1617 2612 ύρρέὲρ
1631 2469 1681 2525 τῶν
1696 2466 1864 2610 ιτρλρριλιττόγ-ι

700 2579 716 2612 α
814 2579 1030 2627 νςτντυην
1079 2579 1130 2614 των
1164 2577 1370 2620 ντοιςατιος
1422 2575 1557 2626 ντυήν,
1616 2576 1759 2610 ωνιευο
1839 2577 1865 2612 οε

249 2643 371 2721 ἄγουσιν,
396 2637 465 2698 ὥστε
481 2639 526 2698 καί
542 2645 587 2712 τῆς
609 2641 703 2721 τέχνης
723 2641 822 2700 οἰκείαν
843 2643 924 2712 atita
949 2579 1031 2702 ποέεῖν
1079 2643 1160 2714 αὐτὴν
1180 2643 1323 2722 παρέλιπον
1348 2641 1415 2699 κατὰ
1435 2577 1615 2716 συμίύεόηκδςγ
1629 2633 1722 2700 οὖσαν·
1753 2577 1866 2720 dix-{dp

248 2735 368 2814 λέγοντες
389 2732 496 2813 «τέχνη
513 2733 597 2814 τύχην
619 2733 720 2814 ἔστερξε
744 2735 789 2793 καί
804 2735 870 2814 τύχη
885 2737 979 2814 τέχνην
1004 2763 1030 2798 ι.
1078 2735 1185 2790 τοιαῦτα
1200 2729 1257 2789 οὐδὲ
1273 2719 1339 2786 εἰναι
1356 2730 1442 2798 δοκεῖ,
1462 2728 1531 2788 ἀλλά
1545 2727 1577 2788 sd
1594 2731 1652 2786 καθ’
1670 2729 1739 2788 αύτά
1764 2757 1775 2778 ·
1803 2729 1863 2787 Lo-

247 2825 300 2886 Tin
316 2823 473 2901 εὐτυχοῦντα
492 2820 518 2880 δί
533 2822 578 2880 καί
594 2830 694 2902 φρονεῖν
710 2845 783 2903 φασι.
798 2825 961 2883 Aristotelis
975 2825 1032 2884 sete
1078 2838 1144 2876 ⁰⁰⁰¹
1165 2818 1201 2875 (ἰθ
1225 2836 1284 2896 quo
1301 2819 1396 2894 agitur
1419 2817 1480 2876 1¹ae⁰
1502 2818 1669 2896 praetedtlni
1693 2818 1865 2877 Aristotelis

250 2909 384 2985 vestigiis
408 2911 559 2986 ingressus
573 2925 617 2968 est
638 2908 802 2984 Eudemus,
824 2932 914 2990 quam
931 2913 982 2972 ilie
997 2915 1032 2973 de
1080 2903 1191 2964 verba:
1207 2903 1251 2964 aad
1266 2903 1421 2982 ἀπορήσειεν
1435 2903 1466 2964 ἄν
1481 2927 1520 2970 τις
1535 2903 1578 2964 διό
1592 2903 1616 2963 τί
1629 2908 1688 2964 ποτ’
1706 2907 1791 2972 οὐδεὶς
1813 2910 1866 2964 τῶν
1976 2923 1977 2926 ’

249 3000 422 3075 Anaxagora
447 2997 525 3056 idem
544 2997 622 3056 dicat
649 2998 740 3077 Phys.
766 2999 806 3072 li,
833 3001 850 3058 tt
875 2999 979 3060 λεκτέον
1001 3001 1031 3072 δὴ
1080 2993 1197 3074 ἀρχαίων
1213 2995 1299 3074 σιγῶν
1320 2991 1354 3050 τί
1373 2992 1446 3052 αἴτια
1466 2995 1527 3070 περὶ
1550 2995 1673 3070 γενέσεως
1697 2993 1743 3050 καὶ
1766 2999 1866 3075 φθορᾶς

248 3089 352 3166 πρῶτον
365 3085 413 3162 μέν
425 3084 489 3145 διότι
500 3091 516 3154 ἡ
529 3086 602 3166 φύσις
616 3089 667 3145 τῶν
682 3085 814 3146 ἀνικάτου
829 3085 931 3163 αἰτίων,
942 3086 1031 3148 ἔπειτα
1078 3081 1161 3160 λέγων
1174 3080 1234 3160 περί
1247 3081 1329 3159 τύχηι
1344 3079 1414 3138 οὐδὲν
1431 3079 1564 3158 διώρισεν,
1578 3082 1636 3138 ἀλλ’
1647 3083 1682 3146 ὥς
1697 3079 1800 3153 ἔοικεν,
1817 3087 1864 3140 οὗ·

189 3207 192 3212 ·
249 3174 371 3256 περὶτοῦ
388 3173 548 3251 ἀναγκαίου,
567 3177 623 3240 πῶς
644 3172 700 3253 ἔχει
723 3177 749 3234 ἐν
772 3178 825 3240 τοῖς
845 3183 977 3253 φυσικοῖς·
998 3178 1033 3242 εἰς
1079 3169 1120 3230 δέν
1135 3168 1217 3248 ᾤοντο
1231 3165 1288 3227 otti
1304 3171 1395 3226 ἐκεῖνοι
1409 3159 1474 3227 εἶναι
1491 3169 1543 3227 ἀπὸ
1555 3159 1646 3248 τύχης.
1664 3169 1761 3238 Quare
1775 3175 1789 3229 ὁ
1805 3193 1866 3228 πτ-

249 3261 300 3342 γάρ
322 3263 421 3332 ταύτην
444 3260 487 3331 τὴν
510 3259 596 3318 αἰτίαν
616 3263 740 3336 ἀνάγουσι
763 3261 875 3334 πάντες,
889 3261 929 3319 ότι
943 3263 1032 3335 ἐπειδὴ
1078 3257 1152 3324 λαιδς
1166 3259 1241 3336 λόγος
1256 3276 1316 3314 non
1334 3256 1433 3314 differt
1452 3256 1488 3314 ab
1509 3257 1545 3314 iis
1564 3277 1638 3334 quus
1656 3257 1715 3323 τούς
1735 3259 1867 3336 ἀρχαίους

248 3350 278 3410 ιδ
292 3352 386 3429 θερμὸν
405 3349 499 3408 τοιονδί
513 3347 612 3428 πέφυκε
636 3349 725 3408 καὶτὸ
746 3348 845 3430 ψυχρόν
863 3349 908 3408 καί
924 3349 1032 3410 ἕκαστον
1080 3346 1172 3428 σοφούς
1197 3344 1372 3425 appellavit,
1395 3345 1667 3422 repudiandumque
1690 3345 1771 3421 quod
1799 3347 1868 3417 ejus

250 3437 282 3510 δὴ
297 3439 349 3496 τῶν
367 3435 508 3514 τοιούτων,
528 3437 588 3494 ταδὶ
604 3437 630 3503 ἐξ
646 3436 760 3516 ἀνάγκης
778 3435 835 3496 ἐστὶ
857 3437 902 3496 καῖ
920 3437 1033 3516 γίνεται·
1080 3437 1145 3495 ioco
1163 3433 1250 3493 babet
1265 3431 1444 3491 Themistius
1456 3434 1470 3490 ὁ
1484 3431 1607 3512 πρότερος
1620 3429 1706 3507 λόγος.
1721 3431 1766 3489 ita
1781 3433 1867 3490 enim

249 3526 293 3584 καί
303 3524 354 3606 γάρ
369 3525 412 3586 tta
428 3525 510 3598 ἀλλην
523 3524 608 3584 αἰτίαν
623 3523 746 3598 εἴπωσιν,
759 3524 819 3584 ὅσον
832 3525 961 3607 ἀψόμινοι
974 3527 1035 3608 χαί·
1081 3523 1184 3585 scribit
1207 3523 1256 3582 ἰοί.
1275 3522 1324 3582 ού.
1343 3519 1374 3579 b.
1394 3522 1423 3578 ού
1440 3519 1586 3598 παροπτέον
1603 3519 1630 3578 δέ
1650 3519 1708 3578 οὐδὲ
1728 3521 1789 3587 τοὺς
1805 3545 1865 3579 πα-

250 3637 302 3695 ρειν
323 3617 416 3692 ἐῶσιν,
433 3617 446 3674 δ
464 3611 510 3691 μέν
529 3612 576 3684 τὴν
591 3612 679 3693 φιλίαν
700 3613 744 3670 καὶ
759 3612 788 3670 τδ
803 3621 904 3690 νεῖκος,
919 3617 933 3674 δ
947 3611 975 3674 δὲ
989 3615 1033 3674 τὸν
1080 3611 1186 3684 λαιούς,
1212 3609 1268 3668 ὅσοι
1289 3609 1349 3687 πτρί
1374 3608 1464 3667 αἰτίων
1485 3605 1695 3684 ἐφιλοσόφησαν,
1718 3599 1756 3664 ὧν
1780 3608 1868 3672 οὐδεὶς

249 3707 318 3764 νοῦν.
341 3703 386 3761 tii.
411 3701 540 3782 Metapb.
564 3705 590 3776 Ι,
613 3709 642 3770 ἰ..
664 3700 836 3758 Aristoteles
855 3715 970 3760 secutus
991 3715 1034 3760 est
1081 3697 1162 3772 αὐτὴν
1177 3703 1203 3758 ἐν
1216 3699 1313 3765 τούτοις
1327 3697 1556 3778 κατηριθμήοατο·
1570 3693 1711 3772 ταῦταμὲν
1726 3686 1869 3757 obsian-

251 3791 399 3850 Piatonem
425 3790 564 3849 Phaedon.
595 3810 625 3868 p.
656 3811 693 3866 97
716 3787 769 3848 ubi
789 3789 853 3850 vid.
881 3789 1033 3850 Heindorf.
1082 3811 1129 3864 μιν
1147 3785 1179 3846 ἂν
1199 3787 1246 3858 την
1267 3784 1350 3866 τύχην
1367 3783 1541 3853 ἐξελαύνοντες
1563 3785 1593 3842 ἐκ
1614 3787 1665 3842 τῶν
1681 3785 1867 3862 πραγμάτων,

250 3903 281 3960 p.
300 3881 353 3938 183
377 3894 406 3940 et
424 3877 626 3957 wyttenbacb.
649 3898 681 3957 p.
694 3878 764 3954 ²59·
790 3877 872 3936 Adde
888 3877 1034 3936 Brundisii
1083 3879 1157 3951 ἡμεῖς
1172 3875 1198 3933 δὲ
1213 3874 1255 3933 τὸν
1272 3873 1318 3949 μὲν
1332 3877 1455 3952 πρότερον
1470 3873 1545 3950 λόγον
1558 3871 1643 3952 φαμέν
1656 3872 1805 3930 τούναντίον
1822 3897 1868 3932 πε-

249 3968 318 4029 bist.
337 3969 407 4046 phil.
423 3968 475 4045 ip.
491 3969 559 4044 269.
574 3963 716 4025 Caeterum
729 3984 848 4024 versum
858 3964 941 4024 iilum
954 3964 1034 4042 τέχνη
1083 3963 1177 4043 ραῖνειν
1200 3952 1229 4019 ού
1254 3960 1383 4038 βούλεται.
1400 3959 1528 4019 Βούλεται
1549 3958 1663 4038 μὲνγὰρ
1682 3961 1799 4037 ἀναιρεῖν
1819 3960 1868 4020 τάν

251 4053 334 4134 τύχην
356 4054 459 4134 ἔστερξε
478 4054 523 4112 καί
549 4051 617 4132 τύχη
642 4053 737 4131 τέχνην
760 4053 906 4130 Agathoni
930 4051 1035 4111 tribuit
1081 4057 1179 4130 τύχην·
1194 4049 1315 4109 λανθάνει
1329 4047 1355 4106 δέ
1371 4047 1451 4118 αὐτὴν
1467 4048 1565 4122 μᾶλλον
1579 4045 1743 4124 κρατύνων.ἰ

253 4143 422 4202 Aristoteies
432 4143 527 4203 Ethic.
539 4141 653 4202 Ninum.
669 4142 717 4217 vi,
733 4145 785 4221 i..)
1122 4159 1159 4198 aa.
1183 4141 1244 4198 Τῶν
1259 4137 1285 4195 δέ
1304 4136 1446 4212 γινομένων
1467 4134 1499 4192 τδι
1518 4134 1565 4209 μέν
1587 4133 1664 4192 ἰνεκά
1685 4159 1730 4194 του
1745 4135 1867 4214 γίνεται,

293 4249 331 4287 aa.
355 4227 436 4290 ’titt
457 4228 503 4288 καί
527 4234 604 4286 τοῦτο
622 4227 788 4304 θαυμαστόν·
811 4229 897 4287 πολλὰ
917 4229 967 4308 γάρ
990 4228 1034 4287 καί
1083 4227 1114 4286 τά
1127 4227 1150 4286 δ’
1164 4225 1210 4286 ού·
1224 4225 1320 4285 τούτων
1336 4223 1363 4282 δὲ
1376 4223 1409 4282 τδι
1424 4222 1471 4300 μέν
1484 4223 1551 4282 κατά
1568 4222 1787 4302 προαίρεσιν,τά
1802 4225 1828 4282 d’
1840 4228 1869 4283 ιθ

252 4314 351 4395 γίνεται
372 4315 417 4374 καί
442 4311 512 4374 όστιν
537 4315 589 4374 ἀπὸ
608 4315 689 4394 τύχης
714 4315 758 4373 καί
777 4315 829 4375 ἀπὸ
852 4315 1033 4393 ταύτομάτου,
1082 4315 1149 4374 κατά
1175 4311 1342 4393 προαίρεσιν,
1358 4310 1438 4392 ἀμφω
1453 4311 1475 4370 δ’
1498 4314 1524 4371 ἐν
1548 4313 1601 4378 τοῖς
1622 4309 1698 4371 ἰνεκά
1716 4335 1779 4388 του,
1796 4313 1868 4371 ὥστε

261 4460 932 4480 μ..--..-----------
937 4465 948 4474 .

285 4541 324 4586 22.
343 4535 435 4586 t'ernm
459 4536 486 4586 et
509 4531 557 4582 hon
577 4532 689 4583 mirabile
711 4535 771 4584 est:
792 4533 872 4584 muita
893 4533 957 4585 enim
978 4539 1037 4586 sunt
1082 4533 1217 4584 trahantur.
1237 4530 1379 4584 Absurdum
1400 4529 1475 4596 ipitur
1492 4532 1546 4584 est.
1560 4529 1613 4582 sive
1628 4543 1677 4580 non
1693 4542 1749 4580 esse
1763 4533 1866 4594 putave-
1974 4557 1975 4561 =

254 4625 366 4688 tinntque
379 4623 443 4676 torte
454 4623 554 4675 torinna
567 4624 593 4672 et
601 4635 677 4686 casu,
692 4635 749 4687 qun
764 4635 813 4673 non
827 4621 968 4687 ignorantes
981 4621 1034 4675 stn-
1080 4625 1152 4684 runt,
1166 4621 1219 4672 sim
1233 4622 1348 4686 putantes
1359 4633 1413 4671 esse
1423 4619 1572 4680 omiserunt,
1586 4617 1724 4684 passarum
1736 4631 1817 4682 qnnm
1832 4619 1867 4668 in-

253 4715 326 4780 puta,
342 4713 402 4766 dum
418 4713 498 4776 dunt,
511 4725 585 4778 posse
600 4711 686 4762 reterri
703 4710 735 4762 ad
750 4711 857 4776 aliquam
872 4725 989 4775 nausun,
1008 4714 1036 4762 nt
1078 4707 1180 4757 ternum
1194 4707 1312 4770 ιιίιιιιίαις
1324 4709 1354 4756 ut
1368 4704 1530 4770 Empedocles
1543 4717 1592 4755 nnn
1610 4716 1709 4768 semper
1720 4703 1809 4755 aerem
1828 4718 1867 4754 ae·

254 4817 336 4857 senno
351 4802 612 4867 illuminaverint,
627 4801 671 4866 qui
691 4801 811 4852 tartunam
830 4802 894 4852 toltit
910 4821 915 4850 :
939 4801 1037 4852 iitnrnrn
1082 4795 1149 4844 terni
1161 4809 1234 4858 supra
1250 4793 1392 4856 contendit,
1409 4793 1452 4844 sed
1467 4797 1541 4858 prout
1551 4791 1689 4856 mntigarit.

254 4898 338 4944 tannen
350 4891 565 4944 aliaomnestorte
577 4889 811 4952 renumerantur,
823 4889 929 4939 alienon
942 4890 1037 4940 temere
1113 4885 1151 4932 28.
1169 4884 1261 4934 tiorum
1273 4885 1357 4933 autern
1371 4896 1428 4946 qna
1445 4883 1511 4936 tinut
1524 4883 1573 4936 alia
1586 4885 1690 4949 aiicujus
1708 4885 1792 4950 gratia
1806 4886 1868 4936 tinnt

254 4995 299 5032 nec
309 4995 368 5033 nasu
378 4982 496 5032 nenidisse
510 4979 640 5030 attirmant.
653 4981 806 5043 Quapropter
816 4980 842 5027 et
854 4976 1037 5042 quodammodo
1081 4969 1129 5022 ntia
1143 4971 1276 5032 nouitium
1292 4973 1369 5036 etque
1384 4973 1473 5023 horum
1485 4973 1602 5036 quanam
1612 4973 1715 5024 consilio
1729 4973 1805 5034 tiunt,
1817 4975 1867 5024 alia

253 5069 296 5121 itta
310 5069 525 5122 commemoranda
538 5067 569 5119 iis
583 5069 644 5118 erat.
660 5071 763 5118 λίνοιο
775 5079 806 5116 ne
820 5064 924 5116 istorum
936 5065 1036 5130 quidem
1081 5059 1253 5110 stnecnnsiiio.
1288 5063 1397 5125 Utraque
1416 5075 1476 5111 vern
1493 5061 1519 5112 in
1539 5061 1579 5114 his
1593 5065 1664 5125 aunt,
1686 5077 1744 5127 quae
1757 5063 1866 5126 aiicujus

253 5153 388 5218 quidquam
405 5155 541 5216 tartunam,
556 5155 625 5205 vetut
638 5151 771 5204 amicitiam
788 5155 832 5202 aut
845 5150 973 5202 dissidium
993 5153 1037 5200 aut
1079 5149 1156 5213 gratie
1170 5149 1240 5200 tinnt.
1256 5151 1361 5214 Apparet
1371 5149 1447 5210 igitur
1463 5152 1538 5202 etiarn
1550 5151 1574 5202 in
1585 5151 1625 5202 his
1637 5165 1693 5216 quta
1709 5167 1759 5203 nnn
1776 5165 1863 5203 nenes-

256 5243 365 5296 mentun
377 5246 422 5291 aut
438 5243 519 5305 ignem
532 5245 576 5292 aut
592 5242 657 5292 atiud
670 5240 730 5306 quid
744 5239 886 5304 hujusmodi
904 5253 958 5291 esse
972 5239 1037 5289 arbi·
1079 5236 1231 5301 sarinneque
1246 5238 1390 5304 plerumque
1403 5239 1483 5303 fiunt,
1497 5253 1552 5292 esse
1567 5240 1649 5306 aliqua
1661 5241 1728 5292 eirca
1743 5255 1802 5307 que
1814 5254 1862 5306 po-
