<?xml version="1.0" encoding="UTF-8"?>
<!DOCTYPE html PUBLIC "-//W3C//DTD XHTML 1.0 Transitional//EN"
    "http://www.w3.org/TR/xhtml1/DTD/xhtml1-transitional.dtd">
<html xmlns="http://www.w3.org/1999/xhtml" xml:lang="en" lang="en">
 <head>
  <title>
</title>
<meta http-equiv="Content-Type" content="text/html;charset=utf-8" />
  <meta name='ocr-system' content='tesseract 3.04.00' />
  <meta name='ocr-capabilities' content='ocr_page ocr_carea ocr_par ocr_line ocrx_word'/>
</head>
<body>
  <div class='ocr_page' id='page_1' title='image "./fragmentaphilos01mullgoog/fragmentaphilos01mullgoog_0115.png"; bbox 0 0 3976 5948; ppageno 0'>
   <div class='ocr_carea' id='block_1_1' title="bbox 238 414 1136 486">
    <p class='ocr_par' dir='ltr' id='par_1_1' title="bbox 238 414 1136 486">
     <span class='ocr_line' id='line_1_1' title="bbox 238 414 1136 486; baseline -0.011 0"><span class='ocrx_word' id='word_1_1' title='bbox 238 424 279 486; x_wconf 77' lang='lat'><strong>98</strong></span> <span class='ocrx_word' id='word_1_2' title='bbox 936 414 1136 482; x_wconf 78' lang='lat' dir='ltr'><strong>SPEUSIPPl</strong></span> 
     </span>
    </p>
   </div>
   <div class='ocr_carea' id='block_1_2' title="bbox 226 539 1848 3710">
    <p class='ocr_par' dir='ltr' id='par_1_2' title="bbox 226 539 1848 3710">
     <span class='ocr_line' id='line_1_2' title="bbox 236 539 1843 628; baseline -0.008 -16"><span class='ocrx_word' id='word_1_3' title='bbox 236 551 316 614; x_wconf 75' lang='grc' dir='ltr'><strong>Ἀλλά</strong></span> <span class='ocrx_word' id='word_1_4' title='bbox 329 559 373 610; x_wconf 82' lang='grc' dir='ltr'><strong>τοῦ</strong></span> <span class='ocrx_word' id='word_1_5' title='bbox 390 551 437 628; x_wconf 80' lang='grc' dir='ltr'><strong>μίν</strong></span> <span class='ocrx_word' id='word_1_6' title='bbox 449 549 565 622; x_wconf 78' lang='grc' dir='ltr'><strong>ἥδεσθαι.</strong></span> <span class='ocrx_word' id='word_1_7' title='bbox 577 581 617 595; x_wconf 91' lang='grc'>-</span> <span class='ocrx_word' id='word_1_8' title='bbox 628 551 670 608; x_wconf 91' lang='lat' dir='ltr'><strong>De</strong></span> <span class='ocrx_word' id='word_1_9' title='bbox 681 549 831 628; x_wconf 81' lang='lat' dir='ltr'><strong>epistolica</strong></span> <span class='ocrx_word' id='word_1_10' title='bbox 843 549 1016 610; x_wconf 88' lang='lat' dir='ltr'><strong>salutatione</strong></span> <span class='ocrx_word' id='word_1_11' title='bbox 1060 544 1158 617; x_wconf 89' lang='grc' dir='ltr'><strong>γένεσιν</strong></span> <span class='ocrx_word' id='word_1_12' title='bbox 1174 543 1281 622; x_wconf 81' lang='grc' dir='ltr'><strong>έχοντα,</strong></span> <span class='ocrx_word' id='word_1_13' title='bbox 1296 539 1341 600; x_wconf 86' lang='grc' dir='ltr'><strong>καί</strong></span> <span class='ocrx_word' id='word_1_14' title='bbox 1356 539 1481 601; x_wconf 79' lang='grc' dir='ltr'>παντοίαν</span> <span class='ocrx_word' id='word_1_15' title='bbox 1495 539 1656 618; x_wconf 65' lang='lat' dir='ltr'><strong>matella</strong></span> <span class='ocrx_word' id='word_1_16' title='bbox 1674 543 1765 602; x_wconf 73' lang='lat' dir='ltr'><strong>ituit</strong></span> <span class='ocrx_word' id='word_1_17' title='bbox 1779 539 1843 622; x_wconf 82' lang='grc' dir='ltr'><strong>περὶ</strong></span> 
     </span>
     <span class='ocr_line' id='line_1_3' title="bbox 235 629 1282 719; baseline -0.01 -20"><span class='ocrx_word' id='word_1_18' title='bbox 235 632 264 698; x_wconf 78' lang='grc' dir='ltr'><strong>τό</strong></span> <span class='ocrx_word' id='word_1_19' title='bbox 284 639 427 718; x_wconf 86' lang='grc' dir='ltr'><strong>πράττειν,</strong></span> <span class='ocrx_word' id='word_1_20' title='bbox 448 639 516 698; x_wconf 87' lang='lat' dir='ltr'><strong>item</strong></span> <span class='ocrx_word' id='word_1_21' title='bbox 542 638 579 696; x_wconf 90' lang='lat' dir='ltr'><strong>de</strong></span> <span class='ocrx_word' id='word_1_22' title='bbox 601 638 723 716; x_wconf 88' lang='lat' dir='ltr'><strong>reliquis</strong></span> <span class='ocrx_word' id='word_1_23' title='bbox 746 637 866 719; x_wconf 96' lang='grc' dir='ltr'><strong>χαίρειν,</strong></span> <span class='ocrx_word' id='word_1_24' title='bbox 891 635 1013 710; x_wconf 81' lang='grc' dir='ltr'><strong>ἥδεσθαι,</strong></span> <span class='ocrx_word' id='word_1_25' title='bbox 1059 633 1103 692; x_wconf 90' lang='grc' dir='ltr'><strong>τδν</strong></span> <span class='ocrx_word' id='word_1_26' title='bbox 1116 629 1282 710; x_wconf 86' lang='grc' dir='ltr'><strong>Μέναιχμον.</strong></span> 
     </span>
     <span class='ocr_line' id='line_1_4' title="bbox 233 715 1843 804; baseline -0.007 -19"><span class='ocrx_word' id='word_1_27' title='bbox 233 726 359 804; x_wconf 75' lang='grc' dir='ltr'><strong>ὑγιαίνειν</strong></span> <span class='ocrx_word' id='word_1_28' title='bbox 381 727 449 786; x_wconf 87' lang='lat' dir='ltr'><strong>vide</strong></span> <span class='ocrx_word' id='word_1_29' title='bbox 464 725 556 785; x_wconf 84' lang='lat' dir='ltr'><strong>llenr.</strong></span> <span class='ocrx_word' id='word_1_30' title='bbox 581 725 719 804; x_wconf 84' lang='lat' dir='ltr'><strong>Stephani</strong></span> <span class='ocrx_word' id='word_1_31' title='bbox 735 723 822 784; x_wconf 87' lang='lat' dir='ltr'><strong>Thes.</strong></span> <span class='ocrx_word' id='word_1_32' title='bbox 846 744 869 782; x_wconf 91' lang='lat' dir='ltr'><strong>s.</strong></span> <span class='ocrx_word' id='word_1_33' title='bbox 886 745 915 784; x_wconf 93' lang='grc' dir='ltr'><strong>ν.</strong></span> <span class='ocrx_word' id='word_1_34' title='bbox 930 723 1014 804; x_wconf 87' lang='grc' dir='ltr'><strong>πράτ-</strong></span> <span class='ocrx_word' id='word_1_35' title='bbox 1101 719 1239 799; x_wconf 85' lang='lat' dir='ltr'><strong>(Procius</strong></span> <span class='ocrx_word' id='word_1_36' title='bbox 1251 727 1437 777; x_wconf 86' lang='lat' dir='ltr'><strong>commentar.</strong></span> <span class='ocrx_word' id='word_1_37' title='bbox 1447 715 1576 796; x_wconf 76' lang='lat' dir='ltr'><strong>inprint</strong></span> <span class='ocrx_word' id='word_1_38' title='bbox 1590 715 1701 775; x_wconf 86' lang='lat' dir='ltr'><strong>Euclid.</strong></span> <span class='ocrx_word' id='word_1_39' title='bbox 1714 717 1843 776; x_wconf 86' lang='lat' dir='ltr'><strong>elemen-</strong></span> 
     </span>
     <span class='ocr_line' id='line_1_5' title="bbox 233 804 1846 892; baseline -0.009 -18"><span class='ocrx_word' id='word_1_40' title='bbox 233 837 298 874; x_wconf 91' lang='grc' dir='ltr'><strong>τειν.</strong></span> <span class='ocrx_word' id='word_1_41' title='bbox 316 815 461 892; x_wconf 83' lang='lat' dir='ltr'><strong>Diogenes</strong></span> <span class='ocrx_word' id='word_1_42' title='bbox 477 813 610 873; x_wconf 85' lang='lat' dir='ltr'><strong>La&#39;e&#39;rtius</strong></span> <span class='ocrx_word' id='word_1_43' title='bbox 626 815 656 872; x_wconf 93' lang='lat' dir='ltr'><strong>in</strong></span> <span class='ocrx_word' id='word_1_44' title='bbox 671 814 802 872; x_wconf 82' lang='lat' dir='ltr'><strong>Platonis</strong></span> <span class='ocrx_word' id='word_1_45' title='bbox 816 815 878 871; x_wconf 86' lang='lat' dir='ltr'><strong>vita</strong></span> <span class='ocrx_word' id='word_1_46' title='bbox 891 811 945 874; x_wconf 90' lang='lat' dir='ltr'><strong>lib.</strong></span> <span class='ocrx_word' id='word_1_47' title='bbox 958 805 1013 886; x_wconf 89' lang='lat' dir='ltr'><strong>ill,</strong></span> <span class='ocrx_word' id='word_1_48' title='bbox 1062 823 1119 868; x_wconf 91' lang='lat' dir='ltr'><strong>tor.</strong></span> <span class='ocrx_word' id='word_1_49' title='bbox 1141 807 1196 868; x_wconf 90' lang='lat' dir='ltr'><strong>lib.</strong></span> <span class='ocrx_word' id='word_1_50' title='bbox 1219 806 1259 880; x_wconf 96' lang='lat' dir='ltr'><strong>ll,</strong></span> <span class='ocrx_word' id='word_1_51' title='bbox 1282 807 1385 886; x_wconf 68' lang='grc' dir='ltr'><strong>δρας.</strong></span> <span class='ocrx_word' id='word_1_52' title='bbox 1406 825 1442 864; x_wconf 82' lang='lat' dir='ltr'><strong>aa</strong></span> <span class='ocrx_word' id='word_1_53' title='bbox 1466 805 1514 866; x_wconf 88' lang='lat' dir='ltr'><strong>ed.</strong></span> <span class='ocrx_word' id='word_1_54' title='bbox 1540 823 1625 882; x_wconf 81' lang='lat' dir='ltr'><strong>graec.</strong></span> <span class='ocrx_word' id='word_1_55' title='bbox 1644 804 1730 864; x_wconf 81' lang='lat' dir='ltr'><strong>basil.</strong></span> <span class='ocrx_word' id='word_1_56' title='bbox 1757 805 1846 862; x_wconf 78' lang='lat'><strong>1533.</strong></span> 
     </span>
     <span class='ocr_line' id='line_1_6' title="bbox 236 890 1846 983; baseline 0 -23"><span class='ocrx_word' id='word_1_57' title='bbox 236 905 270 960; x_wconf 88' lang='lat'><strong>61</strong></span> <span class='ocrx_word' id='word_1_58' title='bbox 293 904 428 963; x_wconf 74' lang='grc' dir='ltr'><strong>ἐπιστολαὶ</strong></span> <span class='ocrx_word' id='word_1_59' title='bbox 442 901 611 983; x_wconf 88' lang='grc' dir='ltr'><strong>τρισκαίδεκα</strong></span> <span class='ocrx_word' id='word_1_60' title='bbox 626 901 735 983; x_wconf 66' lang='grc' dir='ltr'><strong>ἠθικμί,</strong></span> <span class='ocrx_word' id='word_1_61' title='bbox 757 903 783 960; x_wconf 83' lang='grc' dir='ltr'><strong>ίν</strong></span> <span class='ocrx_word' id='word_1_62' title='bbox 799 890 841 968; x_wconf 70' lang='lat' dir='ltr'><strong>cle</strong></span> <span class='ocrx_word' id='word_1_63' title='bbox 856 901 966 981; x_wconf 75' lang='grc' dir='ltr'><strong>ἔγραφεν</strong></span> <span class='ocrx_word' id='word_1_64' title='bbox 986 891 1016 960; x_wconf 76' lang='lat' dir='ltr'><strong>all</strong></span> <span class='ocrx_word' id='word_1_65' title='bbox 1061 895 1106 957; x_wconf 75' lang='lat' dir='ltr'><strong>(ii.</strong></span> <span class='ocrx_word' id='word_1_66' title='bbox 1124 897 1231 976; x_wconf 82' lang='lat' dir='ltr'><strong>interp.</strong></span> <span class='ocrx_word' id='word_1_67' title='bbox 1247 896 1299 956; x_wconf 82' lang='lat' dir='ltr'><strong>tat.</strong></span> <span class='ocrx_word' id='word_1_68' title='bbox 1316 894 1435 973; x_wconf 83' lang='lat' dir='ltr'><strong>(Patav.</strong></span> <span class='ocrx_word' id='word_1_69' title='bbox 1463 893 1558 973; x_wconf 80' lang='lat'><strong>1560)</strong></span> <span class='ocrx_word' id='word_1_70' title='bbox 1573 913 1638 972; x_wconf 70' lang='lat' dir='ltr'><strong>pag·</strong></span> <span class='ocrx_word' id='word_1_71' title='bbox 1656 893 1702 961; x_wconf 68' lang='lat'><strong>45·</strong></span> <span class='ocrx_word' id='word_1_72' title='bbox 1720 891 1799 952; x_wconf 63' lang='grc' dir='ltr'><strong>πίλίθ</strong></span> <span class='ocrx_word' id='word_1_73' title='bbox 1816 892 1846 950; x_wconf 71' lang='grc' dir='ltr'><strong>ῧί</strong></span> 
     </span>
     <span class='ocr_line' id='line_1_7' title="bbox 236 975 1848 1072; baseline -0.006 -24"><span class='ocrx_word' id='word_1_74' title='bbox 236 990 376 1070; x_wconf 89' lang='grc' dir='ltr'><strong>πράττειν,</strong></span> <span class='ocrx_word' id='word_1_75' title='bbox 395 991 550 1071; x_wconf 83' lang='grc' dir='ltr'><strong>Ἐπίκουρος</strong></span> <span class='ocrx_word' id='word_1_76' title='bbox 569 990 596 1050; x_wconf 83' lang='grc' dir='ltr'><strong>δὲ</strong></span> <span class='ocrx_word' id='word_1_77' title='bbox 612 981 641 1048; x_wconf 73' lang='grc' dir='ltr'><strong>εὖ</strong></span> <span class='ocrx_word' id='word_1_78' title='bbox 657 989 777 1067; x_wconf 75' lang='grc' dir='ltr'><strong>διάγειν,</strong></span> <span class='ocrx_word' id='word_1_79' title='bbox 797 989 888 1050; x_wconf 86' lang='grc' dir='ltr'><strong>Κλέων</strong></span> <span class='ocrx_word' id='word_1_80' title='bbox 902 990 1015 1072; x_wconf 90' lang='grc' dir='ltr'><strong>χαίρειν,</strong></span> <span class='ocrx_word' id='word_1_81' title='bbox 1062 975 1096 1044; x_wconf 73' lang='grc' dir='ltr'><strong>αὖ</strong></span> <span class='ocrx_word' id='word_1_82' title='bbox 1110 983 1143 1042; x_wconf 83' lang='grc' dir='ltr'><strong>τδ</strong></span> <span class='ocrx_word' id='word_1_83' title='bbox 1159 985 1211 1042; x_wconf 86' lang='grc' dir='ltr'><strong>άπὸ</strong></span> <span class='ocrx_word' id='word_1_84' title='bbox 1225 986 1275 1042; x_wconf 83' lang='grc' dir='ltr'><strong>τῶν</strong></span> <span class='ocrx_word' id='word_1_85' title='bbox 1289 985 1377 1064; x_wconf 80' lang='grc' dir='ltr'><strong>ἀρχῶν</strong></span> <span class='ocrx_word' id='word_1_86' title='bbox 1394 985 1429 1049; x_wconf 90' lang='grc' dir='ltr'><strong>είς</strong></span> <span class='ocrx_word' id='word_1_87' title='bbox 1442 981 1624 1062; x_wconf 73' lang='grc' dir='ltr'><strong>προόλήματα</strong></span> <span class='ocrx_word' id='word_1_88' title='bbox 1641 982 1784 1062; x_wconf 83' lang='grc' dir='ltr'><strong>διαιρεῖται</strong></span> <span class='ocrx_word' id='word_1_89' title='bbox 1798 980 1848 1039; x_wconf 80' lang='grc' dir='ltr'><strong>καὶ</strong></span> 
     </span>
     <span class='ocr_line' id='line_1_8' title="bbox 234 1067 1845 1156; baseline -0.002 -20"><span class='ocrx_word' id='word_1_90' title='bbox 234 1077 287 1136; x_wconf 91' lang='lat' dir='ltr'><strong>ubi</strong></span> <span class='ocrx_word' id='word_1_91' title='bbox 313 1069 433 1138; x_wconf 85' lang='lat' dir='ltr'><strong>consule¹</strong></span> <span class='ocrx_word' id='word_1_92' title='bbox 459 1077 635 1156; x_wconf 82' lang='lat' dir='ltr'><strong>lllenagiunt.</strong></span> <span class='ocrx_word' id='word_1_93' title='bbox 665 1077 805 1137; x_wconf 84' lang='lat' dir='ltr'><strong>Caeterum</strong></span> <span class='ocrx_word' id='word_1_94' title='bbox 836 1077 1016 1156; x_wconf 81' lang='lat' dir='ltr'><strong>Speusippus</strong></span> <span class='ocrx_word' id='word_1_95' title='bbox 1061 1067 1278 1154; x_wconf 78' lang='grc' dir='ltr'><strong>θεωρήματα,τδ</strong></span> <span class='ocrx_word' id='word_1_96' title='bbox 1293 1069 1340 1148; x_wconf 71' lang='grc' dir='ltr'><strong>μίν</strong></span> <span class='ocrx_word' id='word_1_97' title='bbox 1353 1068 1399 1138; x_wconf 66' lang='lat' dir='ltr'><strong>tlt</strong></span> <span class='ocrx_word' id='word_1_98' title='bbox 1410 1067 1525 1148; x_wconf 67' lang='grc' dir='ltr'><strong>γενέσεις</strong></span> <span class='ocrx_word' id='word_1_99' title='bbox 1537 1067 1696 1149; x_wconf 66' lang='grc' dir='ltr'><strong>περιέχοντα</strong></span> <span class='ocrx_word' id='word_1_100' title='bbox 1710 1071 1762 1126; x_wconf 72' lang='grc' dir='ltr'><strong>τῶν</strong></span> <span class='ocrx_word' id='word_1_101' title='bbox 1773 1090 1845 1148; x_wconf 78' lang='grc' dir='ltr'><strong>οχη·</strong></span> 
     </span>
     <span class='ocr_line' id='line_1_9' title="bbox 234 1153 1846 1246; baseline -0.006 -23"><span class='ocrx_word' id='word_1_102' title='bbox 234 1165 387 1243; x_wconf 80' lang='lat' dir='ltr'><strong>Geryone,</strong></span> <span class='ocrx_word' id='word_1_103' title='bbox 409 1167 456 1226; x_wconf 89' lang='lat' dir='ltr'><strong>vel</strong></span> <span class='ocrx_word' id='word_1_104' title='bbox 476 1167 574 1246; x_wconf 85' lang='lat' dir='ltr'><strong>potius</strong></span> <span class='ocrx_word' id='word_1_105' title='bbox 592 1165 711 1224; x_wconf 83' lang='lat' dir='ltr'><strong>Briareo</strong></span> <span class='ocrx_word' id='word_1_106' title='bbox 731 1165 832 1244; x_wconf 87' lang='lat' dir='ltr'><strong>plures</strong></span> <span class='ocrx_word' id='word_1_107' title='bbox 859 1177 887 1223; x_wconf 91' lang='lat' dir='ltr'><strong>et</strong></span> <span class='ocrx_word' id='word_1_108' title='bbox 914 1185 1015 1224; x_wconf 88' lang='lat' dir='ltr'><strong>manus</strong></span> <span class='ocrx_word' id='word_1_109' title='bbox 1063 1160 1151 1239; x_wconf 91' lang='grc' dir='ltr'><strong>μάτων</strong></span> <span class='ocrx_word' id='word_1_110' title='bbox 1166 1154 1358 1234; x_wconf 79' lang='grc' dir='ltr'><strong>καλτλςτομέις</strong></span> <span class='ocrx_word' id='word_1_111' title='bbox 1370 1157 1413 1215; x_wconf 81' lang='grc' dir='ltr'><strong>καί</strong></span> <span class='ocrx_word' id='word_1_112' title='bbox 1427 1155 1474 1226; x_wconf 78' lang='grc' dir='ltr'><strong>τάς</strong></span> <span class='ocrx_word' id='word_1_113' title='bbox 1486 1153 1665 1241; x_wconf 78' lang='grc' dir='ltr'><strong>ἀραιρίσειςῆ</strong></span> <span class='ocrx_word' id='word_1_114' title='bbox 1680 1153 1846 1237; x_wconf 83' lang='grc' dir='ltr'><strong>προσθέσεις,</strong></span> 
     </span>
     <span class='ocr_line' id='line_1_10' title="bbox 234 1244 1848 1332; baseline -0.006 -22"><span class='ocrx_word' id='word_1_115' title='bbox 234 1267 261 1310; x_wconf 83' lang='lat' dir='ltr'><strong>et</strong></span> <span class='ocrx_word' id='word_1_116' title='bbox 275 1254 363 1332; x_wconf 90' lang='lat' dir='ltr'><strong>pedes</strong></span> <span class='ocrx_word' id='word_1_117' title='bbox 379 1253 534 1314; x_wconf 84' lang='lat' dir='ltr'><strong>habiturus</strong></span> <span class='ocrx_word' id='word_1_118' title='bbox 555 1274 618 1313; x_wconf 88' lang='lat' dir='ltr'><strong>esse</strong></span> <span class='ocrx_word' id='word_1_119' title='bbox 639 1254 758 1330; x_wconf 82' lang='lat' dir='ltr'><strong>fingitur</strong></span> <span class='ocrx_word' id='word_1_120' title='bbox 781 1266 900 1332; x_wconf 86' lang='lat' dir='ltr'><strong>propter</strong></span> <span class='ocrx_word' id='word_1_121' title='bbox 917 1253 1016 1312; x_wconf 85' lang='lat' dir='ltr'><strong>avari·</strong></span> <span class='ocrx_word' id='word_1_122' title='bbox 1062 1247 1107 1304; x_wconf 80' lang='grc' dir='ltr'><strong>καλ</strong></span> <span class='ocrx_word' id='word_1_123' title='bbox 1126 1245 1191 1313; x_wconf 78' lang='grc' dir='ltr'><strong>ὅλαι</strong></span> <span class='ocrx_word' id='word_1_124' title='bbox 1204 1244 1238 1304; x_wconf 69' lang='grc' dir='ltr'><strong>τὰ</strong></span> <span class='ocrx_word' id='word_1_125' title='bbox 1252 1244 1398 1320; x_wconf 80' lang='grc' dir='ltr'><strong>παθήματα</strong></span> <span class='ocrx_word' id='word_1_126' title='bbox 1416 1245 1449 1305; x_wconf 65' lang='lat' dir='ltr'><strong>et</strong></span> <span class='ocrx_word' id='word_1_127' title='bbox 1463 1245 1605 1325; x_wconf 88' lang='grc' dir='ltr'><strong>γιγνόμενα</strong></span> <span class='ocrx_word' id='word_1_128' title='bbox 1619 1245 1680 1327; x_wconf 83' lang='grc' dir='ltr'><strong>περί</strong></span> <span class='ocrx_word' id='word_1_129' title='bbox 1703 1245 1789 1318; x_wconf 84' lang='grc' dir='ltr'><strong>αθτά,</strong></span> <span class='ocrx_word' id='word_1_130' title='bbox 1810 1245 1848 1302; x_wconf 81' lang='grc' dir='ltr'><strong>τδ</strong></span> 
     </span>
     <span class='ocr_line' id='line_1_11' title="bbox 234 1331 1846 1412; baseline -0.004 -13"><span class='ocrx_word' id='word_1_131' title='bbox 234 1340 472 1411; x_wconf 73' lang='grc' dir='ltr'><strong>οἰοιη.,λίίιίοειιυτ</strong></span> <span class='ocrx_word' id='word_1_132' title='bbox 487 1345 565 1402; x_wconf 87' lang='lat' dir='ltr'><strong>enirn</strong></span> <span class='ocrx_word' id='word_1_133' title='bbox 578 1345 658 1402; x_wconf 84' lang='lat' dir='ltr'><strong>avari</strong></span> <span class='ocrx_word' id='word_1_134' title='bbox 674 1343 772 1402; x_wconf 84' lang='lat' dir='ltr'><strong>multis</strong></span> <span class='ocrx_word' id='word_1_135' title='bbox 785 1357 814 1400; x_wconf 92' lang='lat' dir='ltr'><strong>et</strong></span> <span class='ocrx_word' id='word_1_136' title='bbox 836 1341 972 1402; x_wconf 89' lang='lat' dir='ltr'><strong>manibus</strong></span> <span class='ocrx_word' id='word_1_137' title='bbox 988 1357 1016 1400; x_wconf 94' lang='lat' dir='ltr'><strong>et</strong></span> <span class='ocrx_word' id='word_1_138' title='bbox 1063 1335 1090 1396; x_wconf 75' lang='lat' dir='ltr'><strong>il</strong></span> <span class='ocrx_word' id='word_1_139' title='bbox 1105 1333 1164 1396; x_wconf 87' lang='grc' dir='ltr'><strong>καθ’</strong></span> <span class='ocrx_word' id='word_1_140' title='bbox 1179 1331 1246 1393; x_wconf 65' lang='lat' dir='ltr'><strong>atr&amp;</strong></span> <span class='ocrx_word' id='word_1_141' title='bbox 1262 1332 1451 1412; x_wconf 77' lang='grc' dir='ltr'><strong>συμόεόηκότα</strong></span> <span class='ocrx_word' id='word_1_142' title='bbox 1465 1334 1584 1402; x_wconf 73' lang='grc' dir='ltr'><strong>ἑκάστοις</strong></span> <span class='ocrx_word' id='word_1_143' title='bbox 1601 1333 1761 1395; x_wconf 80' lang='grc' dir='ltr'><strong>δεικνύοντα.</strong></span> <span class='ocrx_word' id='word_1_144' title='bbox 1781 1335 1846 1394; x_wconf 83' lang='grc' dir='ltr'><strong>Κα-</strong></span> 
     </span>
     <span class='ocr_line' id='line_1_12' title="bbox 233 1420 1847 1512; baseline 0.006 -23"><span class='ocrx_word' id='word_1_145' title='bbox 233 1429 359 1506; x_wconf 82' lang='lat' dir='ltr'><strong>pedibus</strong></span> <span class='ocrx_word' id='word_1_146' title='bbox 379 1445 436 1490; x_wconf 88' lang='lat' dir='ltr'><strong>tam</strong></span> <span class='ocrx_word' id='word_1_147' title='bbox 456 1431 494 1490; x_wconf 88' lang='lat' dir='ltr'><strong>ad</strong></span> <span class='ocrx_word' id='word_1_148' title='bbox 510 1432 710 1512; x_wconf 83' lang='lat' dir='ltr'><strong>accipiendam</strong></span> <span class='ocrx_word' id='word_1_149' title='bbox 727 1452 813 1511; x_wconf 89' lang='lat' dir='ltr'><strong>quarn</strong></span> <span class='ocrx_word' id='word_1_150' title='bbox 830 1431 865 1490; x_wconf 91' lang='lat' dir='ltr'><strong>ad</strong></span> <span class='ocrx_word' id='word_1_151' title='bbox 881 1451 1014 1510; x_wconf 75' lang='lat' dir='ltr'><strong>quaeren·</strong></span> <span class='ocrx_word' id='word_1_152' title='bbox 1062 1422 1208 1506; x_wconf 70' lang='grc' dir='ltr'><strong>θοίπςργᾶρ</strong></span> <span class='ocrx_word' id='word_1_153' title='bbox 1224 1421 1251 1480; x_wconf 66' lang='lat' dir='ltr'><strong>“l</strong></span> <span class='ocrx_word' id='word_1_154' title='bbox 1265 1421 1401 1494; x_wconf 67' lang='grc' dir='ltr'><strong>ποίητθίαί</strong></span> <span class='ocrx_word' id='word_1_155' title='bbox 1419 1423 1470 1479; x_wconf 65' lang='grc' dir='ltr'><strong>ίῶί</strong></span> <span class='ocrx_word' id='word_1_156' title='bbox 1491 1424 1648 1502; x_wconf 69' lang='grc' dir='ltr'><strong>ίπῑςίημῶί</strong></span> <span class='ocrx_word' id='word_1_157' title='bbox 1669 1420 1779 1502; x_wconf 60' lang='grc' dir='ltr'><strong>θεωρίας</strong></span> <span class='ocrx_word' id='word_1_158' title='bbox 1794 1445 1847 1498; x_wconf 65' lang='grc' dir='ltr'><strong>με·</strong></span> 
     </span>
     <span class='ocr_line' id='line_1_13' title="bbox 232 1507 1848 1599; baseline -0.004 -26"><span class='ocrx_word' id='word_1_159' title='bbox 232 1516 297 1576; x_wconf 89' lang='lat' dir='ltr'><strong>darn</strong></span> <span class='ocrx_word' id='word_1_160' title='bbox 314 1523 467 1598; x_wconf 88' lang='lat' dir='ltr'><strong>pecuniam</strong></span> <span class='ocrx_word' id='word_1_161' title='bbox 480 1521 698 1599; x_wconf 89' lang='lat' dir='ltr'><strong>quodammodo</strong></span> <span class='ocrx_word' id='word_1_162' title='bbox 711 1539 806 1598; x_wconf 85' lang='lat' dir='ltr'><strong>ogere.</strong></span> <span class='ocrx_word' id='word_1_163' title='bbox 822 1553 862 1564; x_wconf 98' lang='lat'>-</span> <span class='ocrx_word' id='word_1_164' title='bbox 1062 1510 1184 1592; x_wconf 84' lang='grc' dir='ltr'><strong>τίχουσι,</strong></span> <span class='ocrx_word' id='word_1_165' title='bbox 1199 1509 1268 1570; x_wconf 83' lang='grc' dir='ltr'><strong>κατδι</strong></span> <span class='ocrx_word' id='word_1_166' title='bbox 1283 1507 1400 1568; x_wconf 79' lang='grc' dir='ltr'><strong>τδόιῦτδ</strong></span> <span class='ocrx_word' id='word_1_167' title='bbox 1418 1507 1445 1568; x_wconf 77' lang='grc' dir='ltr'><strong>δέ</strong></span> <span class='ocrx_word' id='word_1_168' title='bbox 1460 1509 1505 1568; x_wconf 85' lang='grc' dir='ltr'><strong>καλ</strong></span> <span class='ocrx_word' id='word_1_169' title='bbox 1517 1514 1545 1570; x_wconf 84' lang='lat' dir='ltr'><strong>at</strong></span> <span class='ocrx_word' id='word_1_170' title='bbox 1560 1511 1716 1592; x_wconf 83' lang='grc' dir='ltr'><strong>θεωρητικαὶ</strong></span> <span class='ocrx_word' id='word_1_171' title='bbox 1730 1509 1765 1570; x_wconf 78' lang='grc' dir='ltr'><strong>τὰ</strong></span> <span class='ocrx_word' id='word_1_172' title='bbox 1778 1533 1848 1589; x_wconf 88' lang='grc' dir='ltr'><strong>προ-</strong></span> 
     </span>
     <span class='ocr_line' id='line_1_14' title="bbox 273 1594 1846 1690; baseline -0.004 -26"><span class='ocrx_word' id='word_1_173' title='bbox 273 1627 325 1666; x_wconf 82' lang='lat' dir='ltr'><strong>aas.</strong></span> <span class='ocrx_word' id='word_1_174' title='bbox 342 1606 414 1679; x_wconf 87' lang='grc' dir='ltr'><strong>Ἤδη</strong></span> <span class='ocrx_word' id='word_1_175' title='bbox 439 1607 465 1666; x_wconf 77' lang='grc' dir='ltr'><strong>δὲ</strong></span> <span class='ocrx_word' id='word_1_176' title='bbox 488 1613 540 1666; x_wconf 82' lang='grc' dir='ltr'><strong>τῶν</strong></span> <span class='ocrx_word' id='word_1_177' title='bbox 563 1610 684 1669; x_wconf 77' lang='grc' dir='ltr'><strong>παλαιῶν</strong></span> <span class='ocrx_word' id='word_1_178' title='bbox 699 1609 723 1666; x_wconf 84' lang='grc' dir='ltr'><strong>οἱ</strong></span> <span class='ocrx_word' id='word_1_179' title='bbox 742 1609 789 1684; x_wconf 74' lang='grc' dir='ltr'><strong>μὲν</strong></span> <span class='ocrx_word' id='word_1_180' title='bbox 809 1607 896 1666; x_wconf 80' lang='grc' dir='ltr'><strong>πάντα</strong></span> <span class='ocrx_word' id='word_1_181' title='bbox 915 1607 1015 1690; x_wconf 56' lang='lat' dir='ltr'><strong>teupi,-</strong></span> <span class='ocrx_word' id='word_1_182' title='bbox 1062 1600 1188 1678; x_wconf 74' lang='grc' dir='ltr'><strong>ίλήματα</strong></span> <span class='ocrx_word' id='word_1_183' title='bbox 1200 1609 1256 1667; x_wconf 89' lang='grc' dir='ltr'><strong>ταῖς</strong></span> <span class='ocrx_word' id='word_1_184' title='bbox 1270 1599 1406 1672; x_wconf 82' lang='grc' dir='ltr'><strong>ποιήσεσιν</strong></span> <span class='ocrx_word' id='word_1_185' title='bbox 1419 1595 1545 1678; x_wconf 78' lang='grc' dir='ltr'><strong>ἀνάλογον</strong></span> <span class='ocrx_word' id='word_1_186' title='bbox 1555 1594 1846 1682; x_wconf 47' lang='grc' dir='ltr'><strong>προειλήφασινρΗδη</strong></span> 
     </span>
     <span class='ocr_line' id='line_1_15' title="bbox 235 1687 1846 1778; baseline -0.007 -19"><span class='ocrx_word' id='word_1_187' title='bbox 235 1717 309 1767; x_wconf 81' lang='grc' dir='ltr'><strong>ματα</strong></span> <span class='ocrx_word' id='word_1_188' title='bbox 334 1697 423 1754; x_wconf 81' lang='grc' dir='ltr'><strong>καλεῖν</strong></span> <span class='ocrx_word' id='word_1_189' title='bbox 445 1693 580 1769; x_wconf 78' lang='grc' dir='ltr'><strong>ἠξίωσαν,</strong></span> <span class='ocrx_word' id='word_1_190' title='bbox 596 1699 631 1764; x_wconf 78' lang='grc' dir='ltr'><strong>ὡς</strong></span> <span class='ocrx_word' id='word_1_191' title='bbox 649 1699 672 1756; x_wconf 87' lang='grc' dir='ltr'><strong>οἱ</strong></span> <span class='ocrx_word' id='word_1_192' title='bbox 695 1697 756 1778; x_wconf 77' lang='grc' dir='ltr'><strong>περὶ</strong></span> <span class='ocrx_word' id='word_1_193' title='bbox 775 1695 949 1758; x_wconf 76' lang='grc' dir='ltr'><strong>Σπεύσιππον</strong></span> <span class='ocrx_word' id='word_1_194' title='bbox 968 1695 1014 1754; x_wconf 77' lang='lat' dir='ltr'><strong>aal</strong></span> <span class='ocrx_word' id='word_1_195' title='bbox 1061 1687 1088 1747; x_wconf 82' lang='grc' dir='ltr'><strong>δέ</strong></span> <span class='ocrx_word' id='word_1_196' title='bbox 1098 1693 1150 1748; x_wconf 83' lang='grc' dir='ltr'><strong>τῶν</strong></span> <span class='ocrx_word' id='word_1_197' title='bbox 1161 1691 1281 1748; x_wconf 83' lang='grc' dir='ltr'><strong>παλαιῶν</strong></span> <span class='ocrx_word' id='word_1_198' title='bbox 1296 1691 1355 1746; x_wconf 86' lang='grc' dir='ltr'><strong>κτλ.</strong></span> <span class='ocrx_word' id='word_1_199' title='bbox 1372 1687 1452 1746; x_wconf 88' lang='lat' dir='ltr'><strong>Nihil</strong></span> <span class='ocrx_word' id='word_1_200' title='bbox 1468 1690 1579 1749; x_wconf 81' lang='lat' dir='ltr'><strong>mutari</strong></span> <span class='ocrx_word' id='word_1_201' title='bbox 1592 1691 1625 1748; x_wconf 91' lang='lat' dir='ltr'><strong>in</strong></span> <span class='ocrx_word' id='word_1_202' title='bbox 1635 1688 1735 1748; x_wconf 76' lang='lat' dir='ltr'><strong>verbis</strong></span> <span class='ocrx_word' id='word_1_203' title='bbox 1748 1688 1846 1748; x_wconf 83' lang='grc' dir='ltr'><strong>οἰκειό-</strong></span> 
     </span>
     <span class='ocr_line' id='line_1_16' title="bbox 237 1767 1846 1865; baseline -0.005 -25"><span class='ocrx_word' id='word_1_204' title='bbox 237 1780 414 1863; x_wconf 81' lang='grc' dir='ltr'><strong>Ἀμιρίνομον,</strong></span> <span class='ocrx_word' id='word_1_205' title='bbox 435 1782 576 1863; x_wconf 75' lang='grc' dir='ltr'><strong>ἡγούμενοι</strong></span> <span class='ocrx_word' id='word_1_206' title='bbox 594 1793 652 1852; x_wconf 87' lang='grc' dir='ltr'><strong>ταῖς</strong></span> <span class='ocrx_word' id='word_1_207' title='bbox 666 1791 835 1865; x_wconf 82' lang='grc' dir='ltr'><strong>θεωρητικαῖς</strong></span> <span class='ocrx_word' id='word_1_208' title='bbox 853 1783 1012 1860; x_wconf 74' lang='grc' dir='ltr'><strong>ἐπιστήμαις</strong></span> <span class='ocrx_word' id='word_1_209' title='bbox 1061 1800 1133 1856; x_wconf 76' lang='grc' dir='ltr'><strong>τορον</strong></span> <span class='ocrx_word' id='word_1_210' title='bbox 1162 1767 1231 1835; x_wconf 74' lang='grc' dir='ltr'><strong>εἶναι</strong></span> <span class='ocrx_word' id='word_1_211' title='bbox 1264 1775 1313 1848; x_wconf 80' lang='grc' dir='ltr'><strong>τὴν</strong></span> <span class='ocrx_word' id='word_1_212' title='bbox 1344 1778 1395 1834; x_wconf 83' lang='grc' dir='ltr'><strong>τῶν</strong></span> <span class='ocrx_word' id='word_1_213' title='bbox 1431 1776 1608 1858; x_wconf 80' lang='grc' dir='ltr'><strong>θεωρημάτων</strong></span> <span class='ocrx_word' id='word_1_214' title='bbox 1646 1774 1846 1858; x_wconf 77' lang='grc' dir='ltr'><strong>προσηγορίαν,</strong></span> 
     </span>
     <span class='ocr_line' id='line_1_17' title="bbox 233 1862 1846 1953; baseline -0.001 -25"><span class='ocrx_word' id='word_1_215' title='bbox 233 1871 386 1950; x_wconf 81' lang='grc' dir='ltr'><strong>οἰκειότερον</strong></span> <span class='ocrx_word' id='word_1_216' title='bbox 401 1862 527 1944; x_wconf 75' lang='grc' dir='ltr'><strong>εἶναιτὴν</strong></span> <span class='ocrx_word' id='word_1_217' title='bbox 541 1875 593 1930; x_wconf 77' lang='grc' dir='ltr'><strong>τῶν</strong></span> <span class='ocrx_word' id='word_1_218' title='bbox 606 1873 785 1952; x_wconf 84' lang='grc' dir='ltr'><strong>θεωρημάτων</strong></span> <span class='ocrx_word' id='word_1_219' title='bbox 799 1871 1012 1953; x_wconf 84' lang='grc' dir='ltr'><strong>προσηγορίανῆ</strong></span> <span class='ocrx_word' id='word_1_220' title='bbox 1062 1867 1196 1942; x_wconf 64' lang='lat' dir='ltr'><strong>quamvls</strong></span> <span class='ocrx_word' id='word_1_221' title='bbox 1220 1867 1327 1924; x_wconf 70' lang='lat' dir='ltr'><strong>tectius</strong></span> <span class='ocrx_word' id='word_1_222' title='bbox 1358 1863 1471 1924; x_wconf 85' lang='lat' dir='ltr'><strong>dicatur</strong></span> <span class='ocrx_word' id='word_1_223' title='bbox 1494 1863 1666 1944; x_wconf 71' lang='grc' dir='ltr'><strong>οίκςιοτίρον.</strong></span> <span class='ocrx_word' id='word_1_224' title='bbox 1698 1863 1755 1923; x_wconf 70' lang='lat' dir='ltr'><strong>Sed</strong></span> <span class='ocrx_word' id='word_1_225' title='bbox 1776 1865 1846 1924; x_wconf 74' lang='lat' dir='ltr'><strong>vide</strong></span> 
     </span>
     <span class='ocr_line' id='line_1_18' title="bbox 233 1950 1847 2040; baseline -0.004 -24"><span class='ocrx_word' id='word_1_226' title='bbox 233 1957 282 2030; x_wconf 79' lang='grc' dir='ltr'><strong>τλν</strong></span> <span class='ocrx_word' id='word_1_227' title='bbox 302 1962 354 2018; x_wconf 82' lang='grc' dir='ltr'><strong>τῶν</strong></span> <span class='ocrx_word' id='word_1_228' title='bbox 373 1958 587 2038; x_wconf 76' lang='grc' dir='ltr'><strong>προὸλημάτων,</strong></span> <span class='ocrx_word' id='word_1_229' title='bbox 610 1961 696 2028; x_wconf 86' lang='grc' dir='ltr'><strong>άλλως</strong></span> <span class='ocrx_word' id='word_1_230' title='bbox 716 1985 744 2020; x_wconf 88' lang='grc' dir='ltr'><strong>τε</strong></span> <span class='ocrx_word' id='word_1_231' title='bbox 769 1962 813 2020; x_wconf 82' lang='grc' dir='ltr'><strong>καί</strong></span> <span class='ocrx_word' id='word_1_232' title='bbox 836 1961 897 2040; x_wconf 81' lang='grc' dir='ltr'><strong>περὶ</strong></span> <span class='ocrx_word' id='word_1_233' title='bbox 921 1961 1013 2022; x_wconf 76' lang='grc' dir='ltr'><strong>ἀϊδίων</strong></span> <span class='ocrx_word' id='word_1_234' title='bbox 1061 1953 1194 2032; x_wconf 79' lang='lat' dir='ltr'><strong>Thucyd.</strong></span> <span class='ocrx_word' id='word_1_235' title='bbox 1213 1953 1274 2026; x_wconf 91' lang='lat' dir='ltr'><strong>lll,</strong></span> <span class='ocrx_word' id='word_1_236' title='bbox 1299 1951 1431 2026; x_wconf 79' lang='lat' dir='ltr'><strong>1013V,</strong></span> <span class='ocrx_word' id='word_1_237' title='bbox 1452 1971 1524 2026; x_wconf 88' lang='lat'><strong>110,</strong></span> <span class='ocrx_word' id='word_1_238' title='bbox 1542 1965 1574 2011; x_wconf 92' lang='lat' dir='ltr'><strong>ut</strong></span> <span class='ocrx_word' id='word_1_239' title='bbox 1596 1951 1654 2010; x_wconf 91' lang='lat' dir='ltr'><strong>alia</strong></span> <span class='ocrx_word' id='word_1_240' title='bbox 1675 1950 1847 2028; x_wconf 83' lang='lat' dir='ltr'><strong>hujusmodi</strong></span> 
     </span>
     <span class='ocr_line' id='line_1_19' title="bbox 233 2037 1848 2129; baseline -0.002 -27"><span class='ocrx_word' id='word_1_241' title='bbox 233 2043 401 2122; x_wconf 81' lang='grc' dir='ltr'><strong>ποιουμέναις</strong></span> <span class='ocrx_word' id='word_1_242' title='bbox 423 2045 483 2114; x_wconf 70' lang='lat' dir='ltr'><strong>coli&lt;</strong></span> <span class='ocrx_word' id='word_1_243' title='bbox 496 2045 599 2128; x_wconf 85' lang='grc' dir='ltr'><strong>λόγους.</strong></span> <span class='ocrx_word' id='word_1_244' title='bbox 622 2051 662 2109; x_wconf 82' lang='grc' dir='ltr'><strong>Οὐ</strong></span> <span class='ocrx_word' id='word_1_245' title='bbox 677 2049 726 2128; x_wconf 91' lang='grc' dir='ltr'><strong>γάρ</strong></span> <span class='ocrx_word' id='word_1_246' title='bbox 742 2052 797 2109; x_wconf 86' lang='grc' dir='ltr'><strong>ἐστι</strong></span> <span class='ocrx_word' id='word_1_247' title='bbox 810 2047 908 2129; x_wconf 87' lang='grc' dir='ltr'><strong>γένεσις</strong></span> <span class='ocrx_word' id='word_1_248' title='bbox 922 2051 949 2108; x_wconf 85' lang='grc' dir='ltr'><strong>έν</strong></span> <span class='ocrx_word' id='word_1_249' title='bbox 964 2049 1015 2116; x_wconf 76' lang='grc' dir='ltr'><strong>τοῖς</strong></span> <span class='ocrx_word' id='word_1_250' title='bbox 1061 2043 1193 2121; x_wconf 80' lang='lat' dir='ltr'><strong>exempla</strong></span> <span class='ocrx_word' id='word_1_251' title='bbox 1205 2043 1347 2101; x_wconf 85' lang='lat' dir='ltr'><strong>omittam.</strong></span> <span class='ocrx_word' id='word_1_252' title='bbox 1362 2039 1395 2098; x_wconf 92' lang='lat' dir='ltr'><strong>ln</strong></span> <span class='ocrx_word' id='word_1_253' title='bbox 1411 2037 1600 2118; x_wconf 80' lang='lat' dir='ltr'><strong>sequentibus</strong></span> <span class='ocrx_word' id='word_1_254' title='bbox 1615 2039 1730 2098; x_wconf 79' lang='lat' dir='ltr'><strong>correxi</strong></span> <span class='ocrx_word' id='word_1_255' title='bbox 1744 2046 1775 2096; x_wconf 83' lang='lat'><strong>:⁸</strong></span> <span class='ocrx_word' id='word_1_256' title='bbox 1790 2037 1848 2118; x_wconf 77' lang='grc' dir='ltr'><strong>χόε-</strong></span> 
     </span>
     <span class='ocr_line' id='line_1_20' title="bbox 233 2125 1846 2218; baseline 0.001 -26"><span class='ocrx_word' id='word_1_257' title='bbox 233 2133 341 2210; x_wconf 83' lang='grc' dir='ltr'><strong>άϊδίυις,</strong></span> <span class='ocrx_word' id='word_1_258' title='bbox 356 2133 424 2194; x_wconf 76' lang='grc' dir='ltr'><strong>ὥστε</strong></span> <span class='ocrx_word' id='word_1_259' title='bbox 444 2135 503 2194; x_wconf 82' lang='grc' dir='ltr'><strong>οὔτε</strong></span> <span class='ocrx_word' id='word_1_260' title='bbox 517 2137 547 2195; x_wconf 90' lang='grc' dir='ltr'><strong>τδ</strong></span> <span class='ocrx_word' id='word_1_261' title='bbox 561 2135 705 2215; x_wconf 76' lang='grc' dir='ltr'><strong>πρόὸλημα</strong></span> <span class='ocrx_word' id='word_1_262' title='bbox 725 2137 815 2218; x_wconf 81' lang='grc' dir='ltr'><strong>χώραν</strong></span> <span class='ocrx_word' id='word_1_263' title='bbox 825 2146 838 2172; x_wconf 79' lang='lat'>⁸</span> <span class='ocrx_word' id='word_1_264' title='bbox 853 2136 897 2194; x_wconf 75' lang='lat' dir='ltr'><strong>tal</strong></span> <span class='ocrx_word' id='word_1_265' title='bbox 915 2137 1014 2197; x_wconf 89' lang='grc' dir='ltr'><strong>τσιίτων</strong></span> <span class='ocrx_word' id='word_1_266' title='bbox 1064 2131 1130 2209; x_wconf 80' lang='grc' dir='ltr'><strong>ραν]</strong></span> <span class='ocrx_word' id='word_1_267' title='bbox 1147 2131 1229 2189; x_wconf 82' lang='lat' dir='ltr'><strong>c⁰dd·</strong></span> <span class='ocrx_word' id='word_1_268' title='bbox 1252 2128 1340 2210; x_wconf 77' lang='grc' dir='ltr'><strong>χωρίς·</strong></span> <span class='ocrx_word' id='word_1_269' title='bbox 1364 2161 1405 2174; x_wconf 89' lang='grc'>-</span> <span class='ocrx_word' id='word_1_270' title='bbox 1425 2125 1646 2208; x_wconf 67' lang='grc' dir='ltr'><strong>ι’ἦίῚτθίίΥίίίίθίί</strong></span> <span class='ocrx_word' id='word_1_271' title='bbox 1670 2125 1785 2200; x_wconf 56' lang='lat' dir='ltr'><strong>&amp;illm</strong></span> <span class='ocrx_word' id='word_1_272' title='bbox 1799 2129 1846 2185; x_wconf 65' lang='grc' dir='ltr'><strong>εὖ·</strong></span> 
     </span>
     <span class='ocr_line' id='line_1_21' title="bbox 232 2217 1846 2304; baseline -0.003 -24"><span class='ocrx_word' id='word_1_273' title='bbox 232 2221 265 2280; x_wconf 75' lang='grc' dir='ltr'><strong>ἂν</strong></span> <span class='ocrx_word' id='word_1_274' title='bbox 294 2223 364 2304; x_wconf 79' lang='grc' dir='ltr'><strong>ἔχοι,</strong></span> <span class='ocrx_word' id='word_1_275' title='bbox 390 2225 490 2303; x_wconf 88' lang='grc' dir='ltr'><strong>γένεσιν</strong></span> <span class='ocrx_word' id='word_1_276' title='bbox 519 2225 741 2304; x_wconf 78' lang='grc' dir='ltr'><strong>ἐπαγγελλόμενον</strong></span> <span class='ocrx_word' id='word_1_277' title='bbox 765 2225 810 2286; x_wconf 79' lang='grc' dir='ltr'><strong>καί</strong></span> <span class='ocrx_word' id='word_1_278' title='bbox 837 2225 942 2298; x_wconf 85' lang='grc' dir='ltr'><strong>ποίησιν</strong></span> <span class='ocrx_word' id='word_1_279' title='bbox 969 2230 1013 2286; x_wconf 85' lang='grc' dir='ltr'><strong>τοῦ</strong></span> <span class='ocrx_word' id='word_1_280' title='bbox 1061 2227 1131 2289; x_wconf 89' lang='grc' dir='ltr'><strong>θείας</strong></span> <span class='ocrx_word' id='word_1_281' title='bbox 1147 2219 1316 2301; x_wconf 78' lang='grc' dir='ltr'><strong>άναγραρήν,</strong></span> <span class='ocrx_word' id='word_1_282' title='bbox 1336 2218 1468 2292; x_wconf 79' lang='grc' dir='ltr'><strong>ἢεῦθείας</strong></span> <span class='ocrx_word' id='word_1_283' title='bbox 1481 2221 1546 2302; x_wconf 79' lang='grc' dir='ltr'><strong>πρὸς</strong></span> <span class='ocrx_word' id='word_1_284' title='bbox 1562 2222 1601 2300; x_wconf 79' lang='grc' dir='ltr'><strong>τῷ</strong></span> <span class='ocrx_word' id='word_1_285' title='bbox 1617 2217 1717 2278; x_wconf 79' lang='grc' dir='ltr'><strong>δοθέντι</strong></span> <span class='ocrx_word' id='word_1_286' title='bbox 1738 2217 1846 2300; x_wconf 79' lang='grc' dir='ltr'><strong>σημείερ</strong></span> 
     </span>
     <span class='ocr_line' id='line_1_22' title="bbox 232 2303 1846 2394; baseline 0.003 -25"><span class='ocrx_word' id='word_1_287' title='bbox 232 2309 315 2385; x_wconf 81' lang='grc' dir='ltr'><strong>μήπω</strong></span> <span class='ocrx_word' id='word_1_288' title='bbox 329 2312 453 2394; x_wconf 81' lang='grc' dir='ltr'><strong>πρότερον</strong></span> <span class='ocrx_word' id='word_1_289' title='bbox 467 2311 554 2389; x_wconf 87' lang='grc' dir='ltr'><strong>ὄντος,</strong></span> <span class='ocrx_word' id='word_1_290' title='bbox 582 2303 634 2373; x_wconf 79' lang='grc' dir='ltr'><strong>οἷον</strong></span> <span class='ocrx_word' id='word_1_291' title='bbox 656 2315 807 2394; x_wconf 80' lang='grc' dir='ltr'><strong>ἰσοπλεύρου</strong></span> <span class='ocrx_word' id='word_1_292' title='bbox 822 2313 949 2394; x_wconf 85' lang='grc' dir='ltr'><strong>τριγώνου</strong></span> <span class='ocrx_word' id='word_1_293' title='bbox 968 2316 1012 2375; x_wconf 86' lang='grc' dir='ltr'><strong>σύ·</strong></span> <span class='ocrx_word' id='word_1_294' title='bbox 1061 2311 1150 2389; x_wconf 62' lang='lat' dir='ltr'><strong>ileu]</strong></span> <span class='ocrx_word' id='word_1_295' title='bbox 1168 2309 1253 2368; x_wconf 79' lang='lat' dir='ltr'><strong>0⁰dd·</strong></span> <span class='ocrx_word' id='word_1_296' title='bbox 1270 2307 1288 2379; x_wconf 75' lang='grc' dir='ltr'><strong>ἢ</strong></span> <span class='ocrx_word' id='word_1_297' title='bbox 1308 2306 1486 2387; x_wconf 60' lang='grc' dir='ltr'><strong>τετραγώνους</strong></span> <span class='ocrx_word' id='word_1_298' title='bbox 1508 2306 1624 2378; x_wconf 62' lang='grc' dir='ltr'><strong>δοθείσης</strong></span> <span class='ocrx_word' id='word_1_299' title='bbox 1641 2305 1759 2379; x_wconf 69' lang='grc' dir='ltr'><strong>ςῦθῑίςςι</strong></span> <span class='ocrx_word' id='word_1_300' title='bbox 1778 2305 1846 2385; x_wconf 62' lang='grc' dir='ltr'><strong>πρὸς</strong></span> 
     </span>
     <span class='ocr_line' id='line_1_23' title="bbox 231 2393 1846 2484; baseline -0.003 -28"><span class='ocrx_word' id='word_1_301' title='bbox 231 2422 343 2478; x_wconf 87' lang='grc' dir='ltr'><strong>στασιν,</strong></span> <span class='ocrx_word' id='word_1_302' title='bbox 357 2399 374 2472; x_wconf 76' lang='grc' dir='ltr'><strong>ἢ</strong></span> <span class='ocrx_word' id='word_1_303' title='bbox 392 2401 556 2482; x_wconf 83' lang='grc' dir='ltr'><strong>τετραγώνου</strong></span> <span class='ocrx_word' id='word_1_304' title='bbox 570 2401 686 2475; x_wconf 86' lang='grc' dir='ltr'><strong>δοθείσης</strong></span> <span class='ocrx_word' id='word_1_305' title='bbox 702 2403 799 2469; x_wconf 74' lang='grc' dir='ltr'><strong>εὐθείας</strong></span> <span class='ocrx_word' id='word_1_306' title='bbox 814 2405 827 2439; x_wconf 76' lang='lat'><strong>¹³</strong></span> <span class='ocrx_word' id='word_1_307' title='bbox 841 2407 1011 2484; x_wconf 81' lang='grc' dir='ltr'><strong>ἀναγραφήν,</strong></span> <span class='ocrx_word' id='word_1_308' title='bbox 1060 2403 1097 2474; x_wconf 82' lang='grc' dir='ltr'><strong>τῷ</strong></span> <span class='ocrx_word' id='word_1_309' title='bbox 1110 2396 1207 2456; x_wconf 85' lang='grc' dir='ltr'><strong>δοθέντι</strong></span> <span class='ocrx_word' id='word_1_310' title='bbox 1221 2397 1336 2478; x_wconf 86' lang='grc' dir='ltr'><strong>σημείιρ,</strong></span> <span class='ocrx_word' id='word_1_311' title='bbox 1352 2395 1370 2468; x_wconf 79' lang='grc' dir='ltr'>ἢ</span> <span class='ocrx_word' id='word_1_312' title='bbox 1384 2394 1579 2477; x_wconf 77' lang='grc' dir='ltr'><strong>άναγραρήν,ἢ</strong></span> <span class='ocrx_word' id='word_1_313' title='bbox 1593 2393 1672 2458; x_wconf 82' lang='grc' dir='ltr'><strong>θέσιν.</strong></span> <span class='ocrx_word' id='word_1_314' title='bbox 1689 2427 1729 2442; x_wconf 89' lang='grc'>-</span> <span class='ocrx_word' id='word_1_315' title='bbox 1742 2403 1753 2430; x_wconf 71' lang='lat'><strong>⁹</strong></span> <span class='ocrx_word' id='word_1_316' title='bbox 1768 2395 1846 2476; x_wconf 74' lang='lat' dir='ltr'><strong>lpot-</strong></span> 
     </span>
     <span class='ocr_line' id='line_1_24' title="bbox 229 2481 1847 2571; baseline -0.003 -25"><span class='ocrx_word' id='word_1_317' title='bbox 229 2485 247 2558; x_wconf 69' lang='grc' dir='ltr'>ἢ</span> <span class='ocrx_word' id='word_1_318' title='bbox 272 2487 373 2556; x_wconf 82' lang='grc' dir='ltr'><strong>εὐθείας</strong></span> <span class='ocrx_word' id='word_1_319' title='bbox 394 2489 459 2569; x_wconf 83' lang='grc' dir='ltr'><strong>πρὸς</strong></span> <span class='ocrx_word' id='word_1_320' title='bbox 479 2493 518 2570; x_wconf 82' lang='grc' dir='ltr'><strong>τῷ</strong></span> <span class='ocrx_word' id='word_1_321' title='bbox 539 2488 637 2548; x_wconf 87' lang='grc' dir='ltr'><strong>δοθέντι</strong></span> <span class='ocrx_word' id='word_1_322' title='bbox 655 2491 758 2571; x_wconf 81' lang='grc' dir='ltr'><strong>σημείῳ</strong></span> <span class='ocrx_word' id='word_1_323' title='bbox 784 2491 862 2550; x_wconf 84' lang='grc' dir='ltr'><strong>θέσιν,</strong></span> <span class='ocrx_word' id='word_1_324' title='bbox 893 2487 1013 2568; x_wconf 80' lang='grc' dir='ltr'><strong>Ἄμςινον</strong></span> <span class='ocrx_word' id='word_1_325' title='bbox 1060 2485 1125 2563; x_wconf 84' lang='grc' dir='ltr'><strong>μεν]</strong></span> <span class='ocrx_word' id='word_1_326' title='bbox 1140 2485 1211 2544; x_wconf 89' lang='lat' dir='ltr'><strong>libri</strong></span> <span class='ocrx_word' id='word_1_327' title='bbox 1235 2487 1354 2564; x_wconf 83' lang='grc' dir='ltr'><strong>δροῦμεν.</strong></span> <span class='ocrx_word' id='word_1_328' title='bbox 1368 2483 1435 2532; x_wconf 72' lang='lat' dir='ltr'><strong>-d</strong></span> <span class='ocrx_word' id='word_1_329' title='bbox 1451 2483 1494 2542; x_wconf 70' lang='lat' dir='ltr'><strong>tel</strong></span> <span class='ocrx_word' id='word_1_330' title='bbox 1515 2484 1543 2543; x_wconf 82' lang='grc' dir='ltr'><strong>δὲ</strong></span> <span class='ocrx_word' id='word_1_331' title='bbox 1568 2481 1776 2564; x_wconf 87' lang='grc' dir='ltr'><strong>περιωρισμίνον</strong></span> <span class='ocrx_word' id='word_1_332' title='bbox 1795 2484 1847 2541; x_wconf 86' lang='grc' dir='ltr'><strong>λα-</strong></span> 
     </span>
     <span class='ocr_line' id='line_1_25' title="bbox 230 2567 1847 2658; baseline -0.002 -24"><span class='ocrx_word' id='word_1_333' title='bbox 230 2567 291 2654; x_wconf 75' lang='lat' dir='ltr'><strong>oliv,</strong></span> <span class='ocrx_word' id='word_1_334' title='bbox 306 2577 384 2658; x_wconf 88' lang='grc' dir='ltr'><strong>ρασί,</strong></span> <span class='ocrx_word' id='word_1_335' title='bbox 399 2577 483 2655; x_wconf 83' lang='grc' dir='ltr'><strong>λέγειν</strong></span> <span class='ocrx_word' id='word_1_336' title='bbox 494 2579 533 2637; x_wconf 84' lang='grc' dir='ltr'><strong>ότι</strong></span> <span class='ocrx_word' id='word_1_337' title='bbox 547 2576 632 2638; x_wconf 89' lang='grc' dir='ltr'><strong>πάντα</strong></span> <span class='ocrx_word' id='word_1_338' title='bbox 646 2583 730 2637; x_wconf 82' lang='grc' dir='ltr'><strong>ταῦτα</strong></span> <span class='ocrx_word' id='word_1_339' title='bbox 743 2577 810 2639; x_wconf 78' lang='grc' dir='ltr'><strong>ἔστι.</strong></span> <span class='ocrx_word' id='word_1_340' title='bbox 827 2579 884 2646; x_wconf 83' lang='grc' dir='ltr'><strong>Τδις</strong></span> <span class='ocrx_word' id='word_1_341' title='bbox 899 2581 926 2638; x_wconf 83' lang='grc' dir='ltr'><strong>δέ</strong></span> <span class='ocrx_word' id='word_1_342' title='bbox 941 2579 1013 2658; x_wconf 85' lang='grc' dir='ltr'><strong>γενί-</strong></span> <span class='ocrx_word' id='word_1_343' title='bbox 1060 2573 1151 2641; x_wconf 76' lang='grc' dir='ltr'><strong>ὅόντας</strong></span> <span class='ocrx_word' id='word_1_344' title='bbox 1165 2573 1256 2644; x_wconf 81' lang='grc' dir='ltr'><strong>ἰδεῖνῆ</strong></span> <span class='ocrx_word' id='word_1_345' title='bbox 1270 2571 1296 2630; x_wconf 89' lang='grc' dir='ltr'><strong>τί</strong></span> <span class='ocrx_word' id='word_1_346' title='bbox 1312 2576 1400 2648; x_wconf 79' lang='grc' dir='ltr'><strong>ἐστιν,</strong></span> <span class='ocrx_word' id='word_1_347' title='bbox 1417 2572 1518 2644; x_wconf 74' lang='grc' dir='ltr'><strong>ἢποῖόν</strong></span> <span class='ocrx_word' id='word_1_348' title='bbox 1528 2573 1556 2632; x_wconf 89' lang='grc' dir='ltr'><strong>τί</strong></span> <span class='ocrx_word' id='word_1_349' title='bbox 1569 2574 1639 2632; x_wconf 86' lang='grc' dir='ltr'><strong>ίστιν</strong></span> <span class='ocrx_word' id='word_1_350' title='bbox 1649 2571 1688 2648; x_wconf 78' lang='grc' dir='ltr'><strong>,ὴ</strong></span> <span class='ocrx_word' id='word_1_351' title='bbox 1703 2569 1730 2630; x_wconf 91' lang='grc' dir='ltr'><strong>τί</strong></span> <span class='ocrx_word' id='word_1_352' title='bbox 1743 2571 1847 2652; x_wconf 83' lang='grc' dir='ltr'><strong>παθόν]</strong></span> 
     </span>
     <span class='ocr_line' id='line_1_26' title="bbox 230 2658 1848 2745; baseline -0.002 -23"><span class='ocrx_word' id='word_1_353' title='bbox 230 2687 283 2730; x_wconf 88' lang='grc' dir='ltr'><strong>σεις</strong></span> <span class='ocrx_word' id='word_1_354' title='bbox 298 2666 383 2724; x_wconf 76' lang='grc' dir='ltr'><strong>αὐτῶν</strong></span> <span class='ocrx_word' id='word_1_355' title='bbox 404 2671 433 2726; x_wconf 82' lang='grc' dir='ltr'><strong>οὗ</strong></span> <span class='ocrx_word' id='word_1_356' title='bbox 452 2670 612 2739; x_wconf 80' lang='grc' dir='ltr'><strong>ποιητικῶς,</strong></span> <span class='ocrx_word' id='word_1_357' title='bbox 636 2667 704 2725; x_wconf 67' lang='lat' dir='ltr'><strong>elit</strong></span> <span class='ocrx_word' id='word_1_358' title='bbox 730 2670 878 2745; x_wconf 84' lang='grc' dir='ltr'><strong>γνωστικῶς</strong></span> <span class='ocrx_word' id='word_1_359' title='bbox 892 2671 1013 2744; x_wconf 83' lang='grc' dir='ltr'><strong>δρῶμεν,</strong></span> <span class='ocrx_word' id='word_1_360' title='bbox 1060 2661 1144 2723; x_wconf 90' lang='lat' dir='ltr'><strong>codd.</strong></span> <span class='ocrx_word' id='word_1_361' title='bbox 1156 2658 1198 2719; x_wconf 77' lang='grc' dir='ltr'><strong>ὅτε</strong></span> <span class='ocrx_word' id='word_1_362' title='bbox 1214 2659 1241 2720; x_wconf 79' lang='grc' dir='ltr'><strong>δὲ</strong></span> <span class='ocrx_word' id='word_1_363' title='bbox 1261 2659 1465 2740; x_wconf 87' lang='grc' dir='ltr'><strong>περιωρισμίνον</strong></span> <span class='ocrx_word' id='word_1_364' title='bbox 1482 2658 1610 2728; x_wconf 75' lang='grc' dir='ltr'><strong>λαθόντας</strong></span> <span class='ocrx_word' id='word_1_365' title='bbox 1635 2661 1696 2721; x_wconf 81' lang='grc' dir='ltr'><strong>ἰδεῖν</strong></span> <span class='ocrx_word' id='word_1_366' title='bbox 1717 2659 1742 2718; x_wconf 87' lang='grc' dir='ltr'><strong>εί</strong></span> <span class='ocrx_word' id='word_1_367' title='bbox 1759 2683 1799 2726; x_wconf 90' lang='grc' dir='ltr'><strong>τις</strong></span> <span class='ocrx_word' id='word_1_368' title='bbox 1822 2663 1848 2718; x_wconf 78' lang='grc' dir='ltr'><strong>ἐ-</strong></span> 
     </span>
     <span class='ocr_line' id='line_1_27' title="bbox 230 2743 1630 2832; baseline -0.005 -20"><span class='ocrx_word' id='word_1_369' title='bbox 230 2755 264 2820; x_wconf 68' lang='lat' dir='ltr'><strong>tlte</strong></span> <span class='ocrx_word' id='word_1_370' title='bbox 280 2752 311 2812; x_wconf 81' lang='grc' dir='ltr'><strong>δν</strong></span> <span class='ocrx_word' id='word_1_371' title='bbox 325 2754 348 2812; x_wconf 86' lang='grc' dir='ltr'><strong>εί</strong></span> <span class='ocrx_word' id='word_1_372' title='bbox 362 2753 502 2832; x_wconf 88' lang='grc' dir='ltr'><strong>γιγνόμενα</strong></span> <span class='ocrx_word' id='word_1_373' title='bbox 524 2753 702 2830; x_wconf 79' lang='grc' dir='ltr'><strong>λαμόάνοντες</strong></span> <span class='ocrx_word' id='word_1_374' title='bbox 718 2753 751 2814; x_wconf 83' lang='grc' dir='ltr'><strong>τδι</strong></span> <span class='ocrx_word' id='word_1_375' title='bbox 767 2755 807 2814; x_wconf 80' lang='lat' dir='ltr'><strong>cici</strong></span> <span class='ocrx_word' id='word_1_376' title='bbox 825 2753 898 2815; x_wconf 82' lang='grc' dir='ltr'><strong>ὄντα.</strong></span> <span class='ocrx_word' id='word_1_377' title='bbox 925 2753 1014 2814; x_wconf 77' lang='grc' dir='ltr'><strong>Ὥστε</strong></span> <span class='ocrx_word' id='word_1_378' title='bbox 1060 2748 1133 2829; x_wconf 80' lang='grc' dir='ltr'><strong>στίν,</strong></span> <span class='ocrx_word' id='word_1_379' title='bbox 1149 2747 1167 2820; x_wconf 73' lang='grc' dir='ltr'>ἢ</span> <span class='ocrx_word' id='word_1_380' title='bbox 1180 2747 1254 2808; x_wconf 90' lang='grc' dir='ltr'><strong>ποῖόν</strong></span> <span class='ocrx_word' id='word_1_381' title='bbox 1267 2771 1293 2806; x_wconf 90' lang='grc' dir='ltr'><strong>τι</strong></span> <span class='ocrx_word' id='word_1_382' title='bbox 1307 2749 1378 2824; x_wconf 82' lang='grc' dir='ltr'><strong>ίστι,</strong></span> <span class='ocrx_word' id='word_1_383' title='bbox 1394 2743 1412 2821; x_wconf 69' lang='grc' dir='ltr'>ἢ</span> <span class='ocrx_word' id='word_1_384' title='bbox 1432 2748 1458 2806; x_wconf 91' lang='grc' dir='ltr'><strong>τί</strong></span> <span class='ocrx_word' id='word_1_385' title='bbox 1471 2749 1558 2809; x_wconf 86' lang='grc' dir='ltr'><strong>πόθεν.</strong></span> <span class='ocrx_word' id='word_1_386' title='bbox 1576 2747 1630 2829; x_wconf 75' lang='lat' dir='ltr'><strong>-J</strong></span> 
     </span>
     <span class='ocr_line' id='line_1_28' title="bbox 226 2825 1847 2922; baseline -0.002 -25"><span class='ocrx_word' id='word_1_387' title='bbox 226 2839 275 2897; x_wconf 82' lang='grc' dir='ltr'><strong>καί</strong></span> <span class='ocrx_word' id='word_1_388' title='bbox 289 2839 375 2898; x_wconf 91' lang='grc' dir='ltr'><strong>πάντα</strong></span> <span class='ocrx_word' id='word_1_389' title='bbox 389 2843 553 2922; x_wconf 80' lang='grc' dir='ltr'><strong>θεωρητικῶς</strong></span> <span class='ocrx_word' id='word_1_390' title='bbox 567 2842 691 2921; x_wconf 77' lang='grc' dir='ltr'><strong>ἐροῦμεν,</strong></span> <span class='ocrx_word' id='word_1_391' title='bbox 707 2851 718 2877; x_wconf 79' lang='lat'><strong>⁰</strong></span> <span class='ocrx_word' id='word_1_392' title='bbox 738 2843 797 2900; x_wconf 78' lang='grc' dir='ltr'><strong>ἀλλ’</strong></span> <span class='ocrx_word' id='word_1_393' title='bbox 811 2846 840 2901; x_wconf 84' lang='grc' dir='ltr'><strong>οὗ</strong></span> <span class='ocrx_word' id='word_1_394' title='bbox 852 2841 1013 2922; x_wconf 78' lang='grc' dir='ltr'><strong>προὸλημα-</strong></span> <span class='ocrx_word' id='word_1_395' title='bbox 1100 2857 1150 2896; x_wconf 79' lang='grc' dir='ltr'><strong>σου.</strong></span> <span class='ocrx_word' id='word_1_396' title='bbox 1174 2835 1294 2896; x_wconf 82' lang='grc' dir='ltr'><strong>Καθόλου</strong></span> <span class='ocrx_word' id='word_1_397' title='bbox 1308 2835 1359 2915; x_wconf 88' lang='grc' dir='ltr'><strong>γάρ</strong></span> <span class='ocrx_word' id='word_1_398' title='bbox 1373 2857 1451 2918; x_wconf 76' lang='grc' dir='ltr'><strong>φησιν</strong></span> <span class='ocrx_word' id='word_1_399' title='bbox 1467 2837 1481 2893; x_wconf 86' lang='grc' dir='ltr'><strong>ό</strong></span> <span class='ocrx_word' id='word_1_400' title='bbox 1495 2835 1686 2908; x_wconf 81' lang='grc' dir='ltr'><strong>Σπεύσιππος,</strong></span> <span class='ocrx_word' id='word_1_401' title='bbox 1705 2825 1771 2906; x_wconf 64' lang='lat' dir='ltr'><strong>bvii</strong></span> <span class='ocrx_word' id='word_1_402' title='bbox 1786 2835 1847 2894; x_wconf 89' lang='grc' dir='ltr'><strong>διά·</strong></span> 
     </span>
     <span class='ocr_line' id='line_1_29' title="bbox 230 2920 1844 3012; baseline -0.002 -29"><span class='ocrx_word' id='word_1_403' title='bbox 230 2929 308 2992; x_wconf 84' lang='grc' dir='ltr'><strong>τικῶς</strong></span> <span class='ocrx_word' id='word_1_404' title='bbox 321 2926 512 3003; x_wconf 78' lang='grc' dir='ltr'><strong>λαμὸάνεσθαι.</strong></span> <span class='ocrx_word' id='word_1_405' title='bbox 537 2932 572 2990; x_wconf 90' lang='lat' dir='ltr'><strong>Ol</strong></span> <span class='ocrx_word' id='word_1_406' title='bbox 589 2929 615 2987; x_wconf 80' lang='grc' dir='ltr'><strong>δέ</strong></span> <span class='ocrx_word' id='word_1_407' title='bbox 634 2930 765 2990; x_wconf 87' lang='grc' dir='ltr'><strong>άνάπαλιν</strong></span> <span class='ocrx_word' id='word_1_408' title='bbox 788 2930 874 2989; x_wconf 91' lang='grc' dir='ltr'><strong>πάντα</strong></span> <span class='ocrx_word' id='word_1_409' title='bbox 889 2931 1011 3012; x_wconf 75' lang='grc' dir='ltr'><strong>προάλή-</strong></span> <span class='ocrx_word' id='word_1_410' title='bbox 1060 2947 1117 2984; x_wconf 91' lang='grc' dir='ltr'><strong>νσια</strong></span> <span class='ocrx_word' id='word_1_411' title='bbox 1133 2923 1180 2996; x_wconf 75' lang='grc' dir='ltr'><strong>τὴν</strong></span> <span class='ocrx_word' id='word_1_412' title='bbox 1196 2923 1306 3002; x_wconf 90' lang='grc' dir='ltr'><strong>θεωρίαν</strong></span> <span class='ocrx_word' id='word_1_413' title='bbox 1321 2923 1451 2994; x_wconf 82' lang='grc' dir='ltr'><strong>ποιεῖται,</strong></span> <span class='ocrx_word' id='word_1_414' title='bbox 1466 2920 1500 2980; x_wconf 80' lang='grc' dir='ltr'><strong>τά</strong></span> <span class='ocrx_word' id='word_1_415' title='bbox 1516 2921 1565 2998; x_wconf 78' lang='grc' dir='ltr'><strong>μίν</strong></span> <span class='ocrx_word' id='word_1_416' title='bbox 1581 2923 1706 2998; x_wconf 82' lang='grc' dir='ltr'><strong>οὐδεμίαν</strong></span> <span class='ocrx_word' id='word_1_417' title='bbox 1718 2920 1844 2993; x_wconf 79' lang='grc' dir='ltr'><strong>ποικῦίην</strong></span> 
     </span>
     <span class='ocr_line' id='line_1_30' title="bbox 232 3007 1847 3097; baseline -0.002 -29"><span class='ocrx_word' id='word_1_418' title='bbox 232 3033 304 3087; x_wconf 89' lang='grc' dir='ltr'><strong>ματα</strong></span> <span class='ocrx_word' id='word_1_419' title='bbox 320 3011 404 3091; x_wconf 89' lang='grc' dir='ltr'><strong>λέγειν</strong></span> <span class='ocrx_word' id='word_1_420' title='bbox 425 3015 568 3088; x_wconf 86' lang='grc' dir='ltr'><strong>ίδικαίουν,</strong></span> <span class='ocrx_word' id='word_1_421' title='bbox 584 3019 619 3082; x_wconf 83' lang='grc' dir='ltr'><strong>ὡς</strong></span> <span class='ocrx_word' id='word_1_422' title='bbox 633 3019 657 3076; x_wconf 87' lang='lat' dir='ltr'><strong>ol</strong></span> <span class='ocrx_word' id='word_1_423' title='bbox 671 3015 732 3097; x_wconf 81' lang='grc' dir='ltr'><strong>περί</strong></span> <span class='ocrx_word' id='word_1_424' title='bbox 751 3016 909 3096; x_wconf 86' lang='grc' dir='ltr'><strong>Μέναιχμον</strong></span> <span class='ocrx_word' id='word_1_425' title='bbox 924 3023 1013 3096; x_wconf 89' lang='grc' dir='ltr'><strong>μαθη-</strong></span> <span class='ocrx_word' id='word_1_426' title='bbox 1066 3011 1232 3090; x_wconf 84' lang='grc' dir='ltr'><strong>ποιησαμένη</strong></span> <span class='ocrx_word' id='word_1_427' title='bbox 1254 3009 1366 3078; x_wconf 79' lang='grc' dir='ltr'><strong>διέξοδον</strong></span> <span class='ocrx_word' id='word_1_428' title='bbox 1385 3009 1545 3089; x_wconf 77' lang='grc' dir='ltr'><strong>προόάλλει,</strong></span> <span class='ocrx_word' id='word_1_429' title='bbox 1566 3009 1611 3067; x_wconf 82' lang='grc' dir='ltr'><strong>καί</strong></span> <span class='ocrx_word' id='word_1_430' title='bbox 1626 3007 1847 3090; x_wconf 86' lang='grc' dir='ltr'><strong>προσευτρεπίζει</strong></span> 
     </span>
     <span class='ocr_line' id='line_1_31' title="bbox 232 3095 1845 3182; baseline -0.001 -26"><span class='ocrx_word' id='word_1_431' title='bbox 232 3098 353 3174; x_wconf 87' lang='grc' dir='ltr'><strong>ματικοί·</strong></span> <span class='ocrx_word' id='word_1_432' title='bbox 380 3099 428 3171; x_wconf 74' lang='grc' dir='ltr'><strong>τὴν</strong></span> <span class='ocrx_word' id='word_1_433' title='bbox 455 3099 483 3159; x_wconf 79' lang='grc' dir='ltr'><strong>δέ</strong></span> <span class='ocrx_word' id='word_1_434' title='bbox 512 3103 644 3182; x_wconf 79' lang='grc' dir='ltr'><strong>προόολὴν</strong></span> <span class='ocrx_word' id='word_1_435' title='bbox 671 3095 739 3164; x_wconf 76' lang='grc' dir='ltr'><strong>εἶναι</strong></span> <span class='ocrx_word' id='word_1_436' title='bbox 766 3105 870 3180; x_wconf 70' lang='grc' dir='ltr'><strong>διττόν,</strong></span> <span class='ocrx_word' id='word_1_437' title='bbox 896 3106 938 3165; x_wconf 72' lang='grc' dir='ltr'><strong>διεδ</strong></span> <span class='ocrx_word' id='word_1_438' title='bbox 965 3105 1012 3182; x_wconf 80' lang='grc' dir='ltr'><strong>μέν</strong></span> <span class='ocrx_word' id='word_1_439' title='bbox 1063 3101 1127 3181; x_wconf 87' lang='grc' dir='ltr'><strong>πρδς</strong></span> <span class='ocrx_word' id='word_1_440' title='bbox 1143 3099 1191 3170; x_wconf 75' lang='grc' dir='ltr'><strong>τὴν</strong></span> <span class='ocrx_word' id='word_1_441' title='bbox 1208 3099 1356 3176; x_wconf 90' lang='grc' dir='ltr'><strong>μέλλουσαν</strong></span> <span class='ocrx_word' id='word_1_442' title='bbox 1372 3097 1499 3175; x_wconf 80' lang='grc' dir='ltr'><strong>ζήτησιν,</strong></span> <span class='ocrx_word' id='word_1_443' title='bbox 1514 3095 1559 3156; x_wconf 80' lang='grc' dir='ltr'><strong>καὶ</strong></span> <span class='ocrx_word' id='word_1_444' title='bbox 1572 3095 1629 3178; x_wconf 70' lang='grc' dir='ltr'><strong>ἔχει</strong></span> <span class='ocrx_word' id='word_1_445' title='bbox 1649 3095 1747 3156; x_wconf 82' lang='grc' dir='ltr'><strong>τούτων</strong></span> <span class='ocrx_word' id='word_1_446' title='bbox 1767 3097 1845 3174; x_wconf 80' lang='grc' dir='ltr'><strong>δναρ-</strong></span> 
     </span>
     <span class='ocr_line' id='line_1_32' title="bbox 232 3185 1844 3275; baseline -0.001 -31"><span class='ocrx_word' id='word_1_447' title='bbox 232 3189 391 3266; x_wconf 86' lang='grc' dir='ltr'><strong>πορίσασθαι</strong></span> <span class='ocrx_word' id='word_1_448' title='bbox 413 3195 442 3248; x_wconf 90' lang='grc' dir='ltr'><strong>τὸ</strong></span> <span class='ocrx_word' id='word_1_449' title='bbox 463 3191 636 3270; x_wconf 82' lang='grc' dir='ltr'><strong>ζητούμενον,</strong></span> <span class='ocrx_word' id='word_1_450' title='bbox 661 3193 703 3254; x_wconf 71' lang='lat' dir='ltr'><strong>let</strong></span> <span class='ocrx_word' id='word_1_451' title='bbox 725 3193 782 3252; x_wconf 69' lang='lat' dir='ltr'><strong>ppt</strong></span> <span class='ocrx_word' id='word_1_452' title='bbox 806 3194 1010 3275; x_wconf 88' lang='grc' dir='ltr'><strong>περιωριομένον</strong></span> <span class='ocrx_word' id='word_1_453' title='bbox 1058 3190 1184 3267; x_wconf 88' lang='grc' dir='ltr'><strong>γεστίραν</strong></span> <span class='ocrx_word' id='word_1_454' title='bbox 1217 3187 1320 3264; x_wconf 79' lang='grc' dir='ltr'><strong>ίπαρὴν</strong></span> <span class='ocrx_word' id='word_1_455' title='bbox 1346 3185 1501 3264; x_wconf 77' lang='grc' dir='ltr'><strong>μδλλσν,ἢ</strong></span> <span class='ocrx_word' id='word_1_456' title='bbox 1525 3187 1579 3246; x_wconf 81' lang='grc' dir='ltr'><strong>τῶν</strong></span> <span class='ocrx_word' id='word_1_457' title='bbox 1599 3189 1700 3268; x_wconf 77' lang='grc' dir='ltr'><strong>ὁρατῶν</strong></span> <span class='ocrx_word' id='word_1_458' title='bbox 1722 3192 1740 3260; x_wconf 77' lang='grc' dir='ltr'>ἡ</span> <span class='ocrx_word' id='word_1_459' title='bbox 1766 3185 1844 3268; x_wconf 59' lang='lat' dir='ltr'><strong>epte,</strong></span> 
     </span>
     <span class='ocr_line' id='line_1_33' title="bbox 230 3273 1846 3358; baseline 0 -26"><span class='ocrx_word' id='word_1_460' title='bbox 230 3273 360 3343; x_wconf 79' lang='grc' dir='ltr'><strong>λαθόντας</strong></span> <span class='ocrx_word' id='word_1_461' title='bbox 376 3277 437 3334; x_wconf 88' lang='grc' dir='ltr'><strong>ίδεῖν</strong></span> <span class='ocrx_word' id='word_1_462' title='bbox 452 3276 468 3349; x_wconf 70' lang='grc' dir='ltr'><strong>ἢ</strong></span> <span class='ocrx_word' id='word_1_463' title='bbox 484 3279 510 3335; x_wconf 91' lang='grc' dir='ltr'><strong>τί</strong></span> <span class='ocrx_word' id='word_1_464' title='bbox 523 3281 613 3356; x_wconf 77' lang='grc' dir='ltr'><strong>ἐστιν,</strong></span> <span class='ocrx_word' id='word_1_465' title='bbox 629 3279 646 3351; x_wconf 76' lang='grc' dir='ltr'>ἢ</span> <span class='ocrx_word' id='word_1_466' title='bbox 660 3279 732 3340; x_wconf 83' lang='grc' dir='ltr'><strong>ποῖόν</strong></span> <span class='ocrx_word' id='word_1_467' title='bbox 749 3280 773 3339; x_wconf 90' lang='grc' dir='ltr'><strong>τί</strong></span> <span class='ocrx_word' id='word_1_468' title='bbox 785 3285 855 3340; x_wconf 82' lang='grc' dir='ltr'><strong>ἐστιν</strong></span> <span class='ocrx_word' id='word_1_469' title='bbox 863 3323 872 3353; x_wconf 90' lang='grc'><strong>,</strong></span> <span class='ocrx_word' id='word_1_470' title='bbox 886 3281 903 3354; x_wconf 73' lang='grc' dir='ltr'>ἦ</span> <span class='ocrx_word' id='word_1_471' title='bbox 916 3281 942 3340; x_wconf 90' lang='grc' dir='ltr'><strong>τί</strong></span> <span class='ocrx_word' id='word_1_472' title='bbox 955 3305 1012 3342; x_wconf 85' lang='grc' dir='ltr'><strong>πα·</strong></span> <span class='ocrx_word' id='word_1_473' title='bbox 1060 3277 1095 3335; x_wconf 82' lang='grc' dir='ltr'><strong>τὰ</strong></span> <span class='ocrx_word' id='word_1_474' title='bbox 1110 3275 1138 3337; x_wconf 79' lang='grc' dir='ltr'><strong>δέ</strong></span> <span class='ocrx_word' id='word_1_475' title='bbox 1152 3278 1182 3336; x_wconf 76' lang='lat' dir='ltr'><strong>lx</strong></span> <span class='ocrx_word' id='word_1_476' title='bbox 1202 3280 1246 3335; x_wconf 80' lang='grc' dir='ltr'><strong>τοῦ</strong></span> <span class='ocrx_word' id='word_1_477' title='bbox 1262 3275 1346 3343; x_wconf 67' lang='lat' dir='ltr'><strong>setta</strong></span> <span class='ocrx_word' id='word_1_478' title='bbox 1364 3279 1446 3358; x_wconf 73' lang='grc' dir='ltr'><strong>αἱρεῖν</strong></span> <span class='ocrx_word' id='word_1_479' title='bbox 1455 3285 1468 3312; x_wconf 81' lang='lat'>⁸</span> <span class='ocrx_word' id='word_1_480' title='bbox 1483 3275 1662 3349; x_wconf 68' lang='grc' dir='ltr'><strong>ἀδυνατοῦσα,</strong></span> <span class='ocrx_word' id='word_1_481' title='bbox 1678 3273 1747 3333; x_wconf 74' lang='grc' dir='ltr'><strong>κατὰ</strong></span> <span class='ocrx_word' id='word_1_482' title='bbox 1761 3275 1846 3352; x_wconf 85' lang='grc' dir='ltr'><strong>μετά-</strong></span> 
     </span>
     <span class='ocr_line' id='line_1_34' title="bbox 232 3361 1847 3447; baseline 0 -26"><span class='ocrx_word' id='word_1_483' title='bbox 232 3366 294 3436; x_wconf 88' lang='grc' dir='ltr'><strong>θόν,</strong></span> <span class='ocrx_word' id='word_1_484' title='bbox 314 3361 413 3433; x_wconf 82' lang='grc' dir='ltr'><strong>ἣτίνας</strong></span> <span class='ocrx_word' id='word_1_485' title='bbox 427 3366 482 3444; x_wconf 79' lang='grc' dir='ltr'><strong>ἔχει</strong></span> <span class='ocrx_word' id='word_1_486' title='bbox 497 3367 560 3444; x_wconf 88' lang='grc' dir='ltr'><strong>πρὸς</strong></span> <span class='ocrx_word' id='word_1_487' title='bbox 575 3366 639 3426; x_wconf 86' lang='grc' dir='ltr'><strong>άλλο</strong></span> <span class='ocrx_word' id='word_1_488' title='bbox 651 3369 763 3447; x_wconf 88' lang='grc' dir='ltr'><strong>σχέσεις.</strong></span> <span class='ocrx_word' id='word_1_489' title='bbox 781 3369 836 3428; x_wconf 84' lang='grc' dir='ltr'><strong>Καὶ</strong></span> <span class='ocrx_word' id='word_1_490' title='bbox 848 3369 951 3446; x_wconf 82' lang='grc' dir='ltr'><strong>λέγουσι</strong></span> <span class='ocrx_word' id='word_1_491' title='bbox 966 3369 1013 3445; x_wconf 84' lang='grc' dir='ltr'><strong>μὲν</strong></span> <span class='ocrx_word' id='word_1_492' title='bbox 1059 3364 1135 3425; x_wconf 78' lang='grc' dir='ltr'><strong>όασιν</strong></span> <span class='ocrx_word' id='word_1_493' title='bbox 1150 3367 1195 3424; x_wconf 86' lang='grc' dir='ltr'><strong>ἀπ’</strong></span> <span class='ocrx_word' id='word_1_494' title='bbox 1212 3363 1316 3424; x_wconf 79' lang='grc' dir='ltr'><strong>ἐκείνων</strong></span> <span class='ocrx_word' id='word_1_495' title='bbox 1336 3363 1523 3438; x_wconf 84' lang='grc' dir='ltr'><strong>διαόαίνουσα,</strong></span> <span class='ocrx_word' id='word_1_496' title='bbox 1540 3362 1653 3422; x_wconf 73' lang='grc' dir='ltr'><strong>κατὰτὸ</strong></span> <span class='ocrx_word' id='word_1_497' title='bbox 1678 3363 1847 3422; x_wconf 63' lang='lat' dir='ltr'><strong>&amp;adlaudat¹²</strong></span> 
     </span>
     <span class='ocr_line' id='line_1_35' title="bbox 232 3441 1847 3537; baseline 0.009 -28"><span class='ocrx_word' id='word_1_498' title='bbox 232 3453 312 3530; x_wconf 79' lang='grc' dir='ltr'><strong>ὀρθῶς</strong></span> <span class='ocrx_word' id='word_1_499' title='bbox 337 3452 493 3534; x_wconf 75' lang='grc' dir='ltr'><strong>ἀμφότεροι.</strong></span> <span class='ocrx_word' id='word_1_500' title='bbox 515 3453 569 3513; x_wconf 83' lang='grc' dir='ltr'><strong>Καί</strong></span> <span class='ocrx_word' id='word_1_501' title='bbox 587 3453 637 3533; x_wconf 75' lang='grc' dir='ltr'><strong>γάρ</strong></span> <span class='ocrx_word' id='word_1_502' title='bbox 656 3458 680 3515; x_wconf 89' lang='lat' dir='ltr'><strong>ol</strong></span> <span class='ocrx_word' id='word_1_503' title='bbox 698 3457 758 3537; x_wconf 77' lang='grc' dir='ltr'><strong>περὶ</strong></span> <span class='ocrx_word' id='word_1_504' title='bbox 773 3455 945 3518; x_wconf 82' lang='grc' dir='ltr'><strong>Σπεύσιππον</strong></span> <span class='ocrx_word' id='word_1_505' title='bbox 966 3482 1014 3518; x_wconf 89' lang='grc' dir='ltr'><strong>κα·</strong></span> <span class='ocrx_word' id='word_1_506' title='bbox 1059 3455 1144 3512; x_wconf 73' lang='grc' dir='ltr'><strong>αὐτῶν</strong></span> <span class='ocrx_word' id='word_1_507' title='bbox 1161 3454 1334 3532; x_wconf 66' lang='grc' dir='ltr'><strong>ίπίχίίρίῖτίίί</strong></span> <span class='ocrx_word' id='word_1_508' title='bbox 1353 3451 1401 3521; x_wconf 54' lang='grc' dir='ltr'><strong>*ἦν</strong></span> <span class='ocrx_word' id='word_1_509' title='bbox 1422 3452 1517 3532; x_wconf 67' lang='lat' dir='ltr'><strong>tepet.</strong></span> <span class='ocrx_word' id='word_1_510' title='bbox 1536 3441 1604 3511; x_wconf 71' lang='lat' dir='ltr'><strong>0l⁰t¹</strong></span> <span class='ocrx_word' id='word_1_511' title='bbox 1620 3451 1650 3510; x_wconf 65' lang='grc' dir='ltr'><strong>τὸ</strong></span> <span class='ocrx_word' id='word_1_512' title='bbox 1670 3449 1717 3528; x_wconf 70' lang='lat' dir='ltr'><strong>pti</strong></span> <span class='ocrx_word' id='word_1_513' title='bbox 1733 3451 1786 3510; x_wconf 64' lang='grc' dir='ltr'><strong>ἀπὸ</strong></span> <span class='ocrx_word' id='word_1_514' title='bbox 1797 3473 1847 3522; x_wconf 65' lang='lat' dir='ltr'><strong>cu·</strong></span> 
     </span>
     <span class='ocr_line' id='line_1_36' title="bbox 234 3531 1845 3620; baseline -0.001 -23"><span class='ocrx_word' id='word_1_515' title='bbox 234 3533 296 3597; x_wconf 74' lang='grc' dir='ltr'><strong>λῶς-</strong></span> <span class='ocrx_word' id='word_1_516' title='bbox 324 3533 365 3590; x_wconf 79' lang='grc' dir='ltr'><strong>Οὖ</strong></span> <span class='ocrx_word' id='word_1_517' title='bbox 388 3531 440 3610; x_wconf 62' lang='grc' dir='ltr'><strong>γὰρ</strong></span> <span class='ocrx_word' id='word_1_518' title='bbox 465 3533 574 3592; x_wconf 45' lang='lat' dir='ltr'><strong>wlff&amp;</strong></span> <span class='ocrx_word' id='word_1_519' title='bbox 590 3535 646 3592; x_wconf 67' lang='grc' dir='ltr'><strong>ίστῑ</strong></span> <span class='ocrx_word' id='word_1_520' title='bbox 671 3533 700 3592; x_wconf 67' lang='lat' dir='ltr'><strong>tlt</strong></span> <span class='ocrx_word' id='word_1_521' title='bbox 716 3536 896 3615; x_wconf 74' lang='grc' dir='ltr'><strong>προὸλήματα</strong></span> <span class='ocrx_word' id='word_1_522' title='bbox 910 3562 1013 3616; x_wconf 88' lang='grc' dir='ltr'><strong>γεωμε-</strong></span> <span class='ocrx_word' id='word_1_523' title='bbox 1061 3541 1135 3616; x_wconf 85' lang='grc' dir='ltr'><strong>μείου</strong></span> <span class='ocrx_word' id='word_1_524' title='bbox 1149 3539 1276 3620; x_wconf 78' lang='grc' dir='ltr'><strong>γραμμὴν</strong></span> <span class='ocrx_word' id='word_1_525' title='bbox 1294 3540 1395 3599; x_wconf 81' lang='grc' dir='ltr'><strong>εὐθεῖαν</strong></span> <span class='ocrx_word' id='word_1_526' title='bbox 1412 3541 1454 3598; x_wconf 78' lang='grc' dir='ltr'><strong>ἐπὶ</strong></span> <span class='ocrx_word' id='word_1_527' title='bbox 1481 3541 1591 3618; x_wconf 84' lang='grc' dir='ltr'><strong>σημεῖον</strong></span> <span class='ocrx_word' id='word_1_528' title='bbox 1606 3539 1714 3618; x_wconf 84' lang='grc' dir='ltr'><strong>άγαγεῒν</strong></span> <span class='ocrx_word' id='word_1_529' title='bbox 1728 3540 1764 3606; x_wconf 77' lang='grc' dir='ltr'><strong>ὣς</strong></span> <span class='ocrx_word' id='word_1_530' title='bbox 1779 3539 1845 3619; x_wconf 88' lang='grc' dir='ltr'><strong>πρό-</strong></span> 
     </span>
     <span class='ocr_line' id='line_1_37' title="bbox 233 3609 1848 3710; baseline 0.006 -33"><span class='ocrx_word' id='word_1_531' title='bbox 233 3617 322 3700; x_wconf 88' lang='grc' dir='ltr'><strong>τρίας,</strong></span> <span class='ocrx_word' id='word_1_532' title='bbox 344 3609 387 3678; x_wconf 80' lang='grc' dir='ltr'><strong>οἷα</strong></span> <span class='ocrx_word' id='word_1_533' title='bbox 405 3619 438 3678; x_wconf 80' lang='grc' dir='ltr'><strong>τά</strong></span> <span class='ocrx_word' id='word_1_534' title='bbox 463 3627 625 3702; x_wconf 83' lang='grc' dir='ltr'><strong>μηχανικῆς.</strong></span> <span class='ocrx_word' id='word_1_535' title='bbox 652 3623 775 3696; x_wconf 82' lang='grc' dir='ltr'><strong>Αίσθητδι</strong></span> <span class='ocrx_word' id='word_1_536' title='bbox 794 3624 946 3704; x_wconf 78' lang='grc' dir='ltr'><strong>γάρτοῦτο</strong></span> <span class='ocrx_word' id='word_1_537' title='bbox 969 3627 1013 3686; x_wconf 87' lang='grc' dir='ltr'><strong>καλ</strong></span> <span class='ocrx_word' id='word_1_538' title='bbox 1058 3650 1147 3708; x_wconf 83' lang='grc' dir='ltr'><strong>χειρον</strong></span> <span class='ocrx_word' id='word_1_539' title='bbox 1159 3629 1293 3705; x_wconf 79' lang='grc' dir='ltr'><strong>λαμόάνει</strong></span> <span class='ocrx_word' id='word_1_540' title='bbox 1310 3629 1357 3688; x_wconf 84' lang='grc' dir='ltr'><strong>καί</strong></span> <span class='ocrx_word' id='word_1_541' title='bbox 1372 3629 1535 3710; x_wconf 72' lang='grc' dir='ltr'><strong>εὐπόριστον.</strong></span> <span class='ocrx_word' id='word_1_542' title='bbox 1548 3631 1589 3708; x_wconf 81' lang='grc' dir='ltr'><strong>Τῇ</strong></span> <span class='ocrx_word' id='word_1_543' title='bbox 1605 3627 1754 3709; x_wconf 81' lang='grc' dir='ltr'><strong>γδρδμαλῇ</strong></span> <span class='ocrx_word' id='word_1_544' title='bbox 1773 3628 1848 3709; x_wconf 81' lang='grc' dir='ltr'><strong>ρόσει</strong></span> 
     </span>
    </p>
   </div>
   <div class='ocr_carea' id='block_1_3' title="bbox 232 3837 1922 5327">
    <p class='ocr_par' dir='ltr' id='par_1_3' title="bbox 233 3837 1922 4174">
     <span class='ocr_line' id='line_1_38' title="bbox 233 3837 1922 3940; baseline 0.008 -54"><span class='ocrx_word' id='word_1_545' title='bbox 233 3839 287 3899; x_wconf 87' lang='lat' dir='ltr'><strong>ost,</strong></span> <span class='ocrx_word' id='word_1_546' title='bbox 308 3837 353 3888; x_wconf 91' lang='lat' dir='ltr'><strong>sed</strong></span> <span class='ocrx_word' id='word_1_547' title='bbox 373 3851 448 3902; x_wconf 89' lang='lat' dir='ltr'><strong>quam</strong></span> <span class='ocrx_word' id='word_1_548' title='bbox 471 3839 563 3900; x_wconf 80' lang='lat' dir='ltr'><strong>letari,</strong></span> <span class='ocrx_word' id='word_1_549' title='bbox 582 3840 782 3940; x_wconf 43' lang='lat' dir='ltr'><strong>quoffastbenia</strong></span> <span class='ocrx_word' id='word_1_550' title='bbox 805 3843 884 3893; x_wconf 89' lang='lat' dir='ltr'><strong>utitur·</strong></span> <span class='ocrx_word' id='word_1_551' title='bbox 905 3856 1017 3912; x_wconf 65' lang='grc' dir='ltr'><strong>ασσυμε.</strong></span> <span class='ocrx_word' id='word_1_552' title='bbox 1064 3847 1218 3910; x_wconf 82' lang='lat' dir='ltr'><strong>Quapropter</strong></span> <span class='ocrx_word' id='word_1_553' title='bbox 1243 3849 1332 3898; x_wconf 87' lang='lat' dir='ltr'><strong>cuncta</strong></span> <span class='ocrx_word' id='word_1_554' title='bbox 1356 3847 1431 3897; x_wconf 83' lang='lat' dir='ltr'><strong>etium</strong></span> <span class='ocrx_word' id='word_1_555' title='bbox 1456 3845 1659 3912; x_wconf 87' lang='lat' dir='ltr'><strong>contemplando,</strong></span> <span class='ocrx_word' id='word_1_556' title='bbox 1687 3859 1738 3898; x_wconf 89' lang='lat' dir='ltr'><strong>non</strong></span> <span class='ocrx_word' id='word_1_557' title='bbox 1760 3850 1847 3898; x_wconf 79' lang='lat' dir='ltr'><strong>autera</strong></span> <span class='ocrx_word' id='word_1_558' title='bbox 1917 3865 1922 3875; x_wconf 92' lang='lat'><em>·</em></span> 
     </span>
     <span class='ocr_line' id='line_1_39' title="bbox 233 3927 1847 4000; baseline 0.007 -25"><span class='ocrx_word' id='word_1_559' title='bbox 233 3927 399 3991; x_wconf 84' lang='lat' dir='ltr'><strong>Speusippus,</strong></span> <span class='ocrx_word' id='word_1_560' title='bbox 412 3927 455 3991; x_wconf 89' lang='lat' dir='ltr'><strong>qui</strong></span> <span class='ocrx_word' id='word_1_561' title='bbox 467 3941 494 3978; x_wconf 87' lang='lat' dir='ltr'><strong>se</strong></span> <span class='ocrx_word' id='word_1_562' title='bbox 505 3927 601 3978; x_wconf 89' lang='lat' dir='ltr'><strong>Platoni</strong></span> <span class='ocrx_word' id='word_1_563' title='bbox 618 3928 695 3982; x_wconf 85' lang='lat' dir='ltr'><strong>luisse</strong></span> <span class='ocrx_word' id='word_1_564' title='bbox 714 3933 855 3994; x_wconf 87' lang='lat' dir='ltr'><strong>auctorem,</strong></span> <span class='ocrx_word' id='word_1_565' title='bbox 875 3932 904 3983; x_wconf 92' lang='lat' dir='ltr'><strong>ut</strong></span> <span class='ocrx_word' id='word_1_566' title='bbox 917 3931 943 3982; x_wconf 92' lang='lat' dir='ltr'><strong>in</strong></span> <span class='ocrx_word' id='word_1_567' title='bbox 954 3931 1017 3982; x_wconf 85' lang='lat' dir='ltr'><strong>Sici-</strong></span> <span class='ocrx_word' id='word_1_568' title='bbox 1063 3934 1196 3996; x_wconf 83' lang='lat' dir='ltr'><strong>quaerendo</strong></span> <span class='ocrx_word' id='word_1_569' title='bbox 1202 3935 1280 4000; x_wconf 84' lang='lat' dir='ltr'><strong>accipi</strong></span> <span class='ocrx_word' id='word_1_570' title='bbox 1292 3935 1410 3986; x_wconf 82' lang='lat' dir='ltr'><strong>dicemus.</strong></span> <span class='ocrx_word' id='word_1_571' title='bbox 1444 3935 1492 3986; x_wconf 81' lang='lat' dir='ltr'><strong>atii</strong></span> <span class='ocrx_word' id='word_1_572' title='bbox 1501 3939 1588 3986; x_wconf 82' lang='lat' dir='ltr'><strong>contre</strong></span> <span class='ocrx_word' id='word_1_573' title='bbox 1596 3936 1685 3986; x_wconf 75' lang='lat' dir='ltr'><strong>amco</strong></span> <span class='ocrx_word' id='word_1_574' title='bbox 1693 3933 1847 3998; x_wconf 79' lang='lat' dir='ltr'><strong>problemata</strong></span> 
     </span>
     <span class='ocr_line' id='line_1_40' title="bbox 234 4014 1844 4088; baseline 0.006 -24"><span class='ocrx_word' id='word_1_575' title='bbox 234 4014 293 4064; x_wconf 88' lang='lat' dir='ltr'><strong>liam</strong></span> <span class='ocrx_word' id='word_1_576' title='bbox 306 4015 434 4078; x_wconf 75' lang='lat' dir='ltr'><strong>navigaret</strong></span> <span class='ocrx_word' id='word_1_577' title='bbox 445 4015 586 4078; x_wconf 79' lang='lat' dir='ltr'><strong>mutiletur,</strong></span> <span class='ocrx_word' id='word_1_578' title='bbox 597 4018 751 4082; x_wconf 75' lang='lat' dir='ltr'><strong>etGeryone,</strong></span> <span class='ocrx_word' id='word_1_579' title='bbox 766 4019 806 4070; x_wconf 87' lang='lat' dir='ltr'><strong>rel</strong></span> <span class='ocrx_word' id='word_1_580' title='bbox 824 4019 904 4082; x_wconf 89' lang='lat' dir='ltr'><strong>potius</strong></span> <span class='ocrx_word' id='word_1_581' title='bbox 918 4019 1018 4072; x_wconf 81' lang='lat' dir='ltr'><strong>Briareo</strong></span> <span class='ocrx_word' id='word_1_582' title='bbox 1063 4023 1209 4074; x_wconf 86' lang='lat' dir='ltr'><strong>nominanda</strong></span> <span class='ocrx_word' id='word_1_583' title='bbox 1233 4037 1288 4074; x_wconf 86' lang='lat' dir='ltr'><strong>esse</strong></span> <span class='ocrx_word' id='word_1_584' title='bbox 1306 4024 1450 4084; x_wconf 68' lang='lat' dir='ltr'><strong>canutam,</strong></span> <span class='ocrx_word' id='word_1_585' title='bbox 1473 4027 1503 4074; x_wconf 93' lang='lat' dir='ltr'><strong>ut</strong></span> <span class='ocrx_word' id='word_1_586' title='bbox 1525 4023 1569 4088; x_wconf 84' lang='lat' dir='ltr'><strong>qui</strong></span> <span class='ocrx_word' id='word_1_587' title='bbox 1588 4019 1735 4074; x_wconf 75' lang='lat' dir='ltr'><strong>ltmacbmi</strong></span> <span class='ocrx_word' id='word_1_588' title='bbox 1747 4025 1844 4073; x_wconf 86' lang='lat' dir='ltr'><strong>sectam</strong></span> 
     </span>
     <span class='ocr_line' id='line_1_41' title="bbox 235 4103 1847 4174; baseline 0.002 -20"><span class='ocrx_word' id='word_1_589' title='bbox 235 4103 317 4166; x_wconf 82' lang='lat' dir='ltr'><strong>plures</strong></span> <span class='ocrx_word' id='word_1_590' title='bbox 331 4106 357 4154; x_wconf 88' lang='lat' dir='ltr'><strong>et</strong></span> <span class='ocrx_word' id='word_1_591' title='bbox 370 4117 459 4155; x_wconf 89' lang='lat' dir='ltr'><strong>manus</strong></span> <span class='ocrx_word' id='word_1_592' title='bbox 472 4107 498 4158; x_wconf 89' lang='lat' dir='ltr'><strong>et</strong></span> <span class='ocrx_word' id='word_1_593' title='bbox 509 4107 583 4170; x_wconf 86' lang='lat' dir='ltr'><strong>pedes</strong></span> <span class='ocrx_word' id='word_1_594' title='bbox 594 4108 726 4160; x_wconf 80' lang='lat' dir='ltr'><strong>babimrus</strong></span> <span class='ocrx_word' id='word_1_595' title='bbox 740 4114 787 4162; x_wconf 82' lang='lat' dir='ltr'><strong>est.</strong></span> <span class='ocrx_word' id='word_1_596' title='bbox 1016 4121 1019 4126; x_wconf 92' lang='lat'>·</span> <span class='ocrx_word' id='word_1_597' title='bbox 1064 4109 1143 4158; x_wconf 87' lang='lat' dir='ltr'><strong>secuti</strong></span> <span class='ocrx_word' id='word_1_598' title='bbox 1154 4113 1210 4161; x_wconf 87' lang='lat' dir='ltr'><strong>sunt</strong></span> <span class='ocrx_word' id='word_1_599' title='bbox 1222 4109 1404 4173; x_wconf 79' lang='lat' dir='ltr'><strong>matbematicl3</strong></span> <span class='ocrx_word' id='word_1_600' title='bbox 1420 4124 1509 4160; x_wconf 86' lang='lat' dir='ltr'><strong>munus</strong></span> <span class='ocrx_word' id='word_1_601' title='bbox 1526 4112 1611 4161; x_wconf 82' lang='lat' dir='ltr'><strong>atatem</strong></span> <span class='ocrx_word' id='word_1_602' title='bbox 1622 4108 1778 4174; x_wconf 80' lang='lat' dir='ltr'><strong>problematis</strong></span> <span class='ocrx_word' id='word_1_603' title='bbox 1790 4121 1847 4159; x_wconf 85' lang='lat' dir='ltr'><strong>esse</strong></span> 
     </span>
    </p>

    <p class='ocr_par' dir='ltr' id='par_1_4' title="bbox 232 4193 1847 5327">
     <span class='ocr_line' id='line_1_42' title="bbox 267 4193 1847 4264; baseline 0.012 -22"><span class='ocrx_word' id='word_1_604' title='bbox 267 4197 321 4243; x_wconf 80' lang='lat'><strong>229.</strong></span> <span class='ocrx_word' id='word_1_605' title='bbox 335 4194 390 4242; x_wconf 89' lang='lat' dir='ltr'><strong>Jarn</strong></span> <span class='ocrx_word' id='word_1_606' title='bbox 401 4207 460 4244; x_wconf 83' lang='lat' dir='ltr'><strong>vero</strong></span> <span class='ocrx_word' id='word_1_607' title='bbox 469 4195 580 4246; x_wconf 76' lang='lat' dir='ltr'><strong>veterum</strong></span> <span class='ocrx_word' id='word_1_608' title='bbox 593 4195 726 4247; x_wconf 87' lang='lat' dir='ltr'><strong>aliiomuia</strong></span> <span class='ocrx_word' id='word_1_609' title='bbox 736 4199 859 4264; x_wconf 84' lang='lat' dir='ltr'><strong>appellare</strong></span> <span class='ocrx_word' id='word_1_610' title='bbox 867 4199 1020 4252; x_wconf 79' lang='lat' dir='ltr'><strong>theoremata</strong></span> <span class='ocrx_word' id='word_1_611' title='bbox 1063 4195 1166 4261; x_wconf 85' lang='lat' dir='ltr'><strong>duplex,</strong></span> <span class='ocrx_word' id='word_1_612' title='bbox 1183 4211 1248 4249; x_wconf 90' lang='lat' dir='ltr'><strong>nunc</strong></span> <span class='ocrx_word' id='word_1_613' title='bbox 1260 4198 1392 4262; x_wconf 72' lang='lat' dir='ltr'><strong>quesitum</strong></span> <span class='ocrx_word' id='word_1_614' title='bbox 1404 4197 1526 4259; x_wconf 71' lang='lat' dir='ltr'><strong>iuvenire,</strong></span> <span class='ocrx_word' id='word_1_615' title='bbox 1538 4209 1614 4259; x_wconf 69' lang='grc' dir='ltr'><strong>οίίίὶίι</strong></span> <span class='ocrx_word' id='word_1_616' title='bbox 1627 4209 1706 4260; x_wconf 66' lang='lat' dir='ltr'><strong>(lum</strong></span> <span class='ocrx_word' id='word_1_617' title='bbox 1716 4193 1847 4248; x_wconf 65' lang='lat' dir='ltr'><strong>‘10⁶ssle</strong></span> 
     </span>
     <span class='ocr_line' id='line_1_43' title="bbox 235 4267 1843 4352; baseline 0.004 -22"><span class='ocrx_word' id='word_1_618' title='bbox 235 4267 380 4342; x_wconf 76' lang='lat' dir='ltr'><strong>volucrunt,</strong></span> <span class='ocrx_word' id='word_1_619' title='bbox 395 4285 423 4332; x_wconf 88' lang='lat' dir='ltr'><strong>ut</strong></span> <span class='ocrx_word' id='word_1_620' title='bbox 436 4278 569 4348; x_wconf 79' lang='lat' dir='ltr'><strong>Speusippi</strong></span> <span class='ocrx_word' id='word_1_621' title='bbox 580 4283 788 4350; x_wconf 74' lang='lat' dir='ltr'><strong>Amphinomique</strong></span> <span class='ocrx_word' id='word_1_622' title='bbox 808 4289 954 4352; x_wconf 77' lang='grc' dir='ltr'><strong>σεσίτισται,</strong></span> <span class='ocrx_word' id='word_1_623' title='bbox 969 4289 1019 4342; x_wconf 84' lang='lat' dir='ltr'><strong>rati</strong></span> <span class='ocrx_word' id='word_1_624' title='bbox 1063 4283 1124 4334; x_wconf 81' lang='lat' dir='ltr'><strong>illud</strong></span> <span class='ocrx_word' id='word_1_625' title='bbox 1136 4286 1283 4350; x_wconf 83' lang='lat' dir='ltr'><strong>acceperint,</strong></span> <span class='ocrx_word' id='word_1_626' title='bbox 1302 4285 1384 4338; x_wconf 81' lang='lat' dir='ltr'><strong>vidua</strong></span> <span class='ocrx_word' id='word_1_627' title='bbox 1396 4285 1437 4338; x_wconf 83' lang='lat' dir='ltr'><strong>vel</strong></span> <span class='ocrx_word' id='word_1_628' title='bbox 1449 4285 1511 4351; x_wconf 89' lang='lat' dir='ltr'><strong>quid</strong></span> <span class='ocrx_word' id='word_1_629' title='bbox 1524 4286 1572 4349; x_wconf 82' lang='lat' dir='ltr'><strong>sit,</strong></span> <span class='ocrx_word' id='word_1_630' title='bbox 1584 4285 1623 4336; x_wconf 82' lang='lat' dir='ltr'><strong>vel</strong></span> <span class='ocrx_word' id='word_1_631' title='bbox 1636 4283 1708 4348; x_wconf 84' lang='lat' dir='ltr'><strong>quale</strong></span> <span class='ocrx_word' id='word_1_632' title='bbox 1720 4282 1782 4349; x_wconf 86' lang='lat' dir='ltr'><strong>quid</strong></span> <span class='ocrx_word' id='word_1_633' title='bbox 1795 4285 1843 4346; x_wconf 85' lang='lat' dir='ltr'><strong>sit,</strong></span> 
     </span>
     <span class='ocr_line' id='line_1_44' title="bbox 235 4368 1845 4440; baseline 0.004 -21"><span class='ocrx_word' id='word_1_634' title='bbox 235 4368 353 4420; x_wconf 81' lang='lat' dir='ltr'><strong>doctrinis</strong></span> <span class='ocrx_word' id='word_1_635' title='bbox 364 4370 562 4433; x_wconf 82' lang='lat' dir='ltr'><strong>contemplativis</strong></span> <span class='ocrx_word' id='word_1_636' title='bbox 576 4372 655 4437; x_wconf 78' lang='lat' dir='ltr'><strong>magis</strong></span> <span class='ocrx_word' id='word_1_637' title='bbox 669 4385 724 4424; x_wconf 86' lang='lat' dir='ltr'><strong>esse</strong></span> <span class='ocrx_word' id='word_1_638' title='bbox 742 4375 864 4440; x_wconf 78' lang='lat' dir='ltr'><strong>propriam</strong></span> <span class='ocrx_word' id='word_1_639' title='bbox 879 4377 1019 4430; x_wconf 65' lang='lat' dir='ltr'><strong>theorema.</strong></span> <span class='ocrx_word' id='word_1_640' title='bbox 1063 4373 1103 4422; x_wconf 86' lang='lat' dir='ltr'><strong>vol</strong></span> <span class='ocrx_word' id='word_1_641' title='bbox 1120 4372 1179 4436; x_wconf 81' lang='lat' dir='ltr'><strong>qttid</strong></span> <span class='ocrx_word' id='word_1_642' title='bbox 1190 4373 1330 4425; x_wconf 81' lang='lat' dir='ltr'><strong>allectionis</strong></span> <span class='ocrx_word' id='word_1_643' title='bbox 1339 4373 1437 4436; x_wconf 85' lang='lat' dir='ltr'><strong>habeat,</strong></span> <span class='ocrx_word' id='word_1_644' title='bbox 1451 4375 1490 4426; x_wconf 81' lang='lat' dir='ltr'><strong>rel</strong></span> <span class='ocrx_word' id='word_1_645' title='bbox 1502 4387 1577 4439; x_wconf 86' lang='lat' dir='ltr'><strong>quam</strong></span> <span class='ocrx_word' id='word_1_646' title='bbox 1590 4371 1702 4424; x_wconf 82' lang='lat' dir='ltr'><strong>adalind</strong></span> <span class='ocrx_word' id='word_1_647' title='bbox 1714 4372 1845 4425; x_wconf 83' lang='lat' dir='ltr'><strong>rationem.</strong></span> 
     </span>
     <span class='ocr_line' id='line_1_45' title="bbox 235 4456 1845 4530; baseline 0.004 -24"><span class='ocrx_word' id='word_1_648' title='bbox 235 4459 290 4506; x_wconf 89' lang='lat' dir='ltr'><strong>tum</strong></span> <span class='ocrx_word' id='word_1_649' title='bbox 320 4456 521 4522; x_wconf 86' lang='lat' dir='ltr'><strong>appellationem,</strong></span> <span class='ocrx_word' id='word_1_650' title='bbox 548 4473 622 4526; x_wconf 84' lang='lat' dir='ltr'><strong>quam</strong></span> <span class='ocrx_word' id='word_1_651' title='bbox 654 4464 849 4527; x_wconf 84' lang='lat' dir='ltr'><strong>problematum,</strong></span> <span class='ocrx_word' id='word_1_652' title='bbox 882 4466 1018 4530; x_wconf 72' lang='grc' dir='ltr'><strong>μσιαιεηιπ]</strong></span> <span class='ocrx_word' id='word_1_653' title='bbox 1064 4462 1173 4526; x_wconf 76' lang='lat' dir='ltr'><strong>Etreote</strong></span> <span class='ocrx_word' id='word_1_654' title='bbox 1187 4461 1286 4526; x_wconf 86' lang='lat' dir='ltr'><strong>quidem</strong></span> <span class='ocrx_word' id='word_1_655' title='bbox 1298 4461 1396 4528; x_wconf 81' lang='lat' dir='ltr'><strong>utrique</strong></span> <span class='ocrx_word' id='word_1_656' title='bbox 1412 4462 1505 4514; x_wconf 86' lang='lat' dir='ltr'><strong>dicunt.</strong></span> <span class='ocrx_word' id='word_1_657' title='bbox 1554 4459 1845 4526; x_wconf 83' lang='lat' dir='ltr'><strong>Etenimspeusippise·</strong></span> 
     </span>
     <span class='ocr_line' id='line_1_46' title="bbox 234 4545 1844 4614; baseline 0.002 -16"><span class='ocrx_word' id='word_1_658' title='bbox 234 4559 312 4610; x_wconf 85' lang='lat' dir='ltr'><strong>quma</strong></span> <span class='ocrx_word' id='word_1_659' title='bbox 331 4545 363 4598; x_wconf 89' lang='lat' dir='ltr'><strong>de</strong></span> <span class='ocrx_word' id='word_1_660' title='bbox 382 4547 480 4600; x_wconf 77' lang='lat' dir='ltr'><strong>utentis</strong></span> <span class='ocrx_word' id='word_1_661' title='bbox 501 4547 647 4614; x_wconf 86' lang='lat' dir='ltr'><strong>disputetur.</strong></span> <span class='ocrx_word' id='word_1_662' title='bbox 698 4554 774 4604; x_wconf 84' lang='lat' dir='ltr'><strong>ortus</strong></span> <span class='ocrx_word' id='word_1_663' title='bbox 792 4553 856 4604; x_wconf 88' lang='lat' dir='ltr'><strong>enim</strong></span> <span class='ocrx_word' id='word_1_664' title='bbox 875 4553 900 4604; x_wconf 91' lang='lat' dir='ltr'><strong>in</strong></span> <span class='ocrx_word' id='word_1_665' title='bbox 918 4554 1017 4606; x_wconf 66' lang='lat' dir='ltr'><strong>aurius</strong></span> <span class='ocrx_word' id='word_1_666' title='bbox 1063 4552 1170 4601; x_wconf 87' lang='lat' dir='ltr'><strong>clatores</strong></span> <span class='ocrx_word' id='word_1_667' title='bbox 1184 4551 1251 4601; x_wconf 87' lang='lat' dir='ltr'><strong>recte</strong></span> <span class='ocrx_word' id='word_1_668' title='bbox 1264 4550 1380 4604; x_wconf 87' lang='lat' dir='ltr'><strong>sentiunt.</strong></span> <span class='ocrx_word' id='word_1_669' title='bbox 1414 4553 1467 4602; x_wconf 83' lang='lat' dir='ltr'><strong>tlon</strong></span> <span class='ocrx_word' id='word_1_670' title='bbox 1485 4550 1551 4602; x_wconf 86' lang='lat' dir='ltr'><strong>enim</strong></span> <span class='ocrx_word' id='word_1_671' title='bbox 1562 4549 1688 4602; x_wconf 86' lang='lat' dir='ltr'><strong>taliasunt</strong></span> <span class='ocrx_word' id='word_1_672' title='bbox 1699 4549 1844 4613; x_wconf 74' lang='lat' dir='ltr'><strong>geometriae</strong></span> 
     </span>
     <span class='ocr_line' id='line_1_47' title="bbox 235 4635 1847 4705; baseline 0.007 -20"><span class='ocrx_word' id='word_1_673' title='bbox 235 4648 283 4686; x_wconf 90' lang='lat' dir='ltr'><strong>non</strong></span> <span class='ocrx_word' id='word_1_674' title='bbox 302 4635 347 4686; x_wconf 79' lang='lat' dir='ltr'><strong>est.</strong></span> <span class='ocrx_word' id='word_1_675' title='bbox 395 4638 559 4696; x_wconf 83' lang='lat' dir='ltr'><strong>Quamobrem</strong></span> <span class='ocrx_word' id='word_1_676' title='bbox 585 4651 665 4704; x_wconf 86' lang='lat' dir='ltr'><strong>oeque</strong></span> <span class='ocrx_word' id='word_1_677' title='bbox 688 4641 814 4705; x_wconf 87' lang='lat' dir='ltr'><strong>problema</strong></span> <span class='ocrx_word' id='word_1_678' title='bbox 832 4642 915 4694; x_wconf 89' lang='lat' dir='ltr'><strong>locum</strong></span> <span class='ocrx_word' id='word_1_679' title='bbox 931 4643 956 4692; x_wconf 88' lang='lat' dir='ltr'><strong>in</strong></span> <span class='ocrx_word' id='word_1_680' title='bbox 978 4643 1018 4694; x_wconf 87' lang='lat' dir='ltr'><strong>bia</strong></span> <span class='ocrx_word' id='word_1_681' title='bbox 1062 4639 1230 4702; x_wconf 68' lang='lat' dir='ltr'><strong>problemata,</strong></span> <span class='ocrx_word' id='word_1_682' title='bbox 1253 4638 1335 4704; x_wconf 69' lang='lat' dir='ltr'><strong>qualit</strong></span> <span class='ocrx_word' id='word_1_683' title='bbox 1355 4639 1506 4691; x_wconf 69' lang='lat' dir='ltr'><strong>mechuuiw</strong></span> <span class='ocrx_word' id='word_1_684' title='bbox 1526 4639 1595 4690; x_wconf 62' lang='lat' dir='ltr'><strong>erlis·</strong></span> <span class='ocrx_word' id='word_1_685' title='bbox 1634 4640 1698 4688; x_wconf 75' lang='lat' dir='ltr'><strong>Sunt</strong></span> <span class='ocrx_word' id='word_1_686' title='bbox 1712 4637 1777 4690; x_wconf 72' lang='lat' dir='ltr'><strong>enlm</strong></span> <span class='ocrx_word' id='word_1_687' title='bbox 1791 4638 1847 4690; x_wconf 68' lang='lat' dir='ltr'><strong>hato</strong></span> 
     </span>
     <span class='ocr_line' id='line_1_48' title="bbox 233 4723 1844 4796; baseline 0.002 -21"><span class='ocrx_word' id='word_1_688' title='bbox 233 4723 333 4788; x_wconf 76' lang='lat' dir='ltr'><strong>quidem</strong></span> <span class='ocrx_word' id='word_1_689' title='bbox 340 4723 450 4777; x_wconf 83' lang='lat' dir='ltr'><strong>babebit.</strong></span> <span class='ocrx_word' id='word_1_690' title='bbox 458 4730 541 4778; x_wconf 90' lang='lat' dir='ltr'><strong>ortum</strong></span> <span class='ocrx_word' id='word_1_691' title='bbox 553 4728 777 4794; x_wconf 84' lang='lat' dir='ltr'><strong>coniectionemque</strong></span> <span class='ocrx_word' id='word_1_692' title='bbox 793 4732 855 4795; x_wconf 88' lang='lat' dir='ltr'><strong>ejus,</strong></span> <span class='ocrx_word' id='word_1_693' title='bbox 869 4731 935 4796; x_wconf 88' lang='lat' dir='ltr'><strong>quod</strong></span> <span class='ocrx_word' id='word_1_694' title='bbox 950 4731 1018 4794; x_wconf 88' lang='lat' dir='ltr'><strong>prius</strong></span> <span class='ocrx_word' id='word_1_695' title='bbox 1063 4726 1187 4778; x_wconf 77' lang='lat' dir='ltr'><strong>sensibilia</strong></span> <span class='ocrx_word' id='word_1_696' title='bbox 1200 4729 1226 4778; x_wconf 86' lang='lat' dir='ltr'><strong>et</strong></span> <span class='ocrx_word' id='word_1_697' title='bbox 1240 4727 1320 4778; x_wconf 85' lang='lat' dir='ltr'><strong>ortum</strong></span> <span class='ocrx_word' id='word_1_698' title='bbox 1333 4728 1462 4792; x_wconf 75' lang='lat' dir='ltr'><strong>emmaque</strong></span> <span class='ocrx_word' id='word_1_699' title='bbox 1471 4727 1566 4792; x_wconf 83' lang='lat' dir='ltr'><strong>generis</strong></span> <span class='ocrx_word' id='word_1_700' title='bbox 1575 4725 1739 4778; x_wconf 87' lang='lat' dir='ltr'><strong>mutationem</strong></span> <span class='ocrx_word' id='word_1_701' title='bbox 1750 4727 1844 4778; x_wconf 82' lang='lat' dir='ltr'><strong>luben·</strong></span> 
     </span>
     <span class='ocr_line' id='line_1_49' title="bbox 232 4813 1833 4883; baseline 0.002 -20"><span class='ocrx_word' id='word_1_702' title='bbox 232 4827 281 4864; x_wconf 91' lang='lat' dir='ltr'><strong>non</strong></span> <span class='ocrx_word' id='word_1_703' title='bbox 299 4815 353 4865; x_wconf 90' lang='lat' dir='ltr'><strong>erat</strong></span> <span class='ocrx_word' id='word_1_704' title='bbox 374 4814 554 4878; x_wconf 86' lang='lat' dir='ltr'><strong>promittendo,</strong></span> <span class='ocrx_word' id='word_1_705' title='bbox 569 4817 638 4868; x_wconf 82' lang='lat' dir='ltr'><strong>verbi</strong></span> <span class='ocrx_word' id='word_1_706' title='bbox 656 4831 731 4870; x_wconf 79' lang='lat' dir='ltr'><strong>caum</strong></span> <span class='ocrx_word' id='word_1_707' title='bbox 749 4819 865 4882; x_wconf 77' lang='lat' dir='ltr'><strong>trianguli</strong></span> <span class='ocrx_word' id='word_1_708' title='bbox 883 4820 1018 4883; x_wconf 79' lang='lat' dir='ltr'><strong>aequilateri</strong></span> <span class='ocrx_word' id='word_1_709' title='bbox 1061 4813 1105 4867; x_wconf 86' lang='lat' dir='ltr'><strong>tia.</strong></span> <span class='ocrx_word' id='word_1_710' title='bbox 1138 4815 1341 4868; x_wconf 80' lang='lat' dir='ltr'><strong>sedlleaacbmi</strong></span> <span class='ocrx_word' id='word_1_711' title='bbox 1356 4828 1454 4880; x_wconf 81' lang='lat' dir='ltr'><strong>quoque</strong></span> <span class='ocrx_word' id='word_1_712' title='bbox 1473 4817 1607 4868; x_wconf 86' lang='lat' dir='ltr'><strong>sectatores</strong></span> <span class='ocrx_word' id='word_1_713' title='bbox 1618 4829 1678 4868; x_wconf 85' lang='lat' dir='ltr'><strong>vera</strong></span> <span class='ocrx_word' id='word_1_714' title='bbox 1689 4815 1833 4880; x_wconf 56' lang='grc' dir='ltr'><strong>μηδίσασι.</strong></span> 
     </span>
     <span class='ocr_line' id='line_1_50' title="bbox 237 4887 1845 4970; baseline 0.001 -18"><span class='ocrx_word' id='word_1_715' title='bbox 237 4901 454 4966; x_wconf 74' lang='lat' dir='ltr'><strong>consulationem,</strong></span> <span class='ocrx_word' id='word_1_716' title='bbox 479 4903 519 4956; x_wconf 87' lang='lat' dir='ltr'><strong>rel</strong></span> <span class='ocrx_word' id='word_1_717' title='bbox 538 4905 654 4968; x_wconf 87' lang='lat' dir='ltr'><strong>quadrati</strong></span> <span class='ocrx_word' id='word_1_718' title='bbox 673 4907 731 4958; x_wconf 82' lang='lat' dir='ltr'><strong>data</strong></span> <span class='ocrx_word' id='word_1_719' title='bbox 750 4909 818 4957; x_wconf 83' lang='lat' dir='ltr'><strong>rocta</strong></span> <span class='ocrx_word' id='word_1_720' title='bbox 842 4887 1012 4958; x_wconf 82' lang='lat' dir='ltr'><strong>lineadcscri·</strong></span> <span class='ocrx_word' id='word_1_721' title='bbox 1093 4907 1149 4956; x_wconf 75' lang='lat' dir='ltr'><strong>att.</strong></span> <span class='ocrx_word' id='word_1_722' title='bbox 1166 4906 1195 4955; x_wconf 91' lang='lat' dir='ltr'><strong>ln</strong></span> <span class='ocrx_word' id='word_1_723' title='bbox 1214 4905 1359 4956; x_wconf 78' lang='lat' dir='ltr'><strong>umvmsum</strong></span> <span class='ocrx_word' id='word_1_724' title='bbox 1373 4905 1440 4956; x_wconf 88' lang='lat' dir='ltr'><strong>enim</strong></span> <span class='ocrx_word' id='word_1_725' title='bbox 1461 4905 1557 4970; x_wconf 84' lang='lat' dir='ltr'><strong>(inquit</strong></span> <span class='ocrx_word' id='word_1_726' title='bbox 1574 4903 1742 4970; x_wconf 86' lang='lat' dir='ltr'><strong>speusippus)</strong></span> <span class='ocrx_word' id='word_1_727' title='bbox 1760 4915 1845 4954; x_wconf 88' lang='lat' dir='ltr'><strong>eorum</strong></span> 
     </span>
     <span class='ocr_line' id='line_1_51' title="bbox 232 4987 1845 5059; baseline 0.002 -17"><span class='ocrx_word' id='word_1_728' title='bbox 232 4991 350 5057; x_wconf 89' lang='lat' dir='ltr'><strong>ptionem,</strong></span> <span class='ocrx_word' id='word_1_729' title='bbox 362 4993 403 5045; x_wconf 86' lang='lat' dir='ltr'><strong>val</strong></span> <span class='ocrx_word' id='word_1_730' title='bbox 415 4996 488 5045; x_wconf 77' lang='lat' dir='ltr'><strong>rectae</strong></span> <span class='ocrx_word' id='word_1_731' title='bbox 497 4994 568 5046; x_wconf 80' lang='lat' dir='ltr'><strong>buce</strong></span> <span class='ocrx_word' id='word_1_732' title='bbox 580 4994 674 5046; x_wconf 82' lang='lat' dir='ltr'><strong>indata</strong></span> <span class='ocrx_word' id='word_1_733' title='bbox 684 4987 774 5058; x_wconf 90' lang='lat' dir='ltr'><strong>pmicto</strong></span> <span class='ocrx_word' id='word_1_734' title='bbox 785 4994 938 5059; x_wconf 86' lang='lat' dir='ltr'><strong>positionem.</strong></span> <span class='ocrx_word' id='word_1_735' title='bbox 948 4997 1013 5046; x_wconf 79' lang='lat' dir='ltr'><strong>Pre-</strong></span> <span class='ocrx_word' id='word_1_736' title='bbox 1062 5006 1120 5055; x_wconf 76' lang='lat' dir='ltr'><strong>que</strong></span> <span class='ocrx_word' id='word_1_737' title='bbox 1131 4992 1227 5044; x_wconf 86' lang='lat' dir='ltr'><strong>mimus</strong></span> <span class='ocrx_word' id='word_1_738' title='bbox 1239 4993 1428 5059; x_wconf 88' lang='lat' dir='ltr'><strong>contemplatur,</strong></span> <span class='ocrx_word' id='word_1_739' title='bbox 1439 4992 1488 5045; x_wconf 86' lang='lat' dir='ltr'><strong>alia</strong></span> <span class='ocrx_word' id='word_1_740' title='bbox 1499 4991 1600 5058; x_wconf 80' lang='grc' dir='ltr'><strong>σοίδειο</strong></span> <span class='ocrx_word' id='word_1_741' title='bbox 1610 4991 1692 5044; x_wconf 86' lang='lat' dir='ltr'><strong>mlasls</strong></span> <span class='ocrx_word' id='word_1_742' title='bbox 1702 4991 1845 5058; x_wconf 72' lang='lat' dir='ltr'><strong>amhagibus</strong></span> 
     </span>
     <span class='ocr_line' id='line_1_52' title="bbox 232 5080 1845 5148; baseline 0.001 -18"><span class='ocrx_word' id='word_1_743' title='bbox 232 5080 283 5130; x_wconf 89' lang='lat' dir='ltr'><strong>stat</strong></span> <span class='ocrx_word' id='word_1_744' title='bbox 301 5081 384 5145; x_wconf 77' lang='lat' dir='ltr'><strong>igitur,</strong></span> <span class='ocrx_word' id='word_1_745' title='bbox 402 5081 547 5148; x_wconf 84' lang='lat' dir='ltr'><strong>(inquiunt)</strong></span> <span class='ocrx_word' id='word_1_746' title='bbox 563 5082 646 5134; x_wconf 88' lang='lat' dir='ltr'><strong>dicere</strong></span> <span class='ocrx_word' id='word_1_747' title='bbox 665 5083 719 5134; x_wconf 77' lang='lat' dir='ltr'><strong>bec</strong></span> <span class='ocrx_word' id='word_1_748' title='bbox 737 5082 818 5136; x_wconf 90' lang='lat' dir='ltr'><strong>omnia</strong></span> <span class='ocrx_word' id='word_1_749' title='bbox 831 5096 894 5134; x_wconf 87' lang='lat' dir='ltr'><strong>esse.</strong></span> <span class='ocrx_word' id='word_1_750' title='bbox 939 5087 1015 5135; x_wconf 89' lang='lat' dir='ltr'><strong>ortus</strong></span> <span class='ocrx_word' id='word_1_751' title='bbox 1062 5081 1177 5148; x_wconf 86' lang='lat' dir='ltr'><strong>proponit</strong></span> <span class='ocrx_word' id='word_1_752' title='bbox 1192 5085 1218 5133; x_wconf 90' lang='lat' dir='ltr'><strong>et</strong></span> <span class='ocrx_word' id='word_1_753' title='bbox 1234 5082 1266 5134; x_wconf 83' lang='lat' dir='ltr'><strong>ad</strong></span> <span class='ocrx_word' id='word_1_754' title='bbox 1283 5083 1394 5135; x_wconf 75' lang='grc' dir='ltr'><strong>ίυίιιιωιι</strong></span> <span class='ocrx_word' id='word_1_755' title='bbox 1405 5081 1600 5148; x_wconf 76' lang='lat' dir='ltr'><strong>dbqubitiouem</strong></span> <span class='ocrx_word' id='word_1_756' title='bbox 1610 5081 1794 5142; x_wconf 81' lang='lat' dir='ltr'><strong>accommodat,</strong></span> <span class='ocrx_word' id='word_1_757' title='bbox 1805 5093 1845 5132; x_wconf 86' lang='lat' dir='ltr'><strong>ea-</strong></span> 
     </span>
     <span class='ocr_line' id='line_1_53' title="bbox 232 5169 1846 5238; baseline 0.001 -22"><span class='ocrx_word' id='word_1_758' title='bbox 232 5171 316 5218; x_wconf 84' lang='lat' dir='ltr'><strong>autem</strong></span> <span class='ocrx_word' id='word_1_759' title='bbox 327 5169 436 5234; x_wconf 83' lang='lat' dir='ltr'><strong>ipsorum</strong></span> <span class='ocrx_word' id='word_1_760' title='bbox 450 5187 499 5222; x_wconf 88' lang='lat' dir='ltr'><strong>non</strong></span> <span class='ocrx_word' id='word_1_761' title='bbox 510 5171 674 5228; x_wconf 86' lang='lat' dir='ltr'><strong>conficiendo.</strong></span> <span class='ocrx_word' id='word_1_762' title='bbox 690 5171 735 5225; x_wconf 86' lang='lat' dir='ltr'><strong>sed</strong></span> <span class='ocrx_word' id='word_1_763' title='bbox 753 5171 922 5238; x_wconf 74' lang='lat' dir='ltr'><strong>cognoscendo</strong></span> <span class='ocrx_word' id='word_1_764' title='bbox 938 5173 1015 5224; x_wconf 85' lang='lat' dir='ltr'><strong>cerni·</strong></span> <span class='ocrx_word' id='word_1_765' title='bbox 1062 5169 1217 5233; x_wconf 80' lang='lat' dir='ltr'><strong>cacciarius</strong></span> <span class='ocrx_word' id='word_1_766' title='bbox 1229 5172 1321 5234; x_wconf 78' lang='lat' dir='ltr'><strong>emnil,</strong></span> <span class='ocrx_word' id='word_1_767' title='bbox 1333 5186 1408 5236; x_wconf 71' lang='grc' dir='ltr'><strong>ουσιαι</strong></span> <span class='ocrx_word' id='word_1_768' title='bbox 1425 5171 1512 5222; x_wconf 88' lang='lat' dir='ltr'><strong>oculus</strong></span> <span class='ocrx_word' id='word_1_769' title='bbox 1527 5186 1569 5224; x_wconf 87' lang='lat' dir='ltr'><strong>res</strong></span> <span class='ocrx_word' id='word_1_770' title='bbox 1579 5171 1626 5236; x_wconf 87' lang='lat' dir='ltr'><strong>ipsi</strong></span> <span class='ocrx_word' id='word_1_771' title='bbox 1644 5171 1784 5237; x_wconf 83' lang='lat' dir='ltr'><strong>subjectas:</strong></span> <span class='ocrx_word' id='word_1_772' title='bbox 1797 5169 1846 5220; x_wconf 84' lang='lat' dir='ltr'><strong>alia</strong></span> 
     </span>
     <span class='ocr_line' id='line_1_54' title="bbox 234 5257 1846 5327; baseline 0.003 -22"><span class='ocrx_word' id='word_1_773' title='bbox 234 5269 306 5319; x_wconf 87' lang='lat' dir='ltr'><strong>mus,</strong></span> <span class='ocrx_word' id='word_1_774' title='bbox 322 5258 347 5308; x_wconf 88' lang='lat' dir='ltr'><strong>in</strong></span> <span class='ocrx_word' id='word_1_775' title='bbox 359 5271 444 5311; x_wconf 80' lang='lat' dir='ltr'><strong>eorttm</strong></span> <span class='ocrx_word' id='word_1_776' title='bbox 464 5271 522 5323; x_wconf 81' lang='lat' dir='ltr'><strong>quo</strong></span> <span class='ocrx_word' id='word_1_777' title='bbox 540 5259 605 5312; x_wconf 82' lang='lat' dir='ltr'><strong>liunt</strong></span> <span class='ocrx_word' id='word_1_778' title='bbox 627 5273 728 5314; x_wconf 78' lang='lat' dir='ltr'><strong>nummo</strong></span> <span class='ocrx_word' id='word_1_779' title='bbox 748 5265 841 5314; x_wconf 79' lang='lat' dir='ltr'><strong>eterne</strong></span> <span class='ocrx_word' id='word_1_780' title='bbox 860 5263 1013 5326; x_wconf 79' lang='lat' dir='ltr'><strong>reponentes.</strong></span> <span class='ocrx_word' id='word_1_781' title='bbox 1061 5273 1119 5311; x_wconf 85' lang='lat' dir='ltr'><strong>vero</strong></span> <span class='ocrx_word' id='word_1_782' title='bbox 1125 5294 1133 5324; x_wconf 82' lang='lat'><strong>,</strong></span> <span class='ocrx_word' id='word_1_783' title='bbox 1146 5273 1223 5322; x_wconf 82' lang='lat' dir='ltr'><strong>quum</strong></span> <span class='ocrx_word' id='word_1_784' title='bbox 1239 5261 1323 5312; x_wconf 70' lang='lat' dir='ltr'><strong>abtim</strong></span> <span class='ocrx_word' id='word_1_785' title='bbox 1346 5260 1446 5327; x_wconf 78' lang='lat' dir='ltr'><strong>aoequl</strong></span> <span class='ocrx_word' id='word_1_786' title='bbox 1467 5273 1517 5314; x_wconf 84' lang='lat' dir='ltr'><strong>oon</strong></span> <span class='ocrx_word' id='word_1_787' title='bbox 1535 5258 1621 5326; x_wconf 83' lang='lat' dir='ltr'><strong>possit,</strong></span> <span class='ocrx_word' id='word_1_788' title='bbox 1644 5260 1672 5312; x_wconf 86' lang='lat' dir='ltr'><strong>iu</strong></span> <span class='ocrx_word' id='word_1_789' title='bbox 1692 5259 1797 5311; x_wconf 73' lang='lat' dir='ltr'><strong>bassim</strong></span> <span class='ocrx_word' id='word_1_790' title='bbox 1812 5257 1846 5310; x_wconf 82' lang='lat' dir='ltr'><strong>ab</strong></span> 
     </span>
    </p>
   </div>
   <div class='ocr_carea' id='block_1_4' title="bbox 0 0 1992 5948">
    <p class='ocr_par' dir='ltr' id='par_1_5' title="bbox 0 0 1992 5948">
     <span class='ocr_line' id='line_1_55' title="bbox 0 0 1992 5948; baseline 0 0"><span class='ocrx_word' id='word_1_791' title='bbox 0 0 1992 5948; x_wconf 95' lang='lat' dir='ltr'><strong> </strong></span> 
     </span>
    </p>
   </div>
  </div>
 </body>
</html>
