3882 5954
510 321 739 384 mulcentur
758 321 1102 385 NICOMAGHEORUM
1125 323 1406 388 narianensis,
1702 325 1761 385 47³

148 455 326 534 προαιρέσεως
341 453 381 513 ἐπ’
392 452 472 522 αύτάς
486 454 607 536 τρέχων,
624 458 653 515 ού
674 458 708 515 δι’
725 457 791 516 ἄλλο
806 469 866 527 τι,Ι
887 455 931 516 δό·
980 463 1059 516 lenter
1074 464 1124 514 illis
1144 464 1269 524 trahatur,
1292 464 1337 514 sed
1355 463 1470 515 consulto
1488 463 1572 516 adeas
1591 465 1645 530 lpse
1658 466 1761 530 tendat,

148 545 209 616 ξαν,
226 544 288 624 φέρε
308 545 408 616 εἰπεῖν,
428 543 446 614 ἡ
468 543 571 624 κέρδος,
587 543 656 602 ἀλλά
675 545 756 612 αὐτὰς
774 547 808 604 δι’
825 545 933 618 ἑαυτάς,
979 567 1060 618 neque
1071 556 1171 620 proptor
1185 553 1254 604 aliud
1267 553 1423 618 quidquam,
1437 553 1507 604 verbi
1519 566 1595 603 causa
1606 553 1710 617 gloriam
1725 555 1765 606 vel

148 632 302 700 ἀκόλαστος·
313 632 357 692 τόν
371 636 485 692 τοιοῦτον
500 631 553 711 γδιρ
567 635 670 712 ἀνάγκη
687 634 724 711 μὴ
738 631 935 711 μεταμέλεσθαι
980 642 1091 702 Ιιιοτειιιι,
1108 642 1151 694 scd
1166 642 1234 707 ipsas
1248 646 1351 706 propter
1361 655 1388 693 se
1400 641 1476 706 petit,
1494 642 1515 690 is
1527 644 1566 691 est
1579 641 1762 706 intemperans:

149 721 216 800 μετά
231 723 280 794 τὴν
292 719 408 794 ἡδονήν,
431 723 475 780 καὶ
490 722 534 782 διὰ
548 727 624 784 τοῦτο
638 723 745 784 ἀνίατον
765 714 841 783 εἶναι·
858 727 872 782 δ
884 724 935 804 γὰρ
980 733 1055 782 talem
1065 732 1131 783 enim
1145 745 1245 782 necesse
1254 735 1291 782 est
1305 745 1433 796 nunquam
1450 731 1556 796 expletee
1565 743 1617 780 ευεσ
1630 731 1766 796 voluptatis

147 811 350 889 ἀμεταμέλητος
365 810 479 878 ἀνίατος·
502 815 617 880 τοιοῦτος
632 813 659 872 δέ
674 817 688 872 ό
711 812 863 881 ἀκόλαστος·
878 817 892 872 θ
907 813 934 872 δέ
979 822 1112 887 prenitera.
1128 821 1235 886 ideoque
1248 822 1410 872 insanabilem
1425 835 1479 872 esse
1495 839 1500 870 :
1521 835 1597 887 quem
1608 821 1673 872 enim
1685 820 1766 872 lecto-

147 903 256 962 έλαττον
272 905 318 960 τοῦ
335 899 437 968 δέοντος
451 901 485 959 ed
500 905 611 960 τοιαῦτα
633 906 736 974 ζητῶν,
759 907 774 962 ό
794 903 824 960 ἐκ
841 903 933 980 διαμέ-
979 925 1036 961 rum
1049 926 1151 962 suorum
1164 925 1212 961 non
1228 911 1347 976 poenitet,
1361 911 1383 961 is
1393 911 1538 962 insanabilis
1548 914 1601 962 est:
1611 910 1669 962 talis
1680 914 1765 962 autern

147 1014 209 1070 τρου
225 988 420 1067 ἀντικείμενος,
439 987 467 1057 ὅς
482 991 552 1048 ἐστιν
569 993 734 1064 ἀναίσθητος·
751 993 766 1049 ό
783 989 810 1049 δέ
826 991 934 1067 μέσοςδ
980 1000 1086 1052 hahetur
1105 1001 1274 1066 intemperans
1289 1021 1295 1049 :
1309 1001 1352 1064 qui
1367 1013 1426 1050 vero
1442 1000 1526 1050 minus
1541 1014 1618 1064 quam
1636 1000 1709 1052 decet
1725 1014 1766 1052 res

148 1079 260 1161 σώφρων
276 1077 359 1140 ἐστίν.
376 1078 417 1138 Οὐ
434 1077 513 1156 μόνον
525 1079 551 1139 δέ
569 1079 700 1139 ύδιιύκων
714 1080 761 1146 τάς
775 1080 931 1158 σωματικδις
977 1090 1100 1155 jucundas
1111 1093 1278 1152 consectatur,
1292 1090 1314 1140 is
1324 1093 1363 1139 est
1375 1089 1419 1154 qui
1429 1088 1522 1140 directe
1534 1091 1675 1154 opponitur,
1689 1104 1764 1155 quem

147 1168 256 1241 ἡδονάς,
272 1167 301 1226 δν
323 1165 426 1248 είρηται
460 1167 571 1248 τρόπον,
591 1168 736 1236 ἀκόλαστός
760 1171 847 1246 ἐστιν,
865 1169 933 1230 ἀλλά
979 1178 1107 1243 stupidum
1126 1182 1234 1228 vocant:
1257 1175 1356 1228 medius
1364 1179 1454 1227 autem*
1466 1180 1504 1227 est
1514 1179 1661 1241 temperans.
1679 1179 1768 1242 Neque

147 1258 216 1318 καὶὸ
230 1256 333 1339 plurmi
347 1255 394 1324 τὰς
411 1257 565 1333 σωματικὰς
586 1256 687 1330 λύπας,
711 1259 762 1337 οὐχ
780 1258 931 1335 ἡττώμενος
979 1284 1039 1321 vero
1059 1269 1141 1319 solum
1157 1269 1201 1334 qui
1221 1267 1345 1332 corporis,
1369 1266 1582 1332 quemadmodum
1600 1266 1762 1326 dictumest,

148 1348 249 1419 αὐτῶν,
267 1345 337 1404 ἀλλά
356 1345 565 1426 προαιρούμενος
580 1347 676 1422 ὁμοίως
695 1346 841 1412 ἀκολαστός
862 1349 930 1408 ἐστι.
979 1356 1122 1420 voluptates
1132 1355 1254 1420 sequitur,
1269 1358 1307 1404 est
1328 1353 1511 1418 intomperans,
1525 1351 1568 1404 sed
1581 1353 1651 1404 etiam
1663 1353 1708 1418 qui
1719 1352 1766 1403 do·

146 1438 208 1496 Τῶν
232 1433 259 1493 δέ
275 1434 457 1514 ἀπροαιρέτως
478 1435 521 1494 ἐπὶ
543 1433 577 1493 τά
593 1433 658 1506 ἡδέα
675 1433 843 1515 φερομένων,
859 1439 873 1494 δ
887 1435 934 1512 μέν
979 1445 1043 1496 lcres
1055 1445 1162 1509 corporis
1172 1443 1247 1508 fugit.
1269 1455 1317 1493 non
1337 1441 1404 1507 quod
1420 1441 1451 1492 lis
1469 1443 1590 1502 vincatur,
1606 1441 1650 1492 sed
1664 1442 1721 1506 quia
1732 1443 1766 1493 lte

146 1522 253 1603 φέρεται
265 1519 308 1581 διδι
323 1520 370 1593 τὴν
386 1520 497 1596 ἡδονήν,
520 1522 576 1582 όδέ
598 1523 642 1580 ἵνα
657 1522 726 1603 φύγῃ
749 1522 797 1594 τὴν
819 1523 871 1583 ἀπὸ
887 1529 933 1596 τῆς
980 1533 1061 1584 virere
1081 1533 1182 1590 statuit,
1203 1531 1318 1582 similiter
1330 1531 1494 1596 intemperans
1514 1536 1560 1582 est.
1576 1533 1670 1582 Eorum
1684 1534 1765 1582 autem

147 1611 284 1681 ἐπιθυμίας
308 1609 402 1683 λύπην·
425 1609 493 1672 ὥστε
509 1610 676 1692 διαφέρουσιν
701 1603 772 1672 ούτοι
794 1611 934 1687 ἀλλήλων,
978 1624 1021 1688 (ρυί
1033 1622 1172 1674 inconsulto
1184 1620 1397 1686 adresjucundes
1408 1620 1580 1684 tendunt,alli
1595 1620 1766 1672 delectationis

147 1699 202 1758 ἐστι
217 1697 244 1756 δέ
257 1702 270 1756 δ
290 1697 336 1770 μὲν
350 1699 392 1758 διδ
407 1697 437 1758 τὸ
451 1699 555 1780 φεύγειν
579 1699 627 1770 τὴν
641 1699 728 1770 λύπην
742 1696 776 1757 τά
790 1699 855 1769 ἡδέα
871 1702 931 1758 διώ·
980 1727 1056 1764 causa
1069 1713 1095 1764 id
1113 1711 1222 1773 iaciunt,
1244 1711 1286 1762 alii
1305 1714 1334 1761 ut
1356 1709 1453 1774 fugiant
1469 1709 1580 1760 dolorem
1596 1724 1611 1760 e
1630 1710 1766 1774 eupiditate

146 1813 217 1862 κων,
230 1788 366 1863 μαλακός,
383 1792 397 1847 ό
414 1787 441 1846 δέ
459 1791 492 1846 δι’
512 1789 608 1860 ἡδονὴν
625 1789 751 1867 ἀκρατής.
780 1788 934 1848 Ἀντίκειται
978 1805 1119 1853 nascentem
1134 1817 1139 1849 :
1154 1801 1239 1865 itaque
1263 1799 1288 1850 hi
1302 1799 1366 1849 inter
1386 1813 1413 1849 se
1430 1797 1567 1858 differunt,
1583 1802 1702 1850 ceterum
1721 1799 1766 1864 qui

147 1869 174 1927 δέ
195 1872 270 1948 ὑμίν
287 1876 404 1955 ἀκραιὴς
426 1881 464 1958 τῷ
483 1879 621 1958 ι’γκρατεῖ,
642 1881 656 1937 δ
671 1877 698 1937 δέ
722 1881 875 1958 καρτερικὸς
895 1883 933 1958 τῷ
979 1890 1076 1956 llrgieus
1091 1889 1199 1940 dolorem
1209 1887 1241 1938 ed
1253 1901 1293 1938 res
1306 1887 1430 1952 jucundas
1443 1884 1534 1944 tendit.
1546 1886 1640 1946 mollis,
1653 1887 1695 1950 qui
1707 1900 1766 1936 vero

146 1961 270 2042 μαλακῷ·
286 1965 362 2040 ἡμὲν
374 1965 426 2046 γδρ
443 1967 569 2047 καρτερία
586 1966 656 2028 ἐστίν
674 1969 701 2026 ἐν
714 1970 752 2046 τῷ
769 1965 899 2046 ἀντέχειν,
915 1971 932 2039 ἡ
977 1977 1149 2032 delectationis
1160 1989 1235 2027 causa
1249 1977 1294 2026 hoc
1307 1974 1382 2034 iacit,
1396 1974 1550 2026 incontinens
1564 1978 1675 2024 vocatur.
1688 1977 1764 2024 Porro

146 2048 174 2104 δέ
189 2048 328 2128 ἐγκράτεια
352 2054 379 2110 ἐν
392 2056 430 2134 τῷ
454 2055 573 2130 κρατεῖν·
596 2053 684 2134 ἕτερον
709 2054 737 2114 δέ
759 2054 789 2114 τὸ
814 2055 932 2135 ἀντέχειν
979 2068 1131 2118 incontinens
1140 2064 1287 2120 continenti.
1303 2063 1400 2128 patiens
1418 2061 1487 2112 molli
1501 2062 1634 2126 opponitur
1651 2080 1657 2110 :
1674 2061 1766 2112 etenim

146 2139 193 2194 τοῦ
208 2147 329 2218 κρατεῖν,
350 2140 441 2222 ὥσπερ
461 2144 506 2202 καὶ
530 2149 574 2202 τοῦ
598 2145 635 2221 μὴ
651 2149 783 2216 ἡττᾶσθαι
799 2144 829 2203 τὸ
849 2154 933 2226 νικᾷν·
981 2153 1153 2206 ἱατεείοῑειιάο
1170 2153 1299 2219 patientia,
1315 2151 1339 2201 in
1359 2151 1500 2216 superando
1514 2153 1599 2200 eutem
1616 2148 1767 2200 continentia

145 2223 186 2282 διὸ
201 2226 302 2304 βέλτιον
320 2233 366 2290 καὶ
384 2232 555 2313 αἱρετώτερον
573 2237 590 2304 ἡ
614 2235 755 2311 ἐγκράτεια
771 2237 819 2304 τῆς
835 2257 931 2314 καρτε-
979 2244 1108 2294 cernitur=
1124 2241 1191 2292 eliud
1213 2245 1297 2291 autam
1315 2240 1432 2290 resistere
1447 2243 1486 2291 ast
1503 2253 1532 2290 ac
1553 2252 1682 2304 superare,
1703 2237 1766 2288 sicut

147 2313 211 2392 ρίας·
227 2317 328 2396 βέλτιον
343 2320 395 2402 γὰρ
410 2331 483 2401 νικᾷν
498 2320 515 2391 ἡ
532 2319 569 2397 μὴ
598 2325 738 2391 ἡττᾶσθαι.
759 2322 892 2382 Φαίνεται
905 2321 933 2382 δέ
979 2331 1047 2384 eliud
1061 2331 1160 2381 vincere
1178 2333 1203 2380 et
1214 2344 1263 2378 non
1285 2329 1351 2378 vinci
1372 2341 1469 2391 :quare
1485 2330 1512 2378 et
1531 2327 1659 2378 melioret
1676 2325 1766 2391 praela·

146 2401 187 2462 ότι
203 2407 247 2464 καὶ
265 2411 280 2478 ἡ
297 2409 427 2468 ἀκολασία
450 2409 544 2488 χείρων
565 2413 611 2481 τῆς
630 2408 757 2488 ἀκρασίας
781 2409 846 2472 ἐστί.
867 2413 930 2471 Φα·
979 2421 1055 2473 rende
1073 2420 1198 2486 patientiae
1216 2423 1255 2468 est
1271 2417 1430 2476 continentia.
1450 2415 1573 2480 siquidem
1589 2419 1693 2480 praestet
1709 2413 1766 2464 vin-

146 2491 218 2572 νιρθν
235 2493 287 2575 γάρ
298 2505 379 2556 πᾶσιν
393 2500 427 2564 ὡς
439 2497 536 2578 χείρων
549 2498 621 2557 ἐστίν
637 2497 763 2558 δδιώκων
775 2498 823 2571 τὴν
838 2499 932 2570 ἡδονὴν
980 2524 1049 2568 cere,
1064 2523 1140 2574 quarn
1155 2522 1204 2558 non
1222 2507 1295 2557 vinci.
1312 2509 1384 2573 Pejor
1398 2510 1482 2556 autam
1495 2519 1572 2570 quam
1587 2504 1765 2556 incontinentia

145 2583 370 2662 προαιρούμενος,
389 2585 435 2644 καλ
454 2585 472 2658 ἡ
491 2587 529 2664 μὴ
546 2591 681 2664 ἐπιθυμῶν
698 2586 715 2657 ἢ
739 2586 827 2666 ἠρέμα
843 2586 888 2645 καὶ
902 2589 932 2646 οὐ
979 2599 1079 2649 videtur
1091 2611 1145 2648 esse
1157 2597 1355 2662 intemperentia.
1370 2593 1591 2659 Omnibusqnippe
1605 2592 1766 2644 manifestum

146 2669 369 2748 τυραννούμενος,
395 2681 441 2734 τοῦ
470 2675 521 2734 cut
546 2673 756 2757 σφοδροτιίτωνι
789 2679 933 2752 ἐπιθυμιῶν
979 2681 1190 2742 est,deteriorom
1204 2693 1258 2730 csse
1272 2677 1384 2742 eumqui
1398 2674 1680 2733 consulto.etvelsine
1696 2674 1767 2739 cupi-

145 2759 364 2838 τυραννουμίνου·
381 2761 437 2822 ίστι
452 2764 479 2822 δέ
494 2767 508 2822 ό
523 2764 571 2842 μὲν
586 2769 691 2843 πρῶτος
712 2769 726 2823 θ
745 2764 933 2840 ἀκόλαστος,δ
978 2772 1072 2828 ditate,
1083 2769 1124 2820 rel
1141 2769 1226 2834 quiete
1239 2781 1319 2832 neque
1336 2767 1387 2816 ulla
1406 2765 1432 2815 vi
1443 2769 1545 2817 coactus
1556 2765 1711 2830 voluptatem
1725 2777 1766 2814 se·

147 2849 173 2908 δὲ
196 2847 316 2927 δεύτερος
336 2855 351 2910 θ
366 2852 493 2932 ἀκρατής·
509 2852 579 2912 ώστε
594 2860 611 2926 ἡ
626 2853 756 2913 ἀκολασία
772 2852 871 2932 χείρων
886 2857 932 2924 τῆς
979 2861 1074 2926 quitur,
1088 2873 1165 2924 quam
1178 2858 1223 2923 qui
1234 2855 1343 2907 maxima
1356 2855 1522 2921 cupiditatum
1533 2854 1559 2906 vi
1574 2853 1671 2918 cogitur
1682 2873 1689 2902 :
1700 2852 1767 2918 prior

147 2937 276 3016 ἀκρασίας
299 2938 381 3003 ἐστίν.
401 2941 436 3002 ‘0
453 2941 501 3017 μέν
516 2933 560 3002 σύν
575 2943 704 3023 ἐγκρατὴς
720 2942 765 3001 καί
783 2941 934 3022 καρτερικὸς
980 2953 1064 3000 eutem
1085 2948 1175 2999 horum
1195 2946 1376 3010 intemperans,
1398 2943 1519 3008 posterior
1532 2941 1686 2994 incontinens
1707 2943 1765 2991 est:

146 3027 215 3084 ούτω
230 3027 412 3108 διαφέρουσιν,
431 3032 474 3088 καὶ
498 3030 582 3100 ούτως
603 3033 776 3112 αἱρετώτερον
793 3031 934 3112 ἐγκράτεια
979 3038 1141 3105 quemobrem
1163 3034 1353 3099 intemperantia
1369 3033 1481 3084 deterior
1500 3047 1576 3098 quam
1591 3031 1767 3082 incontinentia

148 3115 302 3193 καρτερίαι,
317 3119 362 3178 καλ
376 3120 493 3199 ἀκρασία
509 3121 655 3190 ἀκολασίας
672 3121 852 3201 ἀνεκτότερον.
980 3133 1026 3180 est.
1060 3126 1194 3178 Gontinens
1207 3138 1266 3188 ergo
1284 3127 1310 3173 et
1329 3124 1426 3189 patiens
1440 3123 1487 3174 hoc
1509 3121 1582 3172 modo
1593 3119 1729 3179 dillernnt.
1740 3123 1767 3170 et

188 3205 317 3284 (Scripsi
339 3228 346 3268 :
364 3217 377 3244 ⁸
400 3209 507 3289 πάντη]
521 3213 626 3288 'vulgo
647 3210 745 3290 πάντη.
766 3210 831 3258 -δ
856 3211 934 3284 δῆλον
980 3217 1198 3272 lucenicanus,
1213 3216 1315 3277 propter
1332 3227 1397 3278 ques
1417 3209 1572 3277 preferenda
1592 3209 1719 3274 patientie
1734 3209 1767 3258 sit

147 3291 188 3348 ὅτι
201 3289 210 3366 l
222 3294 311 3372 vrrlgo
329 3297 456 3370 δηλονότι.
467 3321 530 3348 -e
545 3299 603 3360 καθ’
617 3299 693 3379 ὅσον]
708 3302 798 3378 vulgo
811 3299 931 3358 καθόσον.
980 3305 1144 3364 continentia,
1159 3301 1336 3354 incontinentis
1350 3316 1409 3354 vero
1423 3300 1575 3353 tolerabilior
1587 3314 1663 3366 quana
1674 3298 1767 3350 intem-

147 3380 213 3427 -δ
238 3381 270 3440 διν
289 3389 359 3446 κακδι
376 3389 523 3466 ποιήσειεν]
541 3411 577 3449 εκ
592 3392 768 3462 Αυίεῑοιείσ,
789 3387 854 3450 cod.
875 3399 934 3448 An·
980 3393 1091 3459 perantia
1100 3391 1223 3443 habeatur

148 3471 265 3532 dronici
283 3473 315 3533 ἀν
330 3475 475 3548 ποιήσειεν.
492 3513 533 3524 -
548 3479 653 3538 ’λῶπαί
670 3479 736 3556 εἰσι]
752 3480 818 3537 cod.
839 3478 933 3539 λύπαί.

148 3573 211 3610 -l
234 3564 367 3642 ἐγκρατεῖς
383 3567 454 3644 εἶσι]
477 3568 542 3627 cod.
575 3570 709 3648 έγκρατεῑς
726 3568 788 3628 elci.
802 3575 867 3614 -ῑ
887 3571 934 3648 pep-

149 3648 225 3726 cicc]
239 3654 303 3714 cod.
320 3654 423 3735 ῥαδίως.
440 3657 501 3704 -ΙΙ
515 3659 543 3715 αἱ
558 3658 586 3718 δέ
602 3656 671 3736 ούκ]
685 3657 776 3732 vulgo
788 3657 816 3714 ot
830 3655 858 3714 θλ
875 3659 933 3716 οὐκ.

150 3742 284 3802 -ῑάλλο
302 3745 350 3824 τι]
376 3745 463 3822 vulgo
492 3745 558 3804 ἄλλό
581 3770 617 3804 τι.
645 3745 706 3791 -¹¹
731 3742 933 3827 σφοδροτάτων]

150 3833 215 3894 cod.
234 3833 437 3912 σφοδρωτάτων.
457 3835 510 3912 -)

471 3995 538 4071 Κεφ,
561 3991 608 4068 ιβ’,
1307 3992 1366 4054 dap.
1386 3991 1441 4038 llll.

270 4147 311 4211 ’Τίς
325 4155 341 4211 ἡ
356 4156 501 4218 σνγγνωοτὴ
520 4153 628 4219 ἀκρασία
641 4156 684 4204 καὶ
700 4153 815 4218 μαλακία.
1087 4165 1351 4224 υυαιιεσοιιιειιιιιιεει
1360 4163 1467 4210 morlines
1479 4162 1659 4209 ειουιειιιιιειι.

192 4309 207 4338 *
224 4300 286 4368 Ἔτι
310 4304 338 4364 δέ
354 4305 495 4384 διοριστέον
512 4303 574 4384 περί
595 4307 690 4363 αὐτῶν.
714 4303 863 4386 Ἐγκρατὴς
886 4302 933 4383 μέν
1012 4313 1062 4365 Sed
1077 4313 1109 4364 de
1120 4311 1152 4362 iis
1164 4311 1265 4376 iusuper
1281 4307 1460 4374 disputandum
1477 4306 1532 4358 erit.
1554 4308 1599 4357 Est
1619 4319 1677 4372 ergo
1688 4306 1769 4356 contl-

151 4385 196 4454 σ’ύν
221 4395 291 4453 ἐστιν
317 4398 450 4474 δκρατῶν
471 4397 523 4454 τῶν
549 4397 712 4470 ἐπιθυμιῶν,
733 4393 885 4475 καρτερικὸς
908 4396 936 4455 δέ
981 4417 1041 4455 nens
1055 4403 1101 4468 qni
1118 4403 1219 4466 superat
1235 4398 1398 4464 cupiditates¹
1417 4397 1516 4462 patiens
1534 4409 1595 4447 vero
1610 4395 1655 4460 qui
1675 4394 1769 4446 resistit

151 4488 223 4545 ἐστιν
237 4487 251 4543 θ
264 4485 381 4564 ἀντέχων
401 4483 465 4563 πρὸς
485 4482 566 4550 αύτάς
580 4485 626 4542 καὶ
643 4481 681 4560 μὴ
706 4483 865 4559 ἡττώμενος·
880 4485 894 4539 θ
907 4480 935 4540 δέ
981 4494 1012 4544 iis
1024 4507 1069 4544 nec
1081 4495 1213 4556 superetur
1229 4509 1235 4538 ι
1249 4488 1293 4554 qui
1306 4491 1390 4538 aulem
1408 4485 1533 4536 insolescit
1545 4484 1576 4534 iis
1588 4482 1681 4548 quibus
1693 4482 1769 4546 pleri-

150 4573 327 4656 χαυνούμενος
340 4598 361 4633 π
379 4573 405 4640 δς
420 4572 437 4630 ἀ
454 4575 478 4632 ol
491 4569 585 4631 πολλοί
601 4571 773 4631 ἀντιτείνουσα
786 4571 832 4629 καί
847 4569 935 4630 δύναν·
981 4596 1031 4648 que
1044 4581 1168 4632 obsistunt
1182 4582 1208 4628 at
1223 4590 1281 4642 quse
1291 4575 1356 4626 ferre
1372 4577 1490 4640 possunt,
1505 4573 1528 4622 io
1539 4571 1622 4621 mollis
1635 4583 1664 4620 ac
1676 4569 1769 4620 delica-

150 4685 194 4721 ται
210 4661 313 4742 φέρειν,
341 4597 413 4728 ούτος
438 4661 558 4738 μαλακός
585 4663 630 4721 καὶ
644 4664 759 4742 τρυφῶν·
783 4658 828 4719 καὶ
848 4659 935 4738 γάρὴ
982 4674 1024 4720 tus
1040 4673 1078 4719 est
1101 4687 1106 4717 :
1127 4665 1244 4732 mindam
1264 4665 1330 4715 enim
1351 4662 1469 4714 mollities
1490 4663 1549 4710 sunt
1568 4657 1671 4710 deliciae.
1703 4656 1770 4707 Talis

150 4751 236 4832 τρυφὴ
253 4747 374 4828 μαλακία
388 4747 426 4816 τίς
438 4754 517 4810 ἐστιν.
532 4749 583 4817 Ὃς
602 4741 646 4810 σόν
660 4759 673 4786 ⁸
686 4751 757 4810 ίλκει
771 4748 802 4808 τὸ
816 4747 935 4824 ίμιίτιον,
981 4758 1057 4821 igitur
1071 4755 1165 4820 estqui
1178 4752 1377 4810 vestemtrahit,
1390 4749 1493 4816 nequid
1506 4745 1770 4798 inaaattollcndala-

150 4840 194 4899 ίνα
207 4839 244 4916 μὴ
259 4838 364 4916 πονὴσῃ
381 4835 428 4910 τὴν
444 4839 552 4900 ἀπὸτοῦ
569 4841 650 4918 αίρειν
663 4839 761 4912 λύπην,
776 4837 822 4896 καὶ
835 4837 934 4912 μιμού-
982 4847 1050 4898 boris
1066 4845 1185 4910 suscipiat
1208 4859 1238 4895 ac
1262 4843 1356 4894 doloris
1373 4845 1398 4893 et
1414 4855 1493 4907 quum
1513 4838 1626 4890 imitatur
1644 4836 1770 4887 hominem

154 4951 230 5004 μενος
245 4927 288 4986 τὸν
311 4928 485 5004 ἐκλελυμένον
506 4928 558 4988 ύπδ
571 4929 668 5004 νόσου,
684 4931 732 4987 οὐκ
747 4926 830 4986 οἴεται
849 4925 936 4992 ἄθλιος
984 4935 1052 5000 gravi
1064 4933 1151 4984 morbo
1168 4931 1303 4992 allectum,
1316 4931 1436 4981 miserum
1452 4943 1479 4980 se
1490 4939 1608 4978 essenon
1624 4924 1767 4980 arbitratur.

152 5009 235 5091 εἶναι,
252 5017 335 5099 ἀθλίῳ
347 5021 435 5095 ὅμοιος
451 5018 496 5075 ὤν·
513 5019 558 5076 τὸν
576 5019 653 5077 αὐτὸν
677 5017 815 5096 δὲτρόπον
833 5014 937 5074 καὶέπὶ
982 5024 1027 5089 qui
1038 5027 1122 5074 lamen
1134 5022 1226 5074 misero
1238 5021 1326 5072 similis
1342 5019 1542 5082 silzcodemque
1556 5013 1631 5066 modo
1645 5013 1677 5066 dc
1691 5013 1771 5064 conli-

187 5223 198 5248 *
217 5223 248 5274 ‘O
260 5225 286 5274 δὲ
298 5225 412 5276 ἐλλείπων
425 5225 485 5290 πρὸς
500 5225 516 5272 ἃ
528 5226 550 5273 οἱ
562 5223 645 5272 πολλοὶ
657 5223 699 5272 ιιαλ
714 5222 879 5271 ἀντιτείνουσι
893 5223 944 5272 κτλ.
