4020 5950
817 397 869 459 nn
892 395 1115 459 SPEUSIPPO.
1735 407 1778 469 69

160 524 346 604 disciplinam
363 523 502 594 tenuisse,
517 541 692 601 quamquam
705 525 811 601 partim
826 524 947 582 multas
994 524 1091 603 ipsius
1117 535 1147 582 et
1170 521 1346 583 Xenocratis
1368 523 1516 584 auditores
1541 528 1689 587 communi
1713 549 1778 588 curn

162 611 355 692 Pythagoreis
378 624 527 671 mutuatus
549 623 608 682 est,
633 611 739 688 partim
763 611 860 669 minus
874 613 949 671 bene
995 612 1156 673 Aristotelis
1169 614 1361 674 sectatoribus
1376 613 1639 693 Peripateticorum
1658 619 1778 676 nomine

161 725 290 772 moratus
308 711 374 771 fuit.
392 710 526 787 Namque
545 723 579 768 ut
600 710 677 769 inter
690 709 889 787 intelligentes
910 723 950 768 ta·
994 717 1023 763 et
1054 715 1174 784 possent
1195 702 1337 783 appellari
1359 715 1389 762 et
1415 702 1581 782 frequenter
1597 706 1778 784 appellaren-

160 804 234 862 lium
249 821 348 861 rerum
362 800 577 860 existimatores
595 799 746 872 convenit,
763 797 868 878 optimi
883 797 949 856 Pla·
995 791 1146 872 tur(110)'.

161 887 240 952 tonis
252 890 392 970 discipuli
414 887 614 967 Speusippus,
631 885 807 947 Xenocrates
835 899 864 944 et
882 887 950 945 Ari·
1035 879 1103 939 Erat
1118 878 1284 959 Speusippo
1300 895 1391 956 genus
1413 883 1558 940 orationis
1574 901 1640 940 oum
1660 881 1779 941 lenitate

161 980 278 1041 stoteles
300 979 427 1037 fuerunt.
458 977 502 1037 Ex
525 977 573 1036 his
601 978 767 1037 Aristotelis
791 976 950 1037 familiares
995 969 1119 1046 quadem
1136 968 1273 1046 aequabili
1284 967 1448 1047 profluens,
1472 972 1554 1047 quod
1574 983 1634 1028 tum
1648 969 1779 1031 Platonis

161 1067 349 1147 Peripatetici
368 1065 439 1124 dicti
465 1077 548 1138 snut,
565 1066 635 1144 quia
649 1068 680 1124 in
700 1065 797 1143 Lyceo
811 1064 950 1124 inambn-
995 1059 1131 1136 spiritum
1156 1071 1185 1116 et
1205 1058 1338 1136 copiam,
1364 1071 1423 1115 tum
1448 1057 1585 1118 isocratis
1608 1059 1779 1136 elegantiam

162 1159 258 1219 lantes
282 1153 471 1236 disputabant
500 1177 507 1212 ι
535 1155 581 1214 illi
613 1167 707 1214 autem
735 1155 786 1232 qui
818 1153 949 1214 Platonis
997 1165 1192 1224 numerosque
1211 1147 1397 1224 exprimeret.
1419 1146 1511 1204 Porro
1526 1148 1556 1204 in
1571 1147 1781 1210 mathematicis

161 1247 296 1305 instituto
315 1246 347 1303 in
368 1243 543 1314 Academia,
570 1243 650 1320 quod
675 1243 730 1301 suit
746 1243 870 1300 alterum
893 1262 950 1320 gy·
995 1234 1107 1295 artibus
1120 1235 1302 1314 Speusippus
1316 1233 1498 1310 versabatur,
1513 1235 1593 1314 quod
1607 1255 1655 1294 eas
1669 1238 1781 1296 caeteris

160 1333 322 1404 mnasium,
338 1343 431 1390 cortus
449 1345 479 1390 et
496 1349 646 1390 sermones
659 1330 765 1390 habere
788 1349 949 1389 consueve—
998 1325 1162 1403 disciplinis
1177 1325 1264 1400 longe
1274 1333 1413 1402 praestare
1426 1324 1505 1406 (ιιι)
1522 1338 1662 1387 censeret.
1678 1326 1781 1389 Disse-

162 1435 239 1494 rnnt,
252 1421 337 1480 eloci
347 1419 493 1478 vocabulo
505 1438 613 1478 nomen
625 1419 803 1480 habuerunt.
823 1417 882 1478 Nec
905 1433 949 1478 ta-
996 1414 1079 1474 rendi
1104 1413 1291 1473 subtilitatem
1317 1434 1381 1471 cum
1400 1414 1547 1492 partiendi
1567 1415 1783 1491 distinguendi-

161 1531 229 1570 rnen
249 1511 404 1589 quisquam
417 1510 533 1585 negavit
547 1507 743 1590 Speusippum
758 1509 803 1566 vel
818 1508 950 1568 Platonis
996 1525 1053 1581 que
1068 1503 1192 1564 artificio
1216 1501 1402 1580 conjunctam
1418 1517 1564 1581 praeeunte
1586 1505 1707 1565 Platone
1722 1518 1783 1564 stu·

163 1599 299 1677 exemplo
312 1597 359 1656 tel
371 1617 424 1657 sus
435 1610 539 1676 sponte
553 1616 630 1676 saepe
645 1596 840 1656 ambulantem
857 1595 946 1655 disse-
996 1593 1078 1652 diosc
1103 1591 1268 1651 sectabatur
1293 1593 1383 1671 (ιτα).
1407 1591 1567 1652 Contendit
1592 1607 1687 1652 autem
1717 1596 1783 1653 fieri

164 1687 276 1762 ruisse,
307 1700 339 1745 ut
368 1687 420 1766 qui
446 1698 548 1765 postea
569 1685 734 1745 Academici
763 1686 858 1745 vocati
882 1699 950 1746 sunt
995 1701 1054 1740 non
1069 1699 1172 1760 posse,
1186 1693 1218 1739 ut
1231 1681 1391 1758 quidquam
1406 1679 1668 1757 definiamus,nisi
1683 1683 1783 1742 omnia

163 1955 207 2006 pra
225 1945 276 1991 not.
295 1944 333 1992 17.
354 1966 385 1978 -
402 1941 470 2006 (110)
491 1940 580 1992 David.
593 1941 687 2004 Proleg.
706 1941 732 1990 in
750 1939 850 1992 aristot.
865 1941 949 2005 θείας.
996 1943 1167 1999 consciamne
1187 1939 1279 1990 artium
1297 1938 1532 1990 mathematicorum
1555 1939 1657 2002 sudis,
1677 1953 1734 2004 que
1758 1941 1784 1992 in

162 2015 186 2064 in
199 2013 291 2063 scholi.
309 2012 414 2062 aristot.
434 2025 492 2077 pag.
513 2017 542 2064 13
557 2013 599 2064 ed.
619 2012 731 2063 Brendis.
752 2013 850 2076 έδδομος
865 2013 949 2078 τρόπος
995 2011 1129 2062 Academia
1150 2011 1294 2076 viguerunt,
1316 2011 1435 2060 tractavit
1459 2011 1576 2075 syrianus
1601 2013 1784 2064 commentia

161 2087 209 2132 τῶν
218 2083 279 2132 κατὰ
292 2081 430 2144 φιλοσοφίαν
446 2083 558 2146 αίρέσεων
570 2085 583 2132 δ
597 2083 735 2145 ὀνομασθείς
748 2083 797 2133 ἀπό
812 2099 874 2140 τινος
890 2100 950 2143 συμ-
996 2084 1097 2136 Ατίείοί.
1115 2086 1174 2134 Met.
1188 2082 1231 2133 lib.
1254 2083 1300 2132 llll
1318 2096 1374 2147 pag.
1396 2089 1426 2134 δθ
1442 2096 1497 2147 sqq.
1517 2083 1607 2148 interp.
1629 2085 1673 2135 lul.
1694 2087 1782 2136 venei.

163 2153 289 2213 ίεδηκότος
299 2154 332 2208 ὡς
346 2154 370 2200 ol
380 2153 563 2214 Περιπατητικοὶ
578 2153 627 2203 ἀπδ
637 2155 680 2203 τοῦ
692 2153 818 2209 Πλάτωνος
835 2153 896 2202 κατὰ
906 2168 949 2202 πε·
997 2160 1065 2206 1558.
1079 2157 1117 2206 De
1130 2154 1311 2205 mathematice
1332 2156 1416 2205 auem
1434 2154 1561 2218 principiis
1575 2169 1654 2219 pauca
1672 2169 1687 2207 e
1701 2159 1780 2220 Speu-

163 2223 260 2288 ρίπατον
271 2225 314 2282 την
328 2222 457 2273 συνουσίαν
473 2225 614 2285 ποιουμένου
632 2223 673 2274 διά
689 2225 716 2274 τό
728 2225 779 2288 άμα
792 2231 821 2290 τῇ
839 2227 905 2290 ψυχῇ
922 2226 950 2276 τό
995 2225 1059 2291 cippi
1071 2225 1143 2276 libris
1159 2226 1275 2288 excerpit
1295 2224 1535 2288 reperiunturque
1556 2225 1670 2277 Proclum
1689 2227 1780 2280 Dittdo-

163 2299 234 2358 σῶμα
248 2293 382 2358 γυμνάζειν.
395 2294 443 2343 Καὶ
454 2298 502 2342 τῶν
514 2294 666 2358 ἀνθρωπίνων
681 2296 877 2360 ἀναχωρήσαντος
898 2297 949 2345 δια·
996 2297 1072 2348 &um
1087 2297 1112 2346 in
1126 2296 1199 2361 print.
1213 2293 1308 2344 Euclio.
1320 2295 1433 2346 elemenl.
1441 2293 1484 2344 lib.
1499 2297 1531 2358 Π,
1547 2300 1598 2358 dp.
1613 2298 1782 2351 1100811111.

162 2370 254 2432 δέχεται
266 2369 309 2426 τὴν
323 2367 496 2431 σχολήναθτοῦ
507 2365 799 2426 Σπεύσιπποςόυίδςτδς
819 2368 951 2430 Πρωτώνης
998 2375 1067 2430 1533,
1082 2381 1137 2432 pag.
1150 2369 1181 2416 έδ
1195 2366 1285 2430 interp.
1298 2365 1341 2416 lal.
1355 2368 1442 2415 Pelet.
1463 2369 1533 2416 1500.
1546 2367 1604 2417 Vld.
1623 2368 1709 2432 fragm.
1727 2377 1780 2422 119.

162 2439 225 2504 (leg.
243 2439 368 2500 Ποτώνης)
389 2438 488 2502 ἀδελφῆς
506 2443 549 2508 τοῦ
563 2437 699 2494 Πλάτωνος·
717 2439 761 2490 οὐκ
776 2439 889 2502 ἐτύγχανε
906 2441 951 2502 γὰρ
995 2467 1026 2476 -
1039 2441 1104 2501 (111)
1118 2438 1189 2486 Plato
1200 2435 1300 2485 Phoedr.
1311 2447 1366 2498 pag.
1383 2441 1429 2487 100
1442 2435 1468 2486 b.
1480 2435 1570 2485 τούτων
1584 2438 1613 2496 δὴ
1625 2439 1700 2500 ἐγωγε
1712 2442 1783 2498 αὐτός

163 2510 377 2572 τηνεκαῦτατιαριθν
386 2511 399 2558 ό
407 2508 579 2572 Ἀριστοτέλης·
592 2510 800 2573 μετασταλελςγὰρ
811 2509 839 2568 ἢν
852 2510 898 2560 όπδ
906 2513 951 2561 Φι-
994 2526 1020 2559 τε
1034 2509 1148 2572 ἐραστής,
1161 2507 1182 2556 ὦ
1194 2506 1297 2570 Φαῖδρε,
1316 2512 1364 2556 τῶν
1377 2507 1515 2570 διαιρέσεων
1527 2507 1567 2555 καὶ
1580 2515 1741 2571 συναγωγῶν,
1753 2513 1782 2561 to·

163 2581 251 2632 λίππου
260 2577 431 2642 ένθίακεδονίφ
439 2579 478 2628 ἐπὶ
487 2579 516 2628 τὸ
524 2579 650 2628 παιδεῦσαι
659 2580 758 2630 τὸνυίδν
766 2581 838 2628 αὐτοῦ
852 2577 952 2638 Ἀλέξαν-

163 2653 228 2716 δρον,
240 2651 266 2700 δν
281 2650 424 2714 παραλαθδν
436 2649 509 2706 οῦτως
522 2650 651 2700 ἐπαίδευσα
661 2649 704 2709 τὴν
715 2649 838 2713 βασιλικὴν
851 2649 950 2708 ἐπιστη-

164 2739 211 2786 μην
230 2725 263 2780 ὡς
282 2721 398 2784 ἐπιλέγειν
420 2721 460 2771 τόν
473 2719 632 2784 Ἀλέξανδρον,
649 2723 718 2780 ἡνίκα
732 2720 802 2784 μηδὲν
817 2721 950 2782 ὠφέλησεν,

162 2794 201 2843 ότι
217 2794 317 2856 σήμερον
331 2792 374 2840 οῦκ
396 2791 550 2854 ἐὸασίλευσα,
566 2793 650 2842 ούδένα
667 2793 714 2856 γάρ
732 2791 883 2854 εὐεργέτησα.
904 2793 951 2843 Καί

162 2879 223 2912 ποτε
228 2867 270 2912 τοῦ
283 2861 454 2926 Ἀριστοτέλους
467 2861 572 2918 εἰπόντος
582 2862 618 2911 ότι
629 2862 721 2926 δτειροι
731 2861 819 2924 κόσμοι
828 2863 889 2911 κατὰ
901 2867 951 2922 Δη-

165 2934 288 2996 μόκριτον,
298 2933 453 2996 δπιδακρῦσαί
458 2949 517 2996 φασι
523 2934 565 2984 τόν
574 2933 717 2996 Ἀλέξανδρον
721 2932 817 2983 είπόντα
824 2951 836 2975 ιι
843 2931 892 2981 οὐδ’
901 2932 951 2986 ivd<

165 3004 222 3052 όλου
233 3003 324 3064 κόσμου
331 3003 445 3062 ἠδυνήθην
453 3005 616 3066 ἐπικρατῆσαι.
627 3023 638 3046 ν
651 3005 758 3052 Ἐκεῖθεν
772 3002 798 3050 δέ
804 3002 952 3064 ῦποστρέψας

166 3077 349 3137 δ’λριστοιίλης
367 3075 498 3138 διαδέχεται
517 3077 559 3133 την
575 3077 663 3139 σχολὴν
678 3079 721 3124 τοῦ
739 3073 895 3123 Σπευσίππου
908 3073 951 3122 σὺν

168 3144 323 3208 Ξενοκράτει,
333 3147 374 3194 καὶ
387 3144 513 3208 ἀμφότεροι
528 3146 634 3208 ἐλέγοντο
653 3145 836 3209 Περιπατητικοὶ
848 3147 896 3202 τοῖς
906 3143 950 3192 τό·

164 3233 219 3274 ποις
227 3217 379 3281 διαφέροντες·
396 3220 417 3267 nl
430 3218 472 3280 μίν
483 3218 529 3282 γάρ
541 3218 667 3268 ἐκαλοῦντο
683 3218 779 3268 Λύκτιοι
792 3219 951 3280 Περιπατητι-

165 3289 203 3337 κοὶ
220 3291 254 3344 ὡς
265 3292 287 3337 ol
297 3288 476 3352 Ἀριστοτελικοί
487 3327 493 3350 ,
504 3291 527 3338 ol
542 3289 569 3338 δὲ
582 3287 752 3353 ’Δκαδημιακοέ
766 3289 950 3350 Περιπατητικοί

164 3360 188 3406 ol
201 3363 243 3406 τοῦ
255 3357 422 3422 Ξενοκράτους.
440 3358 482 3420 Τῷ
502 3358 579 3422 χρόνῳ
601 3359 643 3421 δέ,
656 3359 696 3408 σία
705 3357 845 3419 συμόαίνει,
863 3358 951 3414 ἐξελιπι

165 3428 207 3491 μὲν
216 3429 244 3478 τδ
253 3427 328 3491 ὄνομα
339 3433 380 3477 τοῦ
392 3427 468 3478 τόπου
480 3430 521 3477 καί
532 3429 662 3479 ἐκαλοῦντο
680 3431 863 3494 Περιπατητικοί
879 3431 950 3495 χωρίς

164 3504 208 3549 τοῦ
217 3499 314 3550 Λύκτιοι
327 3501 349 3549 ol
362 3499 557 3562 Ἆριστοτελικοί,
575 3505 623 3550 τῶν
638 3501 662 3550 δὲ
675 3501 852 3564 Ξενοκρατείων
863 3503 952 3559 ἐξέλιπε

162 3573 193 3622 εδ
207 3574 247 3628 τῆς
259 3569 375 3636 ἐνεργείας
387 3571 462 3634 δνομοι
481 3572 521 3621 καί
539 3572 666 3622 ἐκαλοῦντο
677 3573 864 3635 Ιἰλκαδημιακοί.
884 3576 953 3637 Περι-

164 3643 290 3698 πατητικοὶ
310 3641 352 3692 οῦν
372 3643 501 3693 ἐκαλοῦντο
522 3644 568 3710 οὐχ
588 3645 625 3694 δτι
649 3645 712 3694 κατά
737 3645 876 3710 περιπάτους
900 3647 950 3705 έξη-

164 3713 266 3771 γοῦντο,
278 3709 329 3759 ἀλλ’
344 3711 379 3759 ότι
402 3712 530 3768 διεδέξαντο
543 3712 585 3772 τὴν
599 3713 690 3775 σχολὴν
702 3717 745 3761 τοῦ
765 3713 893 3772 Πλάτωνος
912 3713 951 3764 διά

165 3783 241 3844 μέσον
255 3781 409 3832 Σπευσίππου
424 3783 489 3831 κατὰ
506 3784 650 3846 περιπάτους
664 3785 805 3847 ποιουμένου
819 3785 860 3841 τάς
872 3786 952 3847 έξηγή-

165 3868 224 3908 cce.
243 3851 396 3916 Philoponns
412 3851 439 3902 in
452 3852 553 3904 aristot.
571 3855 655 3918 θείας.
670 3853 725 3905 init.
743 3855 769 3905 in
784 3855 874 3906 scholi.
898 3856 953 3906 Ari-

165 3925 225 3975 stot.
239 3923 389 3986 (103.θόεά
404 3923 514 3974 Brandla.
530 3926 610 3985 ἐπειδὴ
626 3927 674 3990 γὰρ
689 3927 815 3976 δΙΙλάτων
827 3928 954 3991 ἐξηγούμε-

165 4013 203 4053 νος
215 3995 318 4058 nante,
330 3997 402 4046 θέλων
416 3999 444 4048 τὸ
453 3999 537 4048 ἑαυτοῦ
550 4004 622 4060 σῶμα
639 3999 763 4061 γυμνάζειν
783 4003 815 4058 ὡς
829 4001 859 4049 ἂν
875 4002 907 4064 μὴ
927 4003 954 4052 ἀι

166 4067 317 4130 σθενέστεφον
325 4067 419 4128 γεγονδς
429 4068 541 4130 ἐμποδὼν
549 4069 638 4132 γένοιτο
645 4075 695 4125 ταῖς
703 4072 814 4134 ψυχικαῖς
820 4071 953 4136 ἐνεργείαις,

167 4141 189 4187 ol
204 4136 364 4200 διαδεξάμενοι
377 4137 450 4188 αῦτδν
462 4139 634 4200 ὠνομάσθησαν
651 4141 739 4202 οὕτως,
758 4143 781 4190 ol
795 4141 842 4191 άπδ
856 4145 900 4192 τοῦ
912 4159 953 4194 πε·

166 4208 275 4270 ριπάτον.
293 4209 428 4265 διεδέξαντο
443 4209 469 4258 δέ
478 4211 492 4259 ό
502 4210 650 4272 Ξενοκράτης
663 4213 704 4262 καὶ
715 4214 728 4262 δ
740 4212 909 4276 Ἀριστοτέλης,
920 4215 954 4266 ὧν

167 4283 191 4330 ἐν
206 4279 303 4344 Λυκείῳ
317 4280 358 4341 μὶν
376 4281 514 4331 ἐπαίδευσεν
531 4281 702 4346 Ἀριστοτέλης,
724 4285 772 4333 ddi
789 4285 955 4347 Ξενκοκράτης

168 4351 191 4398 έν
203 4348 342 4414 Ἀκαδημία·
355 4351 452 4414 ὕστερον
461 4353 486 4401 δέ
497 4357 546 4408 τοῖς
560 4352 602 4415 μέν
613 4353 627 4402 δ
638 4353 710 4410 τόπος
723 4354 825 4414 ἐξέλιπε,
840 4355 881 4404 καί
896 4356 954 4406 ὠνο-

169 4425 294 4485 μάσθησαν
304 4422 352 4472 άπὸ
363 4425 403 4480 τῆς
415 4423 530 4488 ἐνεργείας
542 4429 584 4473 τοῦ
597 4424 741 4476 διδασκάλου
759 4427 954 4491 Περιπατητικοί,

168 4498 216 4548 τοῖς
229 4493 254 4541 δέ
269 4495 285 4552 ἡ
297 4493 415 4556 ἐνέργεια,
426 4496 465 4543 καὶ
476 4494 654 4558 ὠνομάσθησαν
663 4497 711 4547 ἀπὸ
721 4501 763 4546 τοῦ
772 4499 846 4547 τόπου
855 4496 952 4562 haas·

169 4563 262 4620 μαικοί.
278 4589 308 4599 -
322 4562 390 4627 (111)
405 4563 442 4613 Ol.
458 4566 527 4615 Plato
541 4564 573 4616 de
588 4566 691 4630 Republ.
706 4569 754 4618 Vll
768 4582 823 4633 pag.
840 4574 883 4621 ttt
898 4584 953 4638 sqq.

168 4633 283 4684 Plotinus
297 4633 404 4685 Enueed.
424 4633 466 4685 lib.
481 4637 527 4700 tp.
542 4640 580 4686 10.
595 4639 622 4686 F.
640 4637 678 4701 (p.
692 4641 722 4688 11
735 4636 774 4688 ed.
795 4640 955 4705 crearenld

168 4705 192 4752 δὲ
205 4703 330 4764 φιλόσοφος
343 4705 386 4763 τὴν
400 4703 469 4766 φύσιν
482 4706 575 4767 ἕτοιμος
590 4707 658 4764 οὗτος
669 4709 709 4756 καί
720 4707 770 4757 olor
780 4709 954 4779 ἐπτερωμένος,

168 4776 209 4823 καλ
224 4775 253 4824 οὒ
267 4774 375 4836 δεόμενος
398 4779 550 4840 χωρίζεσθαι,
572 4779 653 4844 ὥσπερ
667 4783 689 4829 σί
708 4781 774 4830 όλλοι
788 4782 870 4846 οῦτοι,
887 4801 952 4836 κεκι-

169 4847 266 4908 νημένοι
278 4849 336 4912 πρὸς
349 4848 376 4897 εδ
386 4848 445 4898 ἀνω.
466 4849 568 4914 ’.λπορῶν
580 4853 605 4902 δέ
618 4857 661 4902 τοῦ
675 4853 806 4911 δεικνύντος
818 4856 892 4906 δεῖται
907 4858 951 4920 μό·

169 4933 216 4966 νον.
232 4919 341 4969 Δεικτέον
352 4918 394 4969 σύν
411 4921 451 4969 καί
459 4921 541 4971 λυτέον
554 4923 695 4985 βουλόμενον
707 4926 748 4974 καί
760 4927 831 4976 αὐτὸν
841 4933 869 4991 τῇ
884 4929 954 4994 φύσει

168 4991 209 5040 καὶ
220 4991 294 5042 πύλαι
304 4993 436 5054 λελυμένον.
447 4994 482 5044 Τά
494 4993 535 5054 pto
552 4994 580 5053 δν)
594 4997 720 5059 μαθήματα
730 4997 809 5047 δοτέον
820 5000 878 5062 πρὸς
889 5019 955 5052 συνι-

170 5063 257 5122 θισμδν
276 5063 441 5120 κατανοήσιως
460 5067 499 5112 καί
520 5065 621 5123 πίστεως
640 5065 778 5130 ἀσωμάτου.
790 5071 837 5120 Καὶ
851 5072 895 5135 γὰρ
909 5073 953 5139 (δᾲ-

169 5130 221 5180 διον
236 5130 299 5194 (leg.
310 5133 404 5196 ῥαδίως)
421 5137 524 5199 δέξεται,
538 5139 667 5202 φιλομαθὴς
678 5138 727 5203 ὧν,
738 5141 778 5190 καί
795 5142 863 5205 φύσει
872 5145 951 5208 ἐνάρε-

170 5217 210 5250 τον
222 5203 249 5250 τὸ
264 5203 320 5262 πρδς
338 5205 456 5254 τελείωσιν
472 5207 560 5268 ἀρετῶν
577 5209 668 5259 ἀκτέον.
689 5211 735 5260 Καὶ
755 5211 813 5274 μετὰ
827 5214 858 5263 τά
878 5217 953 5276 μαθή·

172 5287 235 5331 ματα
250 5272 333 5334 λόγους
359 5277 520 5333 διαλεκτικοὺς
544 5281 641 5342 δοτέον,
665 5282 704 5330 καλ
728 5283 787 5340 ὅλως
808 5286 953 5338 διαλεκτικόν

995 2578 1078 2636 οίόςτε
1091 2579 1112 2628 ὦ
1124 2579 1198 2640 λέγειν
1210 2592 1236 2626 τε
1246 2579 1287 2628 καλ
1296 2583 1386 2642 φρονεῖν
1395 2577 1446 2626 κτλ.
1460 2575 1500 2627 ld.
1517 2575 1627 2641 sophist.
1640 2593 1663 2642 p.
1680 2585 1734 2631 253.
1749 2585 1780 2632 D.

995 2655 1023 2703 τδ
1035 2651 1097 2702 κατὰ
1109 2649 1165 2713 γένη
1177 2649 1316 2712 διαιρεῖσθαι
1328 2649 1368 2698 καὶ
1385 2649 1444 2710 μήτε
1460 2649 1545 2698 ταύτόν
1558 2648 1618 2706 είδος
1630 2649 1708 2714 ἐτερον
1720 2655 1780 2716 ἡγή-

996 2723 1099 2784 σασθαι,
1114 2720 1173 2784 μήτε
1187 2719 1265 2784 ίτερσν
1289 2721 1315 2770 δν
1335 2721 1439 2779 ταῦτάν,
1454 2725 1505 2781 μῶν
1527 2721 1556 2768 οῦ
1576 2726 1616 2780 τῆς
1638 2723 1782 2786 διαλεκτικῆς

996 2795 1101 2857 φήσομεν
1114 2793 1244 2853 ἐπιστήμης
1256 2793 1332 2852 είναις
1345 2789 1479 2854 Dionysius
1497 2790 1718 2846 flehcarnassensis
1728 2801 1782 2849 Art.

996 2864 1088 2916 rhetor.
1102 2867 1143 2924 xl,
1157 2867 1171 2914 7
1183 2863 1243 2914 Vol.
1256 2866 1345 2928 Ἶρος.
1357 2865 1405 2912 tot
1420 2863 1458 2912 ed.
1480 2862 1560 2912 Reisk.
1573 2865 1589 2922 η
1604 2865 1647 2928 γὰρ
1660 2867 1730 2930 τέχνη
1742 2875 1783 2928 τῆς

996 2937 1145 2999 διαιρέσεως,
1157 2935 1188 2990 ὥς
1199 2950 1268 2996 φησιν
1282 2934 1295 2982 ό
1312 2932 1426 2996 Πλάτων,
1441 2932 1564 2996 διαιρέσεις
1577 2935 1619 2983 καὶ
1631 2939 1781 3001 συναγωγαί,

996 3009 1065 3064 δεῖξαι
1078 3007 1107 3056 τά
1119 3005 1168 3064 είδη
1184 3003 1249 3055 πόσα
1264 3005 1315 3054 ἐστὶ
1333 3006 1373 3055 καλ
1388 3004 1464 3060 πόσας
1481 3005 1531 3067 ίχει
1545 3004 1635 3068 τομάς,
1650 3009 1691 3058 καὶ
1704 3011 1782 3062 πάντα

998 3082 1137 3141 συναγαγεῖν
1149 3078 1181 3134 είς
1193 3076 1277 3126 ταύτό.
1290 3077 1367 3126 Τοῦτο
1378 3076 1423 3140 γάρ
1441 3075 1493 3125 ἐστι
1505 3075 1638 3138 διαιρέσεως
1651 3079 1746 3142 τέχνης,
1759 3084 1782 3134 ἓν

996 3148 1085 3211 πολλά,
1108 3147 1185 3198 πολλὰ
1204 3147 1236 3196 έν.
1261 3145 1400 3197 Alexander
1424 3145 1623 3213 Aphrodisiensis
1640 3151 1738 3215 Poiegg.
1758 3153 1784 3204 in

997 3219 1099 3270 aristot.
1122 3219 1175 3282 top.
1189 3229 1246 3282 pag.
1270 3221 1285 3268 ³
1307 3216 1356 3282 [ci.
1379 3217 1470 3269 scholi.
1495 3217 1572 3268 Arist.
1595 3233 1652 3283 pag.
1674 3227 1717 3272 101
1742 3225 1782 3277 ed.

997 3287 1123 3355 litandis]
1142 3288 1183 3348 mlv
1198 3288 1241 3352 μίν
1254 3287 1364 3353 πρόθεσιν
1376 3291 1419 3350 τὴν
1431 3289 1494 3340 κατά
1509 3290 1552 3348 τὴν
1561 3292 1660 3350 τοπικὴν
1673 3310 1783 3358 πραγμα-

996 3361 1074 3422 τιίαν,
1087 3360 1127 3410 καί
1141 3360 1198 3424 πρός
1207 3358 1276 3409 πόσα
1285 3377 1311 3409 τε
1321 3361 1361 3410 καί
1371 3362 1423 3410 τίνα
1434 3360 1549 3425 χρήσιμός
1561 3361 1612 3410 ἐστι
1621 3367 1655 3425 τῷ
1664 3366 1783 3431 φιλοσόφῳ

997 3433 1039 3492 ηδε
1050 3435 1065 3491 ἡ
1078 3431 1187 3494 μέθοδος,
1198 3431 1239 3480 καί
1250 3431 1273 3480 τί
1285 3431 1313 3480 sd
1330 3432 1394 3490 τέλος
1405 3432 1492 3492 αὐτῆς,
1513 3431 1583 3488 αὐτὸς
1602 3434 1678 3496 λέγει,
1700 3437 1728 3486 ιδ
1742 3440 1784 3500 μὲν

997 3503 1125 3569 ἀρχόμενος
1145 3501 1210 3558 εὐθὺς
1223 3502 1251 3552 ιθ
1264 3502 1290 3552 δέ
1307 3501 1386 3562 δλίγον
1408 3503 1540 3566 προελθών,
1560 3502 1591 3552 δι’
1610 3503 1644 3554 ὧν
1666 3507 1783 3573 γνώριμον

997 3579 1099 3625 ποιεῖται
1126 3571 1162 3622 ότι
1187 3573 1228 3622 καὶ
1247 3578 1297 3631 τοῖς
1326 3578 1510 3638 προηγουμένως
1538 3575 1705 3639 φιλοσοφοῦσιν
1731 3579 1783 3637 άξία

998 3645 1102 3703 σπουδῆς
1117 3645 1133 3700 ἡ
1146 3643 1280 3704 διαλεκτικὴ
1296 3645 1353 3708 πρδς
1365 3645 1408 3703 τὴν
1427 3645 1516 3708 εύρεσιν
1532 3649 1572 3703 τῆς
1590 3645 1697 3704 ἀληθείας
1713 3651 1783 3710 αὐτῆς

998 3716 1157 3778 συντελοῦσα,
1168 3714 1182 3765 δ
1193 3715 1258 3772 τέλος
1270 3716 1320 3766 ἐστὶ
1339 3721 1381 3775 τῆς
1400 3716 1527 3780 φιλοσόφον
1544 3717 1650 3780 θεωρίας.
1668 3720 1783 3782 'lipom

998 3791 1075 3845 καλῶς
1089 3787 1138 3850 ἔχει
1148 3787 1277 3849 προειδέναι
1292 3787 1328 3836 δτι
1346 3789 1373 3838 td
1384 3794 1425 3848 τῆς
1435 3788 1579 3846 διαλεκτικῆς
1593 3787 1670 3850 όνομα
1681 3789 1726 3840 οὐκ
1744 3793 1784 3844 cst

998 3859 1082 3908 ταύτδν
1092 3857 1263 3921 σημαινόμενον
1279 3858 1365 3914 πάντες
1383 3861 1405 3908 ol
1422 3857 1543 3922 φιλόσοφοι
1556 3859 1679 3924 φέρουσιν,
1697 3860 1746 3912 ἀλλ’
1761 3867 1784 3915 σί

999 3933 1104 3996 pindari
1124 3939 1165 3990 τῆς
1182 3935 1255 3990 Σποᾶς
1273 3931 1399 3995 ὁριζόμενοι
1420 3935 1462 3992 τὴν
1479 3933 1627 3994 διαλεκτικὴν
1649 3935 1781 4003 ἐπιστήμης

998 4009 1082 4063 τοῦτό
1102 4010 1177 4071 λέγειν
1191 4008 1322 4072 δρίζονται,
1338 4007 1367 4058 τδ
1388 4008 1413 4057 δὲ
1431 4007 1457 4058 sb
1470 4009 1544 4072 λέγειν
1558 4010 1583 4060 έν
1600 4014 1635 4072 τῷ
1651 4011 1725 4074 ἀληθῆ
1744 4020 1784 4068 καὶ

998 4086 1150 4152 προσήκοντα
1162 4083 1237 4143 λέγειν
1256 4081 1316 4132 εἶναι
1328 4083 1456 4147 τιθέμενοι,
1473 4089 1543 4135 τοῦτο
1554 4087 1579 4136 δέ
1588 4085 1648 4135 ίδιον
1660 4089 1784 4154 ἡγούμενος

1001 4167 1045 4212 τοῦ
1058 4160 1186 4225 φιλοσόφου
1208 4158 1271 4208 κατά
1288 4164 1330 4217 τῆς
1358 4159 1499 4219 τελεωτάτης
1522 4162 1657 4226 φιλοσοφίας
1678 4165 1785 4228 φέρουσιν

998 4237 1071 4299 αὐτό,
1088 4237 1128 4284 καλ
1150 4237 1189 4284 διὰ
1205 4238 1275 4284 τοῦτο
1290 4235 1359 4298 μόνος
1374 4235 1522 4300 όφιλόσοφος
1536 4237 1590 4287 κατ’
1607 4239 1692 4298 αὐτοὺς
1705 4244 1783 4296 διαλε.

999 4312 1087 4368 κτικός.
1102 4308 1203 4360 Πλάτων
1211 4307 1236 4358 δέ
1243 4311 1286 4369 τήν
1296 4311 1437 4372 διαιρετικὴν
1448 4313 1545 4375 μέθοδον
1554 4313 1659 4372 έξυμνιδν
1666 4319 1708 4368 καὶ
1717 4321 1783 4384 θριγ-

999 4388 1041 4438 κθν
1055 4387 1126 4444 αῦιην
1144 4384 1279 4447 φιλοσοφίας
1299 4385 1384 4449 λέγων,
1398 4388 1484 4447 ταύτης
1496 4389 1521 4439 δὲ
1534 4391 1627 4453 θέμενος
1643 4391 1710 4456 ίργον
1724 4399 1783 4452 εἶναι

998 4465 1026 4514 τὸ
1040 4463 1151 4513 δύνασθαι
1162 4461 1190 4510 τό
1205 4477 1231 4510 τε
1244 4461 1269 4511 δν
1280 4461 1356 4512 πολλὰ
1366 4467 1442 4514 ποιεῖν
1451 4464 1492 4522 καί
1507 4465 1538 4514 τά
1551 4458 1628 4519 πολλά
1639 4471 1671 4526 είς
1681 4471 1706 4520 δν
1715 4475 1785 4524 συνά-

999 4553 1062 4598 γειν,
1075 4537 1133 4601 δπερ
1144 4535 1173 4584 ἀν
1186 4535 1223 4594 είη
1235 4535 1291 4586 ίσον
1302 4541 1337 4600 τῷ
1349 4537 1381 4587 τά
1393 4541 1450 4601 γένη
1459 4539 1572 4590 δύνασθαι
1582 4543 1678 4608 διαιρεῖν
1689 4547 1721 4604 είς
1734 4549 1783 4608 είδη

998 4613 1039 4662 καί
1050 4615 1083 4669 είς
1094 4612 1124 4662 τά
1136 4611 1183 4662 nrt
1193 4615 1268 4662 ταῦτα
1285 4612 1325 4660 καί
1338 4613 1407 4663 πάλιν
1424 4615 1454 4664 τά
1470 4615 1549 4678 ἄτομα
1565 4621 1694 4670 συντιθέναι
1704 4637 1730 4670 τε
1744 4624 1784 4672 καί

997 4689 1031 4743 είς
1044 4687 1068 4736 ἓν
1081 4689 1147 4748 γένος
1161 4685 1255 4748 ἀνάγειν
1273 4701 1299 4737 τε
1318 4689 1359 4736 καί
1380 4693 1627 4758 συγκεφαλαιοῦσθαι,
1652 4697 1693 4756 τὴν
1711 4697 1784 4756 αὐτὴν

997 4763 1083 4822 ταύτην
1096 4765 1136 4813 καὶ
1155 4763 1301 4822 διαλεκτικὴν
1313 4765 1391 4816 καλεῖ.
1408 4765 1445 4815 10.
1469 4764 1620 4831 Pltiloponus
1634 4769 1666 4820 nd
1680 4769 1781 4821 Aristol.

998 4839 1104 4902 Δοοίγίί.
1121 4838 1299 4904 post11,5tot.
1312 4841 1389 4892 tab.
1403 4839 1442 4905 [iu
1455 4841 1546 4894 schotl.
1565 4844 1642 4896 Arist.
1657 4857 1712 4910 pag.
1727 4851 1782 4898 tta.

1000 4928 1026 4965 a.
1040 4914 1080 4966 ed.
1093 4912 1205 4978 Brendis]
1216 4916 1239 4964 οί
1249 4917 1303 4980 περὶ
1315 4917 1435 4968 Πλάτωνα
1451 4917 1578 4980 ἐπειρῶντο
1592 4921 1632 4970 διὰ
1642 4925 1683 4979 τῆς
1697 4921 1783 4985 διαιρε·

998 4997 1063 5052 τικῆς
1077 4992 1175 5056 μεθόδου
1190 4991 1366 5053 συλλογίζεσθαι
1385 4996 1425 5046 καλ
1441 4993 1602 5046 ἀποδεικνύειν
1615 4996 1668 5046 τόδε
1682 4997 1783 5060 ὁρισμόν

997 5069 1056 5119 εἶναι
1068 5069 1151 5130 τοῦδε,
1163 5069 1270 5129 λέγοντες
1280 5071 1313 5126 abt
1326 5070 1347 5119 tl
1362 5071 1484 5134 θδρισμθς
1498 5073 1527 5120 ἐκ
1543 5071 1623 5132 γένους
1635 5073 1675 5121 καέ
1691 5089 1783 5123 συστα-

996 5149 1068 5196 τικῶν
1080 5145 1196 5208 διαφορῶν
1205 5143 1341 5205 σύγκειται,
1355 5145 1473 5210 ἐδείξαμεν
1491 5147 1529 5194 διὰ
1542 5152 1581 5205 τῆς
1592 5149 1731 5210 διαιρετικῆς
1742 5151 1782 5198 καί

995 5218 1023 5268 εδ
1038 5222 1097 5280 ζῷον
1112 5219 1224 5282 ὑπάρχειν
1238 5223 1273 5281 τῷ
1291 5218 1421 5283 ἀνθρώπῳ,
1444 5223 1548 5279 ἑκάστην
1565 5225 1695 5289 διαφοράν,
1709 5221 1781 5284 ἤγουν

996 5293 1023 5340 sd
1038 5295 1106 5348 πεζὸν
1120 5293 1197 5342 καὶτὸ
1211 5291 1295 5342 δίπουν
1306 5293 1404 5356 δρισμδν
1415 5294 1474 5346 εἶναι
1493 5302 1535 5348 τοῦ
1544 5298 1674 5362 ἀνθρώπου.
1688 5315 1720 5330 -·
