3976 5948
260 441 319 502 γης
405 417 408 424 ·
905 431 956 494 oe
977 428 1228 492 reuocante.

259 591 278 629 e
289 569 389 629 verbis
403 567 471 644 μετὰ
489 571 565 626 τοῦτο
581 565 739 628 alibrario
753 564 800 624 bis
815 563 943 643 scriptis.
955 563 1041 634 Quod
1129 563 1176 639 (ει)
1191 559 1252 639 περὶ
1263 557 1378 620 πλούτου
1393 555 1431 618 α’.

261 658 407 733 reliquom
418 667 479 728 est,
491 653 566 712 bene
581 653 722 714 meruisse
736 652 927 712 Xenocratem
939 652 975 712 de
988 651 1042 710 bac
1125 650 1178 734 ,(ιι)
1192 649 1252 730 περὶ
1269 649 1362 720 ἡδονῆς
1373 647 1398 706 α’
1415 643 1451 725 β’.

261 744 456 824 philosophiae
469 755 565 819 parte,
576 743 703 803 ostendit
715 743 818 801 Cicero
832 741 919 802 Acad.
933 740 987 800 lib.
1000 739 1040 812 11,
1129 737 1181 818 (ιο)
1199 737 1258 816 περὶ
1274 739 1370 816 ἀρετῆς
1387 733 1412 794 α’
1431 734 1468 814 β’,
1484 737 1520 792 de
1533 741 1640 792 untnte
1655 730 1727 790 libri
1744 732 1814 790 duo.

261 853 324 912 cap.
344 835 391 901 46.
408 832 457 892 Sic
471 845 565 890 autem
582 831 717 908 judicat:
736 857 748 883 ι
764 833 819 890 Ubi
831 837 906 890 enirn
921 828 1042 908 (butio
1128 825 1283 897 Quomodo
1301 825 1376 884 banc
1398 825 1546 884 materiam
1563 821 1732 908 tractaverit
1750 820 1881 880 Chalos-

261 918 352 998 ebus)
369 935 419 978 unt
440 924 630 978 Xenocratem
647 926 781 994 seqnitur,
795 925 874 990 qu'ru
894 919 959 974 iibri
979 929 1044 974 sunt
1093 915 1199 975 donius
1213 914 1365 995 sapientia
1385 912 1500 986 doctor,
1517 911 1645 972 declarat
1661 911 1763 970 Cicero
1782 909 1880 972 Tusc.

259 1013 411 1068 cieratione
427 1012 557 1086 loquendi
568 1012 648 1066 inulti
655 1053 665 1080 ‚
677 1021 706 1066 et
718 1011 834 1066 muitum
842 1009 983 1084 probati?
994 1019 1043 1062 ent
1090 1006 1171 1084 Disp.
1189 1004 1242 1066 lib.
1257 1003 1293 1076 V,
1310 1023 1374 1084 cap.
1391 1005 1428 1064 ιθ
1445 1022 1453 1064 :
1469 1002 1549 1074 Quid
1562 1019 1635 1079 ergo
1648 1015 1697 1060 aut
1711 1001 1789 1060 bunc
1803 1022 1881 1081 pro·

261 1105 349 1173 ipsum
361 1103 536 1157 Aristotelem
551 1111 639 1156 etc.»
1089 1093 1186 1171 hibet,
1209 1093 1366 1154 autetiam
1391 1090 1585 1154 Xenocratem
1608 1080 1708 1164 illum,
1733 1092 1883 1168 gravissi-

304 1187 352 1266 (σι)
366 1187 426 1268 περὶ
440 1192 485 1246 τοῦ
500 1186 609 1266 γράφειν
626 1184 661 1245 α’.
1090 1201 1168 1241 mum
1191 1181 1451 1262 philosophomm,
1477 1193 1700 1258 exaggerantem
1725 1193 1883 1259 tantopere

302 1277 352 1352 (σε)
367 1275 429 1356 περὶ
441 1275 535 1354 τίχνης
550 1273 584 1331 α’.
1089 1270 1244 1344 virtutem,
1257 1283 1458 1330 extenuantem
1469 1283 1572 1330 caetera
1583 1283 1612 1328 et
1623 1268 1829 1348 abjicientem,
1844 1271 1878 1328 in

302 1361 350 1444 (as)
361 1363 421 1444 napi
433 1362 581 1439 ίπιστήμης
594 1359 630 1422 α’.
643 1366 679 1420 de
692 1368 811 1420 seientia
824 1361 900 1422 liber
915 1380 1000 1422 unus.
1090 1358 1198 1418 virtute
1211 1378 1270 1418 non
1284 1358 1399 1419 beatam
1414 1358 1503 1418 modo
1515 1359 1623 1434 vitam,
1639 1359 1690 1418 sed
1705 1360 1792 1418 etiam
1808 1357 1878 1418 bea·

303 1453 350 1532 (at)
376 1451 438 1532 περί
471 1447 684 1528 ἐπιστημοσύνης
709 1448 745 1508 α’.
774 1453 810 1508 de
838 1456 940 1526 peritia
967 1449 1043 1507 liber
1090 1444 1232 1505 tissimum
1249 1449 1379 1526 ponere?
1394 1447 1474 1526 quod
1491 1447 1610 1524 quidem
1634 1446 1691 1507 nisi
1715 1448 1767 1526 fit,
1784 1448 1882 1506 uirtu-

261 1557 347 1598 unus.
1090 1547 1150 1593 tum
1165 1534 1302 1595 interim
1318 1549 1525 1614 consequetur.

303 1628 350 1706 (aa)
370 1625 443 1693 λύσις
457 1631 508 1686 τῶν
523 1625 584 1706 περὶ
597 1622 657 1693 robe
670 1623 762 1702 λόγους
777 1623 823 1702 ια’,
1128 1621 1175 1704 (17)
1189 1621 1250 1702 περὶ
1265 1623 1431 1696 δικαιοσύνης
1444 1623 1480 1686 α’.

340 1718 447 1774 Salutio
466 1720 648 1790 quaestionum
663 1717 704 1770 ad
719 1717 827 1772 litteras
845 1699 1043 1789 pdrtt'nentinm
1130 1711 1179 1793 (ts)
1195 1712 1357 1794 Ἀρχέδημος
1377 1711 1395 1785 ἢ
1413 1711 1475 1791 περί
1495 1711 1663 1784 δικαιοσύνης
1676 1710 1714 1774 α’.

343 1803 479 1862 undecim
492 1801 579 1862 libris
596 1801 814 1880 comprehensa.
1129 1800 1176 1882 (ta)
1191 1803 1252 1884 περί
1272 1802 1412 1871 ίπιτικείας
1436 1802 1482 1876 α’,
1504 1805 1540 1860 rie
1560 1809 1696 1879 aequitate
1709 1799 1784 1860 liber
1801 1821 1891 1866 unus.

303 1890 468 1966 legendum
484 1891 563 1948 enim
575 1887 620 1962 ια’,
635 1909 713 1962 non,
727 1903 760 1947 ιιι
771 1890 860 1964 vulgo
871 1890 919 1961 lit,
933 1886 958 1946 α’
973 1888 999 1950 ι’.
1131 1891 1179 1970 (συ)
1196 1891 1257 1970 περί
1271 1892 1391 1972 ἀνδρείας
1406 1891 1430 1952 α’
1440 1935 1449 1966 ,
1461 1895 1498 1950 de
1505 1891 1679 1966 fortitudine
1693 1890 1770 1950 liber
1787 1912 1880 1953 trous.

303 1978 351 2056 (ss)
367 1979 454 2044 λύσεις
468 1976 495 2035 α’
510 1975 545 2057 β’,
559 1980 733 2036 Solutionnm
747 1977 819 2036 libri
833 1979 901 2038 duo.
1129 1978 1177 2060 (st)
1192 1978 1251 2061 περί
1266 1977 1415 2060 φρονήσεως
1426 1977 1451 2038 α’
1465 1977 1502 2059 β’,
1513 1983 1550 2036 de
1559 1983 1713 2056 prudentia
1723 1979 1794 2039 libri
1805 1981 1878 2042 duo.

303 2068 351 2142 (or)
370 2064 507 2146 διαιρέσεις
517 2064 556 2137 η’,
571 2071 739 2124 Divisionum
754 2065 826 2124 libri
840 2079 915 2126 octo.
1128 2067 1204 2127 Citat
1217 2067 1274 2126 boc
1291 2087 1366 2146 opus
1382 2067 1517 2126 Clemens
1534 2067 1751 2128 Alexandrinus
1766 2067 1880 2131 Strom.

303 2155 350 2232 (aa)
367 2152 462 2215 θύσειαν
476 2153 566 2233 βιύλία
578 2151 840 2232 μγῬσομυσίιοναιιι
852 2154 922 2214 libri
935 2153 1041 2217 libili.
1090 2155 1144 2216 lib.
1163 2155 1201 2230 ll,
1219 2176 1286 2235 pag.
1304 2157 1361 2234 369
1375 2154 1432 2215 ἐπεὶ
1455 2156 1501 2215 κοιλ
1521 2156 1692 2238 Ξενοκράτης
1707 2161 1733 2218 ἐν
1756 2160 1796 2240 τῷ
1817 2160 1882 2239 περὶ

301 2241 413 2322 Scripsi
427 2243 492 2320 μγ’,
507 2263 597 2321 quum
609 2243 700 2320 vulgo
712 2243 849 2302 mendose
858 2243 1002 2321 legeretur
1015 2243 1043 2302 κ’
1089 2243 1238 2324 φρονήσεως
1266 2243 1315 2316 νην
1337 2245 1430 2324 σοφίαν
1452 2245 1606 2324 ἐπιστήμην
1621 2251 1674 2308 τῶν
1699 2247 1813 2328 πρώτων
1830 2252 1879 2308 al·

263 2331 291 2406 μ’
306 2331 339 2409 γ’.
1088 2333 1150 2393 τίων
1166 2332 1212 2392 καί
1230 2337 1279 2406 τῆς
1290 2337 1387 2406 νοητῆς
1401 2331 1493 2402 ούσίας
1507 2324 1575 2399 εἶναί
1591 2358 1670 2417 φησι·
1685 2336 1733 2411 τὴν
1750 2336 1882 2418 φρόνησιν

302 2418 444 2479 Caeterum
466 2419 562 2476 θέσεων
588 2419 662 2478 verti
681 2425 889 2496 propositorum
912 2420 1042 2480 imitatus
1088 2422 1234 2502 ἡγούμενος
1246 2423 1351 2494 δισσήν·
1368 2422 1415 2496 τὴν
1433 2422 1481 2502 μίν
1497 2426 1662 2504 πρακτικήν·
1674 2426 1722 2500 τὴν
1735 2424 1762 2487 dl
1778 2432 1881 2508 θεωρη-

261 2505 431 2567 Cirteronem
443 2503 548 2583 Topic.
572 2525 637 2584 cap.
653 2526 701 2566 ar.
1088 2511 1164 2586 τικήν
1175 2535 1182 2550 ·
1194 2514 1226 2586 ἣν
1244 2511 1277 2586 δὴ
1291 2511 1385 2594 σοφίαν
1400 2511 1529 2592 ύπόφχιιν
1551 2513 1732 2595 ἀνθρωπίνην·
1749 2514 1847 2598 διόπερ
1862 2521 1879 2592 ἡ

301 2595 350 2676 (σν)
363 2593 426 2675 περὶ
450 2592 617 2671 μαθημάτων
637 2596 689 2650 τῶν
709 2593 770 2672 περί
784 2592 831 2664 τλν
845 2593 913 2664 λε’ξιν
931 2597 1041 2674 λογικῶν
1089 2598 1136 2676 μὲν
1151 2601 1230 2682 σοφία
1245 2601 1382 2682 φρόνησις·
1401 2602 1430 2662 οὐ
1445 2600 1499 2676 μὴν
1515 2610 1589 2662 πᾶσα
1604 2603 1729 2686 φρόνησις
1744 2605 1838 2686 σοφία.

262 2682 352 2764 βιόλία
364 2680 405 2758 θ’,
1130 2687 1258 2768 (11)τιερί
1281 2689 1450 2770 σωφροσύνης
1471 2689 1509 2766 σι’,
1525 2695 1561 2750 de
1589 2703 1780 2771 temperantia
1800 2695 1881 2760 liber

338 2772 375 2828 dc
388 2773 543 2846 disciplinis
560 2767 764 2838 rationalibus,
779 2790 842 2844 qna
855 2777 931 2828 circa
943 2776 1042 2830 dictio·
1088 2797 1174 2840 unus,

340 2879 403 2915 ΗΘΜ
412 2857 772 2917 versanwrlibrifflieffl·
1127 2868 1179 2945 (st)
1206 2867 1268 2948 περὶ
1296 2867 1451 2950 ἐγκρατείας
1478 2868 1514 2943 α’,
1539 2874 1577 2928 de
1600 2880 1774 2934 continentia
1798 2876 1878 2938 liber

301 2943 346 3024 (to)
362 2950 413 3004 τῶν
428 2947 487 3026 περὶ
501 2951 535 3006 τδι
548 2944 696 3024 μαθήματα
710 2943 801 3022 βιόλία
815 2945 854 3024 ς’,
870 2968 963 3006 eorum
977 2971 1042 3028 qua
1086 2975 1173 3017 unus,

259 3039 338 3090 circa
352 3037 517 3113 disciplinas
533 3047 684 3095 versantur
697 3033 767 3092 libri
782 3053 840 3094 sex.
1129 3043 1182 3126 (ης)
1205 3045 1245 3106 8ης
1269 3045 1407 3127 ‚repetant
1431 3050 1449 3119 ἡ
1465 3045 1546 3126 dotti
1571 3047 1597 3106 α’
1605 3093 1613 3124 γ
1638 3058 1772 3112 „prmum
1797 3060 1877 3113 φραγ,-

383 3205 429 3268 tv.
452 3206 566 3286 Scripta
592 3209 717 3267 moralia
737 3221 766 3268 et
786 3210 918 3288 politica.
1084 3133 1256 3304 Ρωγζῐγᾞ
1269 3156 1362 3302 ’σᾚγίς
1376 3223 1413 3298 d,
1430 3227 1467 3281 de
1478 3232 1622 3302 sapientia
1641 3226 1712 3287 libri
1728 3249 1791 3291 sex·

1127 3311 1175 3391 lto)
1191 3311 1252 3392 περί
1264 3311 1351 3394 φιλίας
1366 3313 1391 3372 α’
1409 3311 1445 3392 β’,
1459 3317 1496 3370 de
1512 3321 1639 3373 amicitia
1653 3315 1725 3376 libri
1739 3317 1811 3380 duo.

303 3380 349 3461 (⁴¹)
371 3380 430 3458 napi
445 3381 609 3458 stennone<
630 3385 654 3442 α’
673 3385 716 3464 β’,
742 3391 779 3445 de
793 3387 943 3460 fellvliaie
969 3390 1039 3451 libri
1127 3399 1175 3479 (ot)
1192 3398 1253 3479 πεφλ
1267 3399 1402 3472 ὁσιότητος
1418 3397 1454 3474 α’,
1471 3404 1508 3460 de
1521 3412 1674 3462 sanctitate
1688 3403 1764 3466 liber
1783 3427 1872 3470 unus.

260 3468 329 3530 duo.
1126 3485 1175 3566 (ss)
1190 3486 1252 3566 περὶ
1264 3487 1385 3566 ὁμονοίας
1396 3488 1437 3556 α’,
1453 3492 1490 3546 de
1503 3495 1654 3549 concordia
1670 3491 1748 3552 liber
1762 3515 1852 3558 unus.

299 3554 431 3616 Fortasse
448 3555 504 3614 buc
523 3557 709 3619 referendum
731 3574 774 3620 est
795 3563 874 3622 Sexti
897 3563 1040 3644 Empirioi
1126 3577 1173 3654 (ιο)
1190 3574 1251 3658 περὶ
1276 3581 1321 3635 τοῦ
1350 3575 1460 3658 ψεύδους
1485 3577 1529 3650 α’,
1557 3583 1593 3637 de
1618 3585 1766 3642 mendacio
1795 3584 1873 3644 liber

259 3641 453 3702 testimonium
478 3643 545 3706 adv.
569 3646 661 3708 matb.
687 3646 807 3720 111,3-ι
832 3651 926 3720 πάντες
947 3653 995 3730 μὲν
1015 3655 1040 3716 ol
1086 3684 1172 3726 unus.

259 3729 327 3790 κατὰ
349 3728 444 3810 τρόπον
470 3739 617 3812 στοιχειοῦν
646 3737 783 3806 δοκοῦντες
802 3739 855 3796 τῶν
874 3739 1038 3822 φιλοσόφων,
1126 3752 1173 3830 (συ)
1191 3754 1319 3831 Στοιχεῖα
1339 3753 1402 3834 πρδς
1417 3753 1587 3835 Ἀλέξανδρον
1601 3756 1663 3837 περὶ
1681 3757 1818 3838 βασιλείας
1836 3763 1871 3824 δ’.

257 3820 302 3879 καὶ
316 3817 511 3900 ἐπιφανέστατα
523 3822 598 3901 παρὰ
612 3821 712 3891 πάντας
723 3823 750 3884 ol
760 3847 788 3884 τι
801 3825 854 3884 int
865 3831 911 3899 τῆς
926 3829 1039 3910 ἀρχαίας
1125 3844 1271 3899 Elementa
1283 3845 1319 3900 de
1332 3863 1420 3918 regno
1428 3847 1470 3902 ad
1478 3847 1675 3904 Alexandrum
1690 3862 1817 3926 quatuor
1835 3851 1872 3912 li.

258 3903 424 3985 ἁκαδημίας,
450 3907 495 3968 καλ
517 3911 541 3968 ol
567 3911 968 3994 antecantamenta&
990 3923 1039 3994 τῆς
1084 3924 1147 3986 bris
1163 3927 1379 4006 comprehensa.

259 4005 351 4068 στοᾶς,
367 3993 473 4102 εἰώθασι
488 3997 663 4078 διαιρούμενοι
676 3999 762 4078 λίγειν
782 4005 834 4062 τῶν
846 4002 972 4065 inueni
988 4007 1037 4083 μίν
1124 4014 1173 4094 (σι)
1187 4015 1247 4096 περὶ
1262 4018 1394 4086 πολιτείας
1408 4019 1450 4096 α’,
1466 4023 1502 4078 de
1516 4026 1661 4098 republica
1676 4023 1752 4084 liber
1774 4047 1866 4088 unus.

258 4067 328 4136 εἶναι
339 4079 426 4188 ἀγριθα
436 4125 444 4154 ,
456 4083 490 4140 τὰ
501 4085 529 4143 δὲ
541 4088 630 4166 κακά,
644 4084 677 4146 τύ
690 4087 717 4148 di
732 4087 829 4166 μεταξύ
839 4091 938 4153 τούτων
944 4138 954 4172 ,
968 4091 1037 4176 ἅπερ
1125 4103 1172 4184 (σε)
1186 4105 1359 4183 Οἰκονομικὸς
1370 4105 1406 4184 α’,
1424 4111 1625 4168 oeconomicus
1638 4125 1724 4172 unus.

258 4161 304 4220 nul
319 4164 448 4246 θδιαφορα
470 4167 606 4245 λέγουσιν·
622 4174 761 4255 ίδιαίτερον
777 4174 804 4234 δὲ
825 4178 898 4258 παρὰ
914 4181 975 4250 τοδς
988 4183 1037 4242 ίίλ-
1124 4187 1169 4269 (σσ)
1184 4190 1322 4258 Πολιτικδς
1339 4191 1382 4267 α’,
1397 4197 1538 4253 Politicus
1554 4195 1630 4256 liber
1648 4218 1732 4258 unus.

260 4251 321 4318 λους
339 4253 533 4353 θΞενοκρύρης
548 4259 593 4318 καί
613 4264 671 4329 ταῖς
685 4263 780 4331 ἐνικαῒς
795 4266 912 4327 πτώσεσι
930 4271 1035 4349 χρύμε·
1124 4277 1170 4356 (οι)
1185 4275 1247 4359 περὶ
1265 4277 1401 4358 δυνάμεως
1425 4281 1506 4360 νόμου
1526 4281 1569 4361 α’,
1590 4290 1627 4344 dc
1646 4294 1677 4344 ui
1700 4291 1772 4368 legis
1793 4289 1872 4350 liber

257 4359 299 4406 νος
319 4337 434 4420 ἔφασκε·
448 4368 463 4397 τ
485 4352 538 4403 πᾶν
558 4345 587 4404 τδ
602 4347 631 4408 δν
653 4347 671 4421 ἢ
695 4352 791 4429 ἀγαθόν
814 4357 899 4432 ἐστιν,
920 4355 937 4428 θ,
955 4360 1035 4420 κακόν
1082 4385 1168 4428 unus.

255 4427 342 4531 ἐστιν,
355 4427 372 4502 ἥ
384 4427 442 4488 ούτε
452 4433 547 4510 ἀγαθόν
560 4436 630 4496 ίστιν
644 4435 702 4497 ούτε
711 4439 792 4500 κακόν
801 4445 880 4505 ἔστιν.
897 4472 910 4497 ν
920 4446 973 4506 Καί
984 4451 1035 4507 τῶν
1123 4457 1167 4514 Ex
1178 4453 1234 4514 boc
1249 4457 1390 4535 opusculo
1408 4458 1529 4521 fortasse
1547 4463 1658 4542 petitus
1671 4477 1715 4524 est
1729 4465 1812 4528 locus
1833 4469 1871 4528 de

254 4513 354 4574 λοιπων
378 4516 524 4601 φιλοσόφων
545 4522 627 4604 χωρίς
652 4525 806 4598 ἀποδείξεως
834 4531 882 4604 τὴν
912 4534 1035 4610 τοιαύτην
1082 4541 1177 4602 tribus
1194 4542 1369 4624 Triptolemi
1390 4547 1524 4626 legibus,
1541 4570 1628 4632 quem
1651 4572 1688 4611 ex
1705 4552 1870 4634 Hermippo

253 4598 380 4684 διαίρεσιν
395 4607 572 4715 προσαμύνων
585 4610 661 4714 αὐτὸς
672 4613 755 4674 ἐδόκει
767 4617 813 4675 καὶ
826 4619 956 4692 ἀπόδειξιν
968 4647 1035 4701 συμ-
1082 4631 1214 4710 prolerre
1228 4651 1257 4691 se
1273 4633 1347 4694 dicit
1358 4635 1545 4717 Porphyrius
1560 4639 1596 4699 de
1609 4639 1796 4702 Abstinentia
1809 4645 1869 4708 lib.

253 4691 486 4790 ααραλαμύανειν.
518 4697 663 4760 Nimirum
689 4704 795 4764 tradito
824 4725 922 4768 rerum
950 4710 1034 4772 diri·
1081 4716 1126 4790 lv,
1143 4739 1207 4800 cap.
1226 4741 1263 4780 aa
1280 4725 1333 4780 τῶν
1347 4721 1432 4783 τοίνυν
1448 4723 1571 4806 Ἇθιίνηοι
1586 4731 1734 4806 νομοθετῶν
1747 4731 1869 4810 Τριπτό-

251 4798 349 4852 stoue,
369 4801 434 4860 quae
448 4783 495 4843 vel
506 4784 592 4848 bonae
602 4803 691 4892 sunt,
708 4793 754 4850 vel
769 4797 866 4894 melre,
881 4798 927 4856 vel
939 4819 1034 4880 neque
1079 4807 1346 4883 inpoenitentium
1358 4812 1578 4896 παρειλήφαμεν·
1594 4816 1654 4898 περί
1665 4809 1695 4875 ού
1710 4815 1869 4900 Ἕρμιππος

251 4864 337 4968 bonae
352 4889 447 4948 neque
462 4875 564 4950 malae,
580 4878 698 4938 vtdetur
717 4879 754 4938 de
770 4895 832 4980 utta
846 4883 929 4945 beata
943 4887 1034 4950 disse·
1077 4895 1103 4953 ίν
1118 4896 1232 4978 δευτέρῳ
1256 4897 1386 4978 περὶτῶν
1403 4905 1552 4982 νομοθετῶν
1568 4905 1665 4989 γρύρει
1682 4910 1782 4966 ταῦτα·
1802 4911 1869 4990 φασδ

251 4971 358 5017 ruisse.
385 4957 430 5018 ci.
457 4958 591 5022 Clemens
619 4965 835 5028 alexandrinus
863 4971 970 5045 Strom.
992 4977 1031 5054 ll,
1077 4981 1105 5041 δί
1121 4982 1167 5044 καί
1181 4987 1369 5066 Τριπτόλεμον
1384 4989 1528 5063 Ἀθηναίοις
1546 4997 1739 5072 νομοθετῆσαι,
1752 4997 1799 5056 καί
1813 5003 1867 5059 τῶν

251 5059 318 5116 ites-
337 5055 405 5122 419·
461 5138 478 5155 η
577 5143 594 5159 „
629 5139 635 5165 γ
1075 5069 1170 5152 νόμων
1184 5073 1266 5134 αθτοδ
1278 5079 1348 5157 τρεῖς
1368 5077 1408 5140 ἔτι
1425 5080 1594 5163 Ξενοκράτης
1608 5085 1622 5142 ὁ
1636 5085 1777 5168 φιλόσοφος
1794 5089 1867 5168 λέγει

292 5127 340 5206 (tal
356 5131 419 5210 περὶ
432 5157 478 5241 cop
493 5136 594 5244 ργαθου
610 5163 627 5196 α
639 5185 659 5252 ,Ι
1076 5159 1209 5238 διαμίνειν
1226 5163 1359 5226 Ἐλευσῖνι
1375 5170 1485 5229 τούσδε·
1499 5178 1583 5249 γονεῖς
1598 5183 1678 5254 τιμᾳν
1687 5221 1695 5248 ,
1712 5173 1785 5243 θεούς
1800 5200 1867 5258 καρ·

291 5215 339 5294 (σε)
351 5219 412 5298 περί
423 5242 472 5294 ,του
486 5224 619 5305 ωφτλίμου
634 5249 668 5289 α.
1074 5253 1137 5314 τεοῖς
1151 5250 1293 5330 ἀγοίλλειν,
1310 5257 1364 5335 ζῷα
1378 5255 1416 5334 μὴ
1429 5259 1557 5324 σίνεσθαι.
1570 5259 1636 5324 Vid.
1653 5262 1755 5341 fragm
1771 5286 1821 5340 aa.
