<?xml version="1.0" encoding="UTF-8"?>
<!DOCTYPE html PUBLIC "-//W3C//DTD XHTML 1.0 Transitional//EN"
    "http://www.w3.org/TR/xhtml1/DTD/xhtml1-transitional.dtd">
<html xmlns="http://www.w3.org/1999/xhtml" xml:lang="en" lang="en">
 <head>
  <title>
</title>
<meta http-equiv="Content-Type" content="text/html;charset=utf-8" />
  <meta name='ocr-system' content='tesseract 3.04.00' />
  <meta name='ocr-capabilities' content='ocr_page ocr_carea ocr_par ocr_line ocrx_word'/>
</head>
<body>
  <div class='ocr_page' id='page_1' title='image "./fragmentaphilos01mullgoog/fragmentaphilos01mullgoog_0380.png"; bbox 0 0 3934 5956; ppageno 0'>
   <div class='ocr_carea' id='block_1_1' title="bbox 489 446 1732 520">
    <p class='ocr_par' dir='ltr' id='par_1_1' title="bbox 489 446 1732 520">
     <span class='ocr_line' id='line_1_1' title="bbox 489 446 1732 520; baseline 0.01 -14"><span class='ocrx_word' id='word_1_1' title='bbox 489 446 711 512; x_wconf 75' lang='lat' dir='ltr'><strong>uenientum</strong></span> <span class='ocrx_word' id='word_1_2' title='bbox 733 449 1074 516; x_wconf 78' lang='lat' dir='ltr'><strong>Niconncnnonnn</strong></span> <span class='ocrx_word' id='word_1_3' title='bbox 1097 453 1381 516; x_wconf 82' lang='lat' dir='ltr'><strong>PARAPHRASlS.</strong></span> <span class='ocrx_word' id='word_1_4' title='bbox 1676 459 1732 520; x_wconf 74' lang='grc'><strong>359</strong></span> 
     </span>
    </p>
   </div>
   <div class='ocr_carea' id='block_1_2' title="bbox 124 576 1733 1194">
    <p class='ocr_par' dir='ltr' id='par_1_2' title="bbox 124 576 1733 1194">
     <span class='ocr_line' id='line_1_2' title="bbox 129 576 1730 659; baseline 0.004 -20"><span class='ocrx_word' id='word_1_5' title='bbox 129 579 174 639; x_wconf 77' lang='grc' dir='ltr'><strong>καῖ</strong></span> <span class='ocrx_word' id='word_1_6' title='bbox 184 577 236 659; x_wconf 72' lang='grc' dir='ltr'><strong>γάρ</strong></span> <span class='ocrx_word' id='word_1_7' title='bbox 245 585 420 658; x_wconf 78' lang='grc' dir='ltr'>τιμωροῦνται</span> <span class='ocrx_word' id='word_1_8' title='bbox 431 576 479 655; x_wconf 76' lang='grc' dir='ltr'><strong>μίν</strong></span> <span class='ocrx_word' id='word_1_9' title='bbox 488 577 534 636; x_wconf 83' lang='grc' dir='ltr'><strong>καλ</strong></span> <span class='ocrx_word' id='word_1_10' title='bbox 549 579 688 648; x_wconf 88' lang='grc' dir='ltr'>κολάζουσι</span> <span class='ocrx_word' id='word_1_11' title='bbox 698 577 757 649; x_wconf 82' lang='grc' dir='ltr'>τοθς</span> <span class='ocrx_word' id='word_1_12' title='bbox 769 587 905 651; x_wconf 81' lang='grc' dir='ltr'>ποιοῦντας</span> <span class='ocrx_word' id='word_1_13' title='bbox 953 593 1032 642; x_wconf 89' lang='lat' dir='ltr'><strong>mines</strong></span> <span class='ocrx_word' id='word_1_14' title='bbox 1044 596 1070 644; x_wconf 90' lang='lat' dir='ltr'><strong>et</strong></span> <span class='ocrx_word' id='word_1_15' title='bbox 1090 593 1172 657; x_wconf 88' lang='lat' dir='ltr'><strong>legum</strong></span> <span class='ocrx_word' id='word_1_16' title='bbox 1195 593 1288 644; x_wconf 86' lang='lat' dir='ltr'><strong>latores</strong></span> <span class='ocrx_word' id='word_1_17' title='bbox 1311 594 1406 658; x_wconf 86' lang='lat' dir='ltr'><strong>reipsa</strong></span> <span class='ocrx_word' id='word_1_18' title='bbox 1418 595 1586 644; x_wconf 81' lang='lat' dir='ltr'><strong>confirmant:</strong></span> <span class='ocrx_word' id='word_1_19' title='bbox 1607 595 1730 659; x_wconf 77' lang='lat' dir='ltr'>siquidem</span> 
     </span>
     <span class='ocr_line' id='line_1_3' title="bbox 128 664 1733 750; baseline 0.004 -25"><span class='ocrx_word' id='word_1_20' title='bbox 128 669 162 728; x_wconf 74' lang='grc' dir='ltr'>τὰ</span> <span class='ocrx_word' id='word_1_21' title='bbox 176 667 296 748; x_wconf 82' lang='grc' dir='ltr'>πονηροί,</span> <span class='ocrx_word' id='word_1_22' title='bbox 313 665 357 727; x_wconf 74' lang='lat' dir='ltr'><strong>tte</strong></span> <span class='ocrx_word' id='word_1_23' title='bbox 379 664 416 742; x_wconf 79' lang='grc' dir='ltr'><strong>μὴ</strong></span> <span class='ocrx_word' id='word_1_24' title='bbox 432 670 542 744; x_wconf 76' lang='grc' dir='ltr'>ποιῶσιν</span> <span class='ocrx_word' id='word_1_25' title='bbox 561 668 685 748; x_wconf 78' lang='grc' dir='ltr'>ἑτέρωθεν</span> <span class='ocrx_word' id='word_1_26' title='bbox 703 669 870 750; x_wconf 75' lang='grc' dir='ltr'><strong>βιασθέντες,</strong></span> <span class='ocrx_word' id='word_1_27' title='bbox 889 671 906 744; x_wconf 82' lang='grc' dir='ltr'><strong>ἢ</strong></span> <span class='ocrx_word' id='word_1_28' title='bbox 954 683 1075 747; x_wconf 75' lang='lat' dir='ltr'><strong>castigant</strong></span> <span class='ocrx_word' id='word_1_29' title='bbox 1095 681 1265 747; x_wconf 83' lang='lat' dir='ltr'><strong>supplicioque</strong></span> <span class='ocrx_word' id='word_1_30' title='bbox 1280 681 1393 732; x_wconf 83' lang='lat' dir='ltr'><strong>alliciunt</strong></span> <span class='ocrx_word' id='word_1_31' title='bbox 1406 695 1448 733; x_wconf 91' lang='lat' dir='ltr'><strong>eos</strong></span> <span class='ocrx_word' id='word_1_32' title='bbox 1464 683 1509 748; x_wconf 92' lang='lat' dir='ltr'><strong>qui</strong></span> <span class='ocrx_word' id='word_1_33' title='bbox 1530 683 1621 746; x_wconf 81' lang='lat' dir='ltr'><strong>flagitia</strong></span> <span class='ocrx_word' id='word_1_34' title='bbox 1642 685 1733 734; x_wconf 88' lang='lat' dir='ltr'><strong>admit-</strong></span> 
     </span>
     <span class='ocr_line' id='line_1_4' title="bbox 128 748 1733 836; baseline 0.007 -23"><span class='ocrx_word' id='word_1_35' title='bbox 128 761 279 833; x_wconf 79' lang='grc' dir='ltr'>ἀγνοοῦντες</span> <span class='ocrx_word' id='word_1_36' title='bbox 290 755 397 834; x_wconf 85' lang='grc' dir='ltr'>ἄγνοιαν</span> <span class='ocrx_word' id='word_1_37' title='bbox 415 748 446 827; x_wconf 77' lang='grc' dir='ltr'>ἧς</span> <span class='ocrx_word' id='word_1_38' title='bbox 459 757 506 814; x_wconf 83' lang='grc' dir='ltr'><strong>οὐκ</strong></span> <span class='ocrx_word' id='word_1_39' title='bbox 521 756 584 816; x_wconf 84' lang='grc' dir='ltr'>είσῖν</span> <span class='ocrx_word' id='word_1_40' title='bbox 599 757 677 816; x_wconf 88' lang='grc' dir='ltr'>αίτιοι</span> <span class='ocrx_word' id='word_1_41' title='bbox 691 765 703 794; x_wconf 77' lang='lat'>⁸</span> <span class='ocrx_word' id='word_1_42' title='bbox 718 759 801 817; x_wconf 85' lang='grc' dir='ltr'>αὐτοί·</span> <span class='ocrx_word' id='word_1_43' title='bbox 826 760 907 818; x_wconf 86' lang='grc' dir='ltr'>καθά·</span> <span class='ocrx_word' id='word_1_44' title='bbox 954 775 1027 832; x_wconf 88' lang='lat' dir='ltr'><strong>tant,</strong></span> <span class='ocrx_word' id='word_1_45' title='bbox 1040 771 1088 821; x_wconf 89' lang='lat' dir='ltr'><strong>nisi</strong></span> <span class='ocrx_word' id='word_1_46' title='bbox 1107 769 1172 822; x_wconf 82' lang='lat' dir='ltr'><strong>forte</strong></span> <span class='ocrx_word' id='word_1_47' title='bbox 1187 770 1287 822; x_wconf 79' lang='lat' dir='ltr'><strong>aliunde</strong></span> <span class='ocrx_word' id='word_1_48' title='bbox 1305 771 1396 832; x_wconf 88' lang='lat' dir='ltr'><strong>eoacti,</strong></span> <span class='ocrx_word' id='word_1_49' title='bbox 1415 770 1446 821; x_wconf 86' lang='lat' dir='ltr'><strong>iis</strong></span> <span class='ocrx_word' id='word_1_50' title='bbox 1463 784 1489 821; x_wconf 92' lang='lat' dir='ltr'><strong>se</strong></span> <span class='ocrx_word' id='word_1_51' title='bbox 1502 770 1673 836; x_wconf 80' lang='lat' dir='ltr'><strong>inquinarunt,</strong></span> <span class='ocrx_word' id='word_1_52' title='bbox 1688 775 1733 824; x_wconf 89' lang='lat' dir='ltr'><strong>aut</strong></span> 
     </span>
     <span class='ocr_line' id='line_1_5' title="bbox 128 843 1731 928; baseline 0 -14"><span class='ocrx_word' id='word_1_53' title='bbox 128 869 177 925; x_wconf 66' lang='grc' dir='ltr'><strong>περ</strong></span> <span class='ocrx_word' id='word_1_54' title='bbox 204 847 229 904; x_wconf 61' lang='grc' dir='ltr'>τί</span> <span class='ocrx_word' id='word_1_55' title='bbox 253 869 290 914; x_wconf 62' lang='grc' dir='ltr'>τίς</span> <span class='ocrx_word' id='word_1_56' title='bbox 307 843 408 924; x_wconf 64' lang='grc' dir='ltr'>μεθύων</span> <span class='ocrx_word' id='word_1_57' title='bbox 423 845 536 926; x_wconf 64' lang='grc' dir='ltr'>πονηρόν</span> <span class='ocrx_word' id='word_1_58' title='bbox 560 870 585 904; x_wconf 67' lang='grc' dir='ltr'>τί</span> <span class='ocrx_word' id='word_1_59' title='bbox 611 847 742 918; x_wconf 60' lang='lat' dir='ltr'><strong>mittit-¹2⁹</strong></span> <span class='ocrx_word' id='word_1_60' title='bbox 766 847 905 928; x_wconf 58' lang='lat' dir='ltr'><strong>&amp;predone</strong></span> <span class='ocrx_word' id='word_1_61' title='bbox 952 862 1213 928; x_wconf 88' lang='lat' dir='ltr'><strong>perimprudentiam,</strong></span> <span class='ocrx_word' id='word_1_62' title='bbox 1228 864 1300 928; x_wconf 86' lang='lat' dir='ltr'><strong>cujus</strong></span> <span class='ocrx_word' id='word_1_63' title='bbox 1310 862 1357 928; x_wconf 88' lang='lat' dir='ltr'><strong>ipsi</strong></span> <span class='ocrx_word' id='word_1_64' title='bbox 1367 863 1465 928; x_wconf 89' lang='lat' dir='ltr'><strong>culpam</strong></span> <span class='ocrx_word' id='word_1_65' title='bbox 1483 876 1532 913; x_wconf 91' lang='lat' dir='ltr'><strong>non</strong></span> <span class='ocrx_word' id='word_1_66' title='bbox 1547 863 1669 914; x_wconf 89' lang='lat' dir='ltr'><strong>sustinent</strong></span> <span class='ocrx_word' id='word_1_67' title='bbox 1685 867 1731 914; x_wconf 85' lang='lat' dir='ltr'><strong>:ut</strong></span> 
     </span>
     <span class='ocr_line' id='line_1_6' title="bbox 127 925 1732 1018; baseline 0.001 -16"><span class='ocrx_word' id='word_1_68' title='bbox 127 925 198 1002; x_wconf 73' lang='grc' dir='ltr'>οὗτος</span> <span class='ocrx_word' id='word_1_69' title='bbox 212 933 262 1012; x_wconf 67' lang='grc' dir='ltr'><strong>γάρ</strong></span> <span class='ocrx_word' id='word_1_70' title='bbox 280 934 385 1005; x_wconf 73' lang='grc' dir='ltr'>καὶτῆς</span> <span class='ocrx_word' id='word_1_71' title='bbox 399 935 503 1010; x_wconf 72' lang='grc' dir='ltr'>ἀγνοίας</span> <span class='ocrx_word' id='word_1_72' title='bbox 521 933 602 1002; x_wconf 80' lang='grc' dir='ltr'>αἴτιοι</span> <span class='ocrx_word' id='word_1_73' title='bbox 620 934 721 1013; x_wconf 75' lang='grc' dir='ltr'>ἐγένετο</span> <span class='ocrx_word' id='word_1_74' title='bbox 742 939 836 1016; x_wconf 78' lang='grc' dir='ltr'>ἑαυτῷ·</span> <span class='ocrx_word' id='word_1_75' title='bbox 849 935 907 1004; x_wconf 74' lang='grc' dir='ltr'>τοὺς</span> <span class='ocrx_word' id='word_1_76' title='bbox 953 952 1135 1018; x_wconf 83' lang='lat' dir='ltr'><strong>etquisebrtus</strong></span> <span class='ocrx_word' id='word_1_77' title='bbox 1146 952 1315 1017; x_wconf 80' lang='lat' dir='ltr'><strong>imprudenter</strong></span> <span class='ocrx_word' id='word_1_78' title='bbox 1328 950 1422 1003; x_wconf 78' lang='lat' dir='ltr'><strong>ledum</strong></span> <span class='ocrx_word' id='word_1_79' title='bbox 1437 950 1534 1003; x_wconf 80' lang='lat' dir='ltr'><strong>facinus</strong></span> <span class='ocrx_word' id='word_1_80' title='bbox 1549 952 1575 1002; x_wconf 86' lang='lat' dir='ltr'><strong>in</strong></span> <span class='ocrx_word' id='word_1_81' title='bbox 1591 965 1618 1003; x_wconf 84' lang='lat' dir='ltr'><strong>se</strong></span> <span class='ocrx_word' id='word_1_82' title='bbox 1634 953 1732 1003; x_wconf 84' lang='lat' dir='ltr'><strong>censci-</strong></span> 
     </span>
     <span class='ocr_line' id='line_1_7' title="bbox 127 1022 1730 1103; baseline 0.001 -19"><span class='ocrx_word' id='word_1_83' title='bbox 127 1025 153 1084; x_wconf 85' lang='grc' dir='ltr'><strong>ἀὲ</strong></span> <span class='ocrx_word' id='word_1_84' title='bbox 168 1023 202 1082; x_wconf 84' lang='grc' dir='ltr'>τά</span> <span class='ocrx_word' id='word_1_85' title='bbox 214 1023 284 1082; x_wconf 86' lang='grc' dir='ltr'><strong>καλά</strong></span> <span class='ocrx_word' id='word_1_86' title='bbox 297 1022 460 1102; x_wconf 77' lang='grc' dir='ltr'>πράττοντας</span> <span class='ocrx_word' id='word_1_87' title='bbox 472 1027 600 1100; x_wconf 72' lang='grc' dir='ltr'>τιμῶσιν,</span> <span class='ocrx_word' id='word_1_88' title='bbox 614 1022 656 1082; x_wconf 71' lang='grc' dir='ltr'>ἵνα</span> <span class='ocrx_word' id='word_1_89' title='bbox 668 1023 726 1091; x_wconf 68' lang='grc' dir='ltr'>τοὺς</span> <span class='ocrx_word' id='word_1_90' title='bbox 740 1024 831 1091; x_wconf 68' lang='grc' dir='ltr'>ἄλλους</span> <span class='ocrx_word' id='word_1_91' title='bbox 843 1049 904 1103; x_wconf 82' lang='grc' dir='ltr'>προ·</span> <span class='ocrx_word' id='word_1_92' title='bbox 951 1040 1017 1090; x_wconf 84' lang='lat' dir='ltr'><strong>verit</strong></span> <span class='ocrx_word' id='word_1_93' title='bbox 1034 1038 1099 1103; x_wconf 83' lang='lat' dir='ltr'><strong>:qui</strong></span> <span class='ocrx_word' id='word_1_94' title='bbox 1116 1041 1199 1089; x_wconf 89' lang='lat' dir='ltr'><strong>tamen</strong></span> <span class='ocrx_word' id='word_1_95' title='bbox 1222 1037 1395 1103; x_wconf 78' lang='lat' dir='ltr'><strong>imprudentia</strong></span> <span class='ocrx_word' id='word_1_96' title='bbox 1412 1051 1465 1089; x_wconf 78' lang='lat' dir='ltr'><strong>sua</strong></span> <span class='ocrx_word' id='word_1_97' title='bbox 1481 1038 1581 1101; x_wconf 90' lang='lat' dir='ltr'><strong>culpam</strong></span> <span class='ocrx_word' id='word_1_98' title='bbox 1600 1038 1705 1088; x_wconf 83' lang='lat' dir='ltr'><strong>sustinet</strong></span> <span class='ocrx_word' id='word_1_99' title='bbox 1724 1053 1730 1086; x_wconf 75' lang='grc' dir='ltr'><strong>ε</strong></span> 
     </span>
     <span class='ocr_line' id='line_1_8' title="bbox 124 1110 1733 1194; baseline -0.001 -22"><span class='ocrx_word' id='word_1_100' title='bbox 124 1113 272 1194; x_wconf 77' lang='grc' dir='ltr'>τρέψωιται</span> <span class='ocrx_word' id='word_1_101' title='bbox 288 1111 334 1188; x_wconf 78' lang='grc' dir='ltr'><strong>μὲν</strong></span> <span class='ocrx_word' id='word_1_102' title='bbox 349 1110 392 1169; x_wconf 80' lang='grc' dir='ltr'><strong>ἐπί</strong></span> <span class='ocrx_word' id='word_1_103' title='bbox 404 1110 439 1169; x_wconf 84' lang='grc' dir='ltr'>τά</span> <span class='ocrx_word' id='word_1_104' title='bbox 456 1112 558 1190; x_wconf 85' lang='grc' dir='ltr'>ἀγαθά,</span> <span class='ocrx_word' id='word_1_105' title='bbox 574 1112 713 1172; x_wconf 83' lang='grc' dir='ltr'>κωλύσωσι</span> <span class='ocrx_word' id='word_1_106' title='bbox 735 1114 762 1171; x_wconf 89' lang='grc' dir='ltr'><strong>δὲ</strong></span> <span class='ocrx_word' id='word_1_107' title='bbox 778 1121 861 1172; x_wconf 84' lang='grc' dir='ltr'>ποιεῖν</span> <span class='ocrx_word' id='word_1_108' title='bbox 873 1113 907 1172; x_wconf 83' lang='grc' dir='ltr'>τά</span> <span class='ocrx_word' id='word_1_109' title='bbox 951 1134 993 1172; x_wconf 90' lang='lat' dir='ltr'><strong>eos</strong></span> <span class='ocrx_word' id='word_1_110' title='bbox 1007 1133 1067 1170; x_wconf 87' lang='lat' dir='ltr'><strong>rero</strong></span> <span class='ocrx_word' id='word_1_111' title='bbox 1081 1119 1175 1185; x_wconf 88' lang='lat' dir='ltr'><strong>quires</strong></span> <span class='ocrx_word' id='word_1_112' title='bbox 1187 1120 1248 1171; x_wconf 90' lang='lat' dir='ltr'><strong>bene</strong></span> <span class='ocrx_word' id='word_1_113' title='bbox 1260 1122 1390 1185; x_wconf 86' lang='lat' dir='ltr'><strong>gesserint,</strong></span> <span class='ocrx_word' id='word_1_114' title='bbox 1402 1120 1571 1170; x_wconf 88' lang='lat' dir='ltr'><strong>omnibonorc</strong></span> <span class='ocrx_word' id='word_1_115' title='bbox 1582 1133 1733 1184; x_wconf 89' lang='lat' dir='ltr'><strong>prosequun·</strong></span> 
     </span>
    </p>
   </div>
   <div class='ocr_carea' id='block_1_3' title="bbox 125 1193 1731 1292">
    <p class='ocr_par' dir='ltr' id='par_1_3' title="bbox 125 1193 1731 1292">
     <span class='ocr_line' id='line_1_9' title="bbox 125 1193 1731 1292; baseline -0.004 -34"><span class='ocrx_word' id='word_1_116' title='bbox 125 1205 223 1282; x_wconf 80' lang='grc' dir='ltr'>φαῦλα.</span> <span class='ocrx_word' id='word_1_117' title='bbox 238 1197 329 1292; x_wconf 69' lang='grc' dir='ltr'>Ὅθεν</span> <span class='ocrx_word' id='word_1_118' title='bbox 346 1201 440 1276; x_wconf 75' lang='grc' dir='ltr'>δῆλον,</span> <span class='ocrx_word' id='word_1_119' title='bbox 462 1201 502 1258; x_wconf 84' lang='grc' dir='ltr'><strong>ὅτι</strong></span> <span class='ocrx_word' id='word_1_120' title='bbox 523 1200 671 1278; x_wconf 83' lang='grc' dir='ltr'>νομίζουσιν</span> <span class='ocrx_word' id='word_1_121' title='bbox 697 1204 739 1282; x_wconf 79' lang='grc' dir='ltr'><strong>ἐφ’</strong></span> <span class='ocrx_word' id='word_1_122' title='bbox 759 1205 823 1278; x_wconf 78' lang='grc' dir='ltr'>ἡμῖν</span> <span class='ocrx_word' id='word_1_123' title='bbox 840 1193 906 1260; x_wconf 73' lang='grc' dir='ltr'>εἶναι</span> <span class='ocrx_word' id='word_1_124' title='bbox 951 1205 1001 1260; x_wconf 88' lang='lat' dir='ltr'><strong>tnr,</strong></span> <span class='ocrx_word' id='word_1_125' title='bbox 1017 1203 1045 1250; x_wconf 92' lang='lat' dir='ltr'><strong>ut</strong></span> <span class='ocrx_word' id='word_1_126' title='bbox 1056 1205 1226 1251; x_wconf 80' lang='lat' dir='ltr'><strong>cmteroscum</strong></span> <span class='ocrx_word' id='word_1_127' title='bbox 1240 1201 1272 1252; x_wconf 89' lang='lat' dir='ltr'><strong>ad</strong></span> <span class='ocrx_word' id='word_1_128' title='bbox 1285 1203 1367 1251; x_wconf 87' lang='lat' dir='ltr'><strong>rectas</strong></span> <span class='ocrx_word' id='word_1_129' title='bbox 1380 1202 1489 1252; x_wconf 88' lang='lat' dir='ltr'><strong>actiones</strong></span> <span class='ocrx_word' id='word_1_130' title='bbox 1505 1201 1631 1260; x_wconf 83' lang='lat' dir='ltr'><strong>excitent,</strong></span> <span class='ocrx_word' id='word_1_131' title='bbox 1644 1205 1701 1251; x_wconf 91' lang='lat' dir='ltr'><strong>tum</strong></span> <span class='ocrx_word' id='word_1_132' title='bbox 1716 1217 1731 1252; x_wconf 89' lang='lat' dir='ltr'><strong>a</strong></span> 
     </span>
    </p>
   </div>
   <div class='ocr_carea' id='block_1_4' title="bbox 124 1289 907 4720">
    <p class='ocr_par' dir='ltr' id='par_1_4' title="bbox 124 1289 906 3223">
     <span class='ocr_line' id='line_1_10' title="bbox 125 1289 906 1368; baseline 0.003 -20"><span class='ocrx_word' id='word_1_133' title='bbox 125 1300 247 1368; x_wconf 81' lang='grc' dir='ltr'>πονηροῖς</span> <span class='ocrx_word' id='word_1_134' title='bbox 262 1313 290 1347; x_wconf 88' lang='grc' dir='ltr'><strong>τε</strong></span> <span class='ocrx_word' id='word_1_135' title='bbox 306 1293 372 1346; x_wconf 85' lang='grc' dir='ltr'>εῖναι</span> <span class='ocrx_word' id='word_1_136' title='bbox 385 1289 430 1346; x_wconf 84' lang='grc' dir='ltr'><strong>καῖ</strong></span> <span class='ocrx_word' id='word_1_137' title='bbox 439 1289 560 1366; x_wconf 78' lang='grc' dir='ltr'>γενέσθαι</span> <span class='ocrx_word' id='word_1_138' title='bbox 574 1294 694 1368; x_wconf 78' lang='grc' dir='ltr'>ἀγαθοῖς,</span> <span class='ocrx_word' id='word_1_139' title='bbox 713 1289 757 1349; x_wconf 86' lang='grc' dir='ltr'><strong>καῖ</strong></span> <span class='ocrx_word' id='word_1_140' title='bbox 773 1289 816 1350; x_wconf 85' lang='grc' dir='ltr'><strong>διά</strong></span> <span class='ocrx_word' id='word_1_141' title='bbox 830 1295 906 1350; x_wconf 83' lang='grc' dir='ltr'>τοῦτο</span> 
     </span>
     <span class='ocr_line' id='line_1_11' title="bbox 124 1377 904 1462; baseline -0.001 -24"><span class='ocrx_word' id='word_1_142' title='bbox 124 1378 222 1438; x_wconf 79' lang='grc' dir='ltr'>πείθειν</span> <span class='ocrx_word' id='word_1_143' title='bbox 247 1378 281 1437; x_wconf 77' lang='lat' dir='ltr'><strong>nd</strong></span> <span class='ocrx_word' id='word_1_144' title='bbox 303 1383 413 1436; x_wconf 77' lang='grc' dir='ltr'>τοιαῦτα</span> <span class='ocrx_word' id='word_1_145' title='bbox 440 1380 629 1458; x_wconf 78' lang='grc' dir='ltr'>ἐπιχειροῦσιν.</span> <span class='ocrx_word' id='word_1_146' title='bbox 655 1377 686 1437; x_wconf 63' lang='grc' dir='ltr'><strong>οΑ</strong></span> <span class='ocrx_word' id='word_1_147' title='bbox 711 1379 761 1459; x_wconf 85' lang='grc' dir='ltr'><strong>γάρ</strong></span> <span class='ocrx_word' id='word_1_148' title='bbox 781 1380 847 1456; x_wconf 78' lang='grc' dir='ltr'>μήτε</span> <span class='ocrx_word' id='word_1_149' title='bbox 865 1382 904 1462; x_wconf 81' lang='grc' dir='ltr'><strong>ἐρ’</strong></span> 
     </span>
     <span class='ocr_line' id='line_1_12' title="bbox 126 1468 905 1548; baseline 0 -22"><span class='ocrx_word' id='word_1_150' title='bbox 126 1473 190 1543; x_wconf 79' lang='grc' dir='ltr'>ἡμῖν</span> <span class='ocrx_word' id='word_1_151' title='bbox 207 1470 278 1540; x_wconf 83' lang='grc' dir='ltr'>ίστι,</span> <span class='ocrx_word' id='word_1_152' title='bbox 297 1468 364 1544; x_wconf 80' lang='grc' dir='ltr'>μήτε</span> <span class='ocrx_word' id='word_1_153' title='bbox 383 1469 505 1539; x_wconf 79' lang='grc' dir='ltr'>ἑκούσια,</span> <span class='ocrx_word' id='word_1_154' title='bbox 521 1468 605 1534; x_wconf 85' lang='grc' dir='ltr'>οὐδεὶς</span> <span class='ocrx_word' id='word_1_155' title='bbox 628 1469 805 1548; x_wconf 80' lang='grc' dir='ltr'>προτρέπεται</span> <span class='ocrx_word' id='word_1_156' title='bbox 821 1469 905 1546; x_wconf 87' lang='grc' dir='ltr'>πρότ-</span> 
     </span>
     <span class='ocr_line' id='line_1_13' title="bbox 125 1554 904 1638; baseline 0.001 -24"><span class='ocrx_word' id='word_1_157' title='bbox 125 1579 180 1614; x_wconf 90' lang='grc' dir='ltr'>τειν</span> <span class='ocrx_word' id='word_1_158' title='bbox 194 1562 250 1614; x_wconf 79' lang='grc' dir='ltr'>νοῶν</span> <span class='ocrx_word' id='word_1_159' title='bbox 273 1556 348 1635; x_wconf 72' lang='grc' dir='ltr'>ἔχων·</span> <span class='ocrx_word' id='word_1_160' title='bbox 365 1557 447 1620; x_wconf 77' lang='lat' dir='ltr'><strong>odiet&lt;</strong></span> <span class='ocrx_word' id='word_1_161' title='bbox 468 1554 518 1636; x_wconf 86' lang='grc' dir='ltr'><strong>γάρ</strong></span> <span class='ocrx_word' id='word_1_162' title='bbox 534 1557 616 1615; x_wconf 81' lang='grc' dir='ltr'>πείθει</span> <span class='ocrx_word' id='word_1_163' title='bbox 638 1556 696 1615; x_wconf 86' lang='grc' dir='ltr'><strong>τινά</strong></span> <span class='ocrx_word' id='word_1_164' title='bbox 714 1557 751 1634; x_wconf 76' lang='grc' dir='ltr'><strong>μὴ</strong></span> <span class='ocrx_word' id='word_1_165' title='bbox 767 1558 904 1638; x_wconf 89' lang='grc' dir='ltr'>θερμαίνε-</span> 
     </span>
     <span class='ocr_line' id='line_1_14' title="bbox 127 1644 904 1723; baseline 0.001 -20"><span class='ocrx_word' id='word_1_166' title='bbox 127 1651 204 1718; x_wconf 86' lang='grc' dir='ltr'>σθαι,</span> <span class='ocrx_word' id='word_1_167' title='bbox 221 1645 238 1716; x_wconf 79' lang='grc' dir='ltr'>ἢ</span> <span class='ocrx_word' id='word_1_168' title='bbox 254 1648 358 1723; x_wconf 77' lang='grc' dir='ltr'>ἀλγεῖν,</span> <span class='ocrx_word' id='word_1_169' title='bbox 373 1645 389 1715; x_wconf 78' lang='grc' dir='ltr'>ἢ</span> <span class='ocrx_word' id='word_1_170' title='bbox 404 1651 508 1716; x_wconf 79' lang='grc' dir='ltr'>πεινῆν,</span> <span class='ocrx_word' id='word_1_171' title='bbox 525 1644 542 1714; x_wconf 73' lang='grc' dir='ltr'><strong>ἢ</strong></span> <span class='ocrx_word' id='word_1_172' title='bbox 563 1645 627 1705; x_wconf 75' lang='lat' dir='ltr'><strong>dite</strong></span> <span class='ocrx_word' id='word_1_173' title='bbox 647 1649 731 1703; x_wconf 78' lang='grc' dir='ltr'>ὁτιοῦν</span> <span class='ocrx_word' id='word_1_174' title='bbox 751 1650 803 1704; x_wconf 90' lang='grc' dir='ltr'>τῶν</span> <span class='ocrx_word' id='word_1_175' title='bbox 821 1646 904 1706; x_wconf 84' lang='grc' dir='ltr'>τοιοιί-</span> 
     </span>
     <span class='ocr_line' id='line_1_15' title="bbox 126 1727 904 1814; baseline 0.001 -21"><span class='ocrx_word' id='word_1_176' title='bbox 126 1760 194 1808; x_wconf 87' lang='grc' dir='ltr'>τοιν,</span> <span class='ocrx_word' id='word_1_177' title='bbox 212 1727 248 1793; x_wconf 77' lang='grc' dir='ltr'><strong>ῶν</strong></span> <span class='ocrx_word' id='word_1_178' title='bbox 265 1737 311 1792; x_wconf 83' lang='grc' dir='ltr'><strong>οὐκ</strong></span> <span class='ocrx_word' id='word_1_179' title='bbox 334 1732 439 1810; x_wconf 62' lang='lat' dir='ltr'><strong>sepsit</strong></span> <span class='ocrx_word' id='word_1_180' title='bbox 463 1733 537 1791; x_wconf 78' lang='grc' dir='ltr'>αὐτοὶ</span> <span class='ocrx_word' id='word_1_181' title='bbox 556 1734 655 1811; x_wconf 85' lang='grc' dir='ltr'>κύριοι·</span> <span class='ocrx_word' id='word_1_182' title='bbox 671 1737 700 1792; x_wconf 86' lang='grc' dir='ltr'><strong>οὐ</strong></span> <span class='ocrx_word' id='word_1_183' title='bbox 722 1734 773 1814; x_wconf 80' lang='grc' dir='ltr'><strong>γάρ</strong></span> <span class='ocrx_word' id='word_1_184' title='bbox 798 1735 904 1794; x_wconf 80' lang='grc' dir='ltr'>δυνατὸν</span> 
     </span>
     <span class='ocr_line' id='line_1_16' title="bbox 125 1822 903 1902; baseline 0.003 -22"><span class='ocrx_word' id='word_1_185' title='bbox 125 1823 243 1902; x_wconf 77' lang='grc' dir='ltr'>γενέσθαι</span> <span class='ocrx_word' id='word_1_186' title='bbox 264 1824 294 1882; x_wconf 81' lang='grc' dir='ltr'>τὸ</span> <span class='ocrx_word' id='word_1_187' title='bbox 312 1822 391 1881; x_wconf 78' lang='grc' dir='ltr'>πλέον</span> <span class='ocrx_word' id='word_1_188' title='bbox 414 1822 466 1880; x_wconf 85' lang='grc' dir='ltr'><strong>ἀπὸ</strong></span> <span class='ocrx_word' id='word_1_189' title='bbox 494 1827 539 1892; x_wconf 75' lang='grc' dir='ltr'><strong>τῆς</strong></span> <span class='ocrx_word' id='word_1_190' title='bbox 568 1822 776 1899; x_wconf 76' lang='grc' dir='ltr'>παρακλήσεως,</span> <span class='ocrx_word' id='word_1_191' title='bbox 796 1825 849 1881; x_wconf 79' lang='grc' dir='ltr'>οὐδ’</span> <span class='ocrx_word' id='word_1_192' title='bbox 873 1823 903 1882; x_wconf 83' lang='grc' dir='ltr'><strong>ἀν</strong></span> 
     </span>
     <span class='ocr_line' id='line_1_17' title="bbox 125 1909 902 1990; baseline -0.003 -20"><span class='ocrx_word' id='word_1_193' title='bbox 125 1912 198 1971; x_wconf 80' lang='grc' dir='ltr'>αὐτοὶ</span> <span class='ocrx_word' id='word_1_194' title='bbox 218 1915 243 1970; x_wconf 86' lang='grc' dir='ltr'><strong>οῖ</strong></span> <span class='ocrx_word' id='word_1_195' title='bbox 265 1909 497 1989; x_wconf 80' lang='grc' dir='ltr'>παρακαλούμενοι</span> <span class='ocrx_word' id='word_1_196' title='bbox 522 1911 621 1990; x_wconf 76' lang='grc' dir='ltr'>σφόδρα</span> <span class='ocrx_word' id='word_1_197' title='bbox 647 1911 810 1990; x_wconf 84' lang='grc' dir='ltr'>βουλώμεθα·</span> <span class='ocrx_word' id='word_1_198' title='bbox 831 1913 902 1970; x_wconf 76' lang='grc' dir='ltr'>οὐδὲν</span> 
     </span>
     <span class='ocr_line' id='line_1_18' title="bbox 124 1991 903 2080; baseline 0.001 -22"><span class='ocrx_word' id='word_1_199' title='bbox 124 1999 174 2080; x_wconf 87' lang='grc' dir='ltr'><strong>γάρ</strong></span> <span class='ocrx_word' id='word_1_200' title='bbox 200 1991 278 2070; x_wconf 73' lang='grc' dir='ltr'>ἧττον</span> <span class='ocrx_word' id='word_1_201' title='bbox 304 1999 451 2073; x_wconf 84' lang='grc' dir='ltr'>πεισόμεθα</span> <span class='ocrx_word' id='word_1_202' title='bbox 476 1999 555 2057; x_wconf 83' lang='grc' dir='ltr'>αὐτά.</span> <span class='ocrx_word' id='word_1_203' title='bbox 570 1998 685 2074; x_wconf 83' lang='grc' dir='ltr'>Ὁμοίοις</span> <span class='ocrx_word' id='word_1_204' title='bbox 706 1999 732 2055; x_wconf 84' lang='grc' dir='ltr'><strong>δὲ</strong></span> <span class='ocrx_word' id='word_1_205' title='bbox 754 2001 799 2057; x_wconf 83' lang='grc' dir='ltr'>κοιλ</span> <span class='ocrx_word' id='word_1_206' title='bbox 820 2000 903 2067; x_wconf 84' lang='grc' dir='ltr'>εἴτις</span> 
     </span>
     <span class='ocr_line' id='line_1_19' title="bbox 124 2087 904 2168; baseline 0 -21"><span class='ocrx_word' id='word_1_207' title='bbox 124 2091 194 2148; x_wconf 86' lang='grc' dir='ltr'>ἀκοιν</span> <span class='ocrx_word' id='word_1_208' title='bbox 210 2087 297 2164; x_wconf 87' lang='grc' dir='ltr'>ἀγνοεῖ</span> <span class='ocrx_word' id='word_1_209' title='bbox 311 2087 347 2160; x_wconf 77' lang='grc' dir='ltr'><strong>μὴ</strong></span> <span class='ocrx_word' id='word_1_210' title='bbox 366 2087 507 2163; x_wconf 87' lang='grc' dir='ltr'>δυνάμενος</span> <span class='ocrx_word' id='word_1_211' title='bbox 519 2087 631 2156; x_wconf 83' lang='grc' dir='ltr'>είδίναι,</span> <span class='ocrx_word' id='word_1_212' title='bbox 647 2093 736 2146; x_wconf 77' lang='grc' dir='ltr'>τοῦτον</span> <span class='ocrx_word' id='word_1_213' title='bbox 750 2087 832 2154; x_wconf 80' lang='grc' dir='ltr'>οὐδείς</span> <span class='ocrx_word' id='word_1_214' title='bbox 842 2113 904 2168; x_wconf 90' lang='grc' dir='ltr'>προ·</span> 
     </span>
     <span class='ocr_line' id='line_1_20' title="bbox 124 2173 902 2256; baseline -0.001 -23"><span class='ocrx_word' id='word_1_215' title='bbox 124 2177 247 2256; x_wconf 81' lang='grc' dir='ltr'>τρέψεται</span> <span class='ocrx_word' id='word_1_216' title='bbox 272 2175 411 2244; x_wconf 76' lang='grc' dir='ltr'>δυνηθῆναι</span> <span class='ocrx_word' id='word_1_217' title='bbox 434 2173 538 2230; x_wconf 81' lang='grc' dir='ltr'>εἰδέναι·</span> <span class='ocrx_word' id='word_1_218' title='bbox 565 2176 593 2231; x_wconf 87' lang='grc' dir='ltr'><strong>οὐ</strong></span> <span class='ocrx_word' id='word_1_219' title='bbox 616 2173 667 2254; x_wconf 87' lang='grc' dir='ltr'>γοίρ</span> <span class='ocrx_word' id='word_1_220' title='bbox 682 2177 750 2232; x_wconf 86' lang='grc' dir='ltr'>ἐστιν</span> <span class='ocrx_word' id='word_1_221' title='bbox 775 2178 816 2233; x_wconf 78' lang='grc' dir='ltr'><strong>ἐπ’</strong></span> <span class='ocrx_word' id='word_1_222' title='bbox 832 2177 902 2252; x_wconf 83' lang='grc' dir='ltr'>αὐτῶ</span> 
     </span>
     <span class='ocr_line' id='line_1_21' title="bbox 124 2259 903 2340; baseline -0.004 -18"><span class='ocrx_word' id='word_1_223' title='bbox 124 2266 219 2324; x_wconf 78' lang='grc' dir='ltr'>εἰδέναι</span> <span class='ocrx_word' id='word_1_224' title='bbox 237 2261 282 2321; x_wconf 84' lang='grc' dir='ltr'><strong>καλ</strong></span> <span class='ocrx_word' id='word_1_225' title='bbox 296 2263 406 2338; x_wconf 89' lang='grc' dir='ltr'>ἀγνοεῖν·</span> <span class='ocrx_word' id='word_1_226' title='bbox 421 2259 447 2327; x_wconf 83' lang='grc' dir='ltr'>ὃς</span> <span class='ocrx_word' id='word_1_227' title='bbox 467 2259 494 2318; x_wconf 72' lang='grc' dir='ltr'><strong>δὲ</strong></span> <span class='ocrx_word' id='word_1_228' title='bbox 518 2261 597 2327; x_wconf 84' lang='grc' dir='ltr'>αἴτιός</span> <span class='ocrx_word' id='word_1_229' title='bbox 618 2264 687 2320; x_wconf 74' lang='grc' dir='ltr'>ἐστιν</span> <span class='ocrx_word' id='word_1_230' title='bbox 708 2265 792 2340; x_wconf 81' lang='grc' dir='ltr'>ἑαυτῷ</span> <span class='ocrx_word' id='word_1_231' title='bbox 808 2267 854 2332; x_wconf 72' lang='grc' dir='ltr'>τῆς</span> <span class='ocrx_word' id='word_1_232' title='bbox 874 2266 903 2319; x_wconf 90' lang='grc' dir='ltr'><strong>ἀ-</strong></span> 
     </span>
     <span class='ocr_line' id='line_1_22' title="bbox 125 2343 902 2431; baseline -0.001 -21"><span class='ocrx_word' id='word_1_233' title='bbox 125 2353 211 2431; x_wconf 79' lang='grc' dir='ltr'>γνοίας</span> <span class='ocrx_word' id='word_1_234' title='bbox 226 2351 258 2410; x_wconf 90' lang='grc' dir='ltr'><strong>δι’</strong></span> <span class='ocrx_word' id='word_1_235' title='bbox 269 2343 301 2423; x_wconf 72' lang='grc' dir='ltr'>ἧς</span> <span class='ocrx_word' id='word_1_236' title='bbox 315 2349 421 2420; x_wconf 79' lang='grc' dir='ltr'>ἐποίησε</span> <span class='ocrx_word' id='word_1_237' title='bbox 436 2348 467 2408; x_wconf 75' lang='lat' dir='ltr'><strong>ab</strong></span> <span class='ocrx_word' id='word_1_238' title='bbox 477 2349 607 2428; x_wconf 87' lang='grc' dir='ltr'>πονηρόν,</span> <span class='ocrx_word' id='word_1_239' title='bbox 625 2350 771 2417; x_wconf 76' lang='grc' dir='ltr'>κολάζεται·</span> <span class='ocrx_word' id='word_1_240' title='bbox 787 2349 832 2408; x_wconf 81' lang='grc' dir='ltr'><strong>καὶ</strong></span> <span class='ocrx_word' id='word_1_241' title='bbox 851 2350 902 2430; x_wconf 81' lang='grc' dir='ltr'><strong>γάρ</strong></span> 
     </span>
     <span class='ocr_line' id='line_1_23' title="bbox 125 2437 903 2520; baseline -0.003 -22"><span class='ocrx_word' id='word_1_242' title='bbox 125 2439 248 2504; x_wconf 79' lang='grc' dir='ltr'>ἑκουσίοις</span> <span class='ocrx_word' id='word_1_243' title='bbox 262 2438 381 2520; x_wconf 78' lang='grc' dir='ltr'>φαίνεται</span> <span class='ocrx_word' id='word_1_244' title='bbox 399 2442 514 2515; x_wconf 84' lang='grc' dir='ltr'>ἀγνοῶν,</span> <span class='ocrx_word' id='word_1_245' title='bbox 529 2437 567 2495; x_wconf 84' lang='grc' dir='ltr'><strong>ὅτι</strong></span> <span class='ocrx_word' id='word_1_246' title='bbox 583 2441 625 2494; x_wconf 79' lang='grc' dir='ltr'><strong>ἐπ’</strong></span> <span class='ocrx_word' id='word_1_247' title='bbox 637 2441 708 2519; x_wconf 78' lang='grc' dir='ltr'>αὐτῷ</span> <span class='ocrx_word' id='word_1_248' title='bbox 723 2441 792 2495; x_wconf 82' lang='grc' dir='ltr'>ἐστιν</span> <span class='ocrx_word' id='word_1_249' title='bbox 808 2439 903 2496; x_wconf 78' lang='grc' dir='ltr'>εἰδέναι</span> 
     </span>
     <span class='ocr_line' id='line_1_24' title="bbox 125 2526 904 2606; baseline -0.003 -18"><span class='ocrx_word' id='word_1_250' title='bbox 125 2531 170 2588; x_wconf 82' lang='grc' dir='ltr'><strong>καῖ</strong></span> <span class='ocrx_word' id='word_1_251' title='bbox 196 2528 307 2606; x_wconf 85' lang='grc' dir='ltr'>ἀγνοεῖν.</span> <span class='ocrx_word' id='word_1_252' title='bbox 332 2528 460 2606; x_wconf 78' lang='grc' dir='ltr'>Καθάπερ</span> <span class='ocrx_word' id='word_1_253' title='bbox 485 2526 668 2604; x_wconf 75' lang='grc' dir='ltr'>δμεθόων,ἢ</span> <span class='ocrx_word' id='word_1_254' title='bbox 691 2529 752 2586; x_wconf 71' lang='grc' dir='ltr'><strong>ὀδό</strong></span> <span class='ocrx_word' id='word_1_255' title='bbox 780 2527 904 2602; x_wconf 86' lang='grc' dir='ltr'>ἀμέλειαν</span> 
     </span>
     <span class='ocr_line' id='line_1_25' title="bbox 126 2613 904 2696; baseline -0.003 -20"><span class='ocrx_word' id='word_1_256' title='bbox 126 2621 225 2696; x_wconf 78' lang='grc' dir='ltr'>ἀγνοῶν</span> <span class='ocrx_word' id='word_1_257' title='bbox 239 2619 281 2675; x_wconf 82' lang='grc' dir='ltr'>τὸν</span> <span class='ocrx_word' id='word_1_258' title='bbox 298 2615 385 2694; x_wconf 90' lang='grc' dir='ltr'>νόμον,</span> <span class='ocrx_word' id='word_1_259' title='bbox 398 2614 427 2674; x_wconf 86' lang='grc' dir='ltr'><strong>δν</strong></span> <span class='ocrx_word' id='word_1_260' title='bbox 438 2615 545 2674; x_wconf 82' lang='grc' dir='ltr'>ἐδύνατο</span> <span class='ocrx_word' id='word_1_261' title='bbox 560 2613 654 2694; x_wconf 76' lang='grc' dir='ltr'>ῥαδίως</span> <span class='ocrx_word' id='word_1_262' title='bbox 670 2617 772 2690; x_wconf 86' lang='grc' dir='ltr'>μαθεῖν·</span> <span class='ocrx_word' id='word_1_263' title='bbox 786 2615 904 2682; x_wconf 85' lang='grc' dir='ltr'>κάκεῖνος</span> 
     </span>
     <span class='ocr_line' id='line_1_26' title="bbox 125 2702 901 2785; baseline -0.005 -19"><span class='ocrx_word' id='word_1_264' title='bbox 125 2712 177 2785; x_wconf 84' lang='grc' dir='ltr'><strong>γάρ</strong></span> <span class='ocrx_word' id='word_1_265' title='bbox 197 2704 278 2772; x_wconf 86' lang='grc' dir='ltr'>αίτιός</span> <span class='ocrx_word' id='word_1_266' title='bbox 300 2707 369 2764; x_wconf 78' lang='grc' dir='ltr'>ἔστιν</span> <span class='ocrx_word' id='word_1_267' title='bbox 386 2707 471 2784; x_wconf 78' lang='grc' dir='ltr'>ἑαυτῷ</span> <span class='ocrx_word' id='word_1_268' title='bbox 486 2703 591 2773; x_wconf 78' lang='grc' dir='ltr'>καὶτῆς</span> <span class='ocrx_word' id='word_1_269' title='bbox 608 2702 711 2782; x_wconf 78' lang='grc' dir='ltr'>ἀγνοίας</span> <span class='ocrx_word' id='word_1_270' title='bbox 729 2703 774 2760; x_wconf 82' lang='grc' dir='ltr'><strong>καί</strong></span> <span class='ocrx_word' id='word_1_271' title='bbox 790 2707 835 2772; x_wconf 81' lang='grc' dir='ltr'><strong>τῆς</strong></span> <span class='ocrx_word' id='word_1_272' title='bbox 853 2727 901 2780; x_wconf 93' lang='grc' dir='ltr'><strong>μο-</strong></span> 
     </span>
     <span class='ocr_line' id='line_1_27' title="bbox 125 2791 903 2874; baseline -0.001 -23"><span class='ocrx_word' id='word_1_273' title='bbox 125 2795 251 2874; x_wconf 77' lang='grc' dir='ltr'>χθηρίας,</span> <span class='ocrx_word' id='word_1_274' title='bbox 267 2795 311 2852; x_wconf 83' lang='grc' dir='ltr'><strong>καὶ</strong></span> <span class='ocrx_word' id='word_1_275' title='bbox 325 2791 392 2852; x_wconf 80' lang='grc' dir='ltr'>ἑκόιν</span> <span class='ocrx_word' id='word_1_276' title='bbox 413 2795 468 2850; x_wconf 81' lang='grc' dir='ltr'>ἔστι</span> <span class='ocrx_word' id='word_1_277' title='bbox 481 2793 621 2870; x_wconf 79' lang='grc' dir='ltr'>μοχθηρός·</span> <span class='ocrx_word' id='word_1_278' title='bbox 643 2791 737 2868; x_wconf 83' lang='grc' dir='ltr'>ὁμοίοις</span> <span class='ocrx_word' id='word_1_279' title='bbox 755 2791 840 2849; x_wconf 78' lang='grc' dir='ltr'>δὲκαὶ</span> <span class='ocrx_word' id='word_1_280' title='bbox 860 2791 903 2850; x_wconf 76' lang='grc' dir='ltr'><strong>ἐπί</strong></span> 
     </span>
     <span class='ocr_line' id='line_1_28' title="bbox 125 2879 905 2958; baseline -0.006 -17"><span class='ocrx_word' id='word_1_281' title='bbox 125 2887 176 2941; x_wconf 86' lang='grc' dir='ltr'>τῶν</span> <span class='ocrx_word' id='word_1_282' title='bbox 192 2884 293 2953; x_wconf 83' lang='grc' dir='ltr'>ἀλλων,</span> <span class='ocrx_word' id='word_1_283' title='bbox 309 2881 325 2941; x_wconf 80' lang='grc' dir='ltr'>ἀ</span> <span class='ocrx_word' id='word_1_284' title='bbox 348 2880 455 2940; x_wconf 82' lang='grc' dir='ltr'>δυνατὸν</span> <span class='ocrx_word' id='word_1_285' title='bbox 469 2884 578 2957; x_wconf 86' lang='grc' dir='ltr'>μαθεῖν,</span> <span class='ocrx_word' id='word_1_286' title='bbox 595 2881 623 2937; x_wconf 82' lang='grc' dir='ltr'><strong>οὐ</strong></span> <span class='ocrx_word' id='word_1_287' title='bbox 638 2879 806 2957; x_wconf 84' lang='grc' dir='ltr'>γινώσκοντες</span> <span class='ocrx_word' id='word_1_288' title='bbox 820 2879 905 2958; x_wconf 85' lang='grc' dir='ltr'>ἆμαρ-</span> 
     </span>
     <span class='ocr_line' id='line_1_29' title="bbox 124 2968 906 3047; baseline -0.005 -17"><span class='ocrx_word' id='word_1_289' title='bbox 124 2973 248 3047; x_wconf 86' lang='grc' dir='ltr'>τάνομεν·</span> <span class='ocrx_word' id='word_1_290' title='bbox 265 2968 310 3030; x_wconf 83' lang='grc' dir='ltr'><strong>καί</strong></span> <span class='ocrx_word' id='word_1_291' title='bbox 325 2969 422 3028; x_wconf 79' lang='grc' dir='ltr'>τούτων</span> <span class='ocrx_word' id='word_1_292' title='bbox 438 2970 515 3027; x_wconf 71' lang='grc' dir='ltr'>ἕνεκα</span> <span class='ocrx_word' id='word_1_293' title='bbox 528 2969 632 3045; x_wconf 79' lang='grc' dir='ltr'>δίδομεν</span> <span class='ocrx_word' id='word_1_294' title='bbox 647 2976 658 3005; x_wconf 74' lang='lat'><strong>⁰</strong></span> <span class='ocrx_word' id='word_1_295' title='bbox 673 2968 747 3038; x_wconf 90' lang='grc' dir='ltr'>δίκην</span> <span class='ocrx_word' id='word_1_296' title='bbox 758 2969 811 3033; x_wconf 87' lang='grc' dir='ltr'>τοῖς</span> <span class='ocrx_word' id='word_1_297' title='bbox 826 2991 906 3044; x_wconf 87' lang='grc' dir='ltr'>νομο-</span> 
     </span>
     <span class='ocr_line' id='line_1_30' title="bbox 126 3054 905 3138; baseline -0.005 -20"><span class='ocrx_word' id='word_1_298' title='bbox 126 3061 220 3127; x_wconf 81' lang='grc' dir='ltr'>θέταις.</span> <span class='ocrx_word' id='word_1_299' title='bbox 241 3059 333 3138; x_wconf 86' lang='grc' dir='ltr'>Κύριοι</span> <span class='ocrx_word' id='word_1_300' title='bbox 353 3059 403 3136; x_wconf 89' lang='grc' dir='ltr'><strong>γάρ</strong></span> <span class='ocrx_word' id='word_1_301' title='bbox 418 3061 498 3134; x_wconf 91' lang='grc' dir='ltr'>ε’σμεν</span> <span class='ocrx_word' id='word_1_302' title='bbox 522 3063 568 3114; x_wconf 78' lang='grc' dir='ltr'>τοῦ</span> <span class='ocrx_word' id='word_1_303' title='bbox 597 3058 633 3134; x_wconf 77' lang='grc' dir='ltr'><strong>μὴ</strong></span> <span class='ocrx_word' id='word_1_304' title='bbox 649 3060 770 3134; x_wconf 88' lang='grc' dir='ltr'>ἀγνοεῖν,</span> <span class='ocrx_word' id='word_1_305' title='bbox 799 3054 839 3113; x_wconf 85' lang='grc' dir='ltr'><strong>ὅτι</strong></span> <span class='ocrx_word' id='word_1_306' title='bbox 867 3058 905 3136; x_wconf 79' lang='grc' dir='ltr'><strong>ἀρ’</strong></span> 
     </span>
     <span class='ocr_line' id='line_1_31' title="bbox 125 3145 863 3223; baseline -0.001 -19"><span class='ocrx_word' id='word_1_307' title='bbox 125 3151 189 3222; x_wconf 77' lang='grc' dir='ltr'>ἡμῖν</span> <span class='ocrx_word' id='word_1_308' title='bbox 204 3149 259 3205; x_wconf 78' lang='grc' dir='ltr'>ἐστι</span> <span class='ocrx_word' id='word_1_309' title='bbox 274 3147 310 3222; x_wconf 81' lang='grc' dir='ltr'><strong>μὴ</strong></span> <span class='ocrx_word' id='word_1_310' title='bbox 324 3147 449 3223; x_wconf 79' lang='grc' dir='ltr'>ἀμελεῖν,</span> <span class='ocrx_word' id='word_1_311' title='bbox 465 3145 533 3203; x_wconf 86' lang='grc' dir='ltr'><strong>ἀλλά</strong></span> <span class='ocrx_word' id='word_1_312' title='bbox 549 3146 740 3220; x_wconf 76' lang='grc' dir='ltr'>ἐπιμεληθῆναι</span> <span class='ocrx_word' id='word_1_313' title='bbox 757 3148 863 3220; x_wconf 87' lang='grc' dir='ltr'>μαθεῖν.</span> 
     </span>
    </p>

    <p class='ocr_par' dir='ltr' id='par_1_5' title="bbox 125 3223 907 4720">
     <span class='ocr_line' id='line_1_32' title="bbox 166 3223 907 3310; baseline -0.003 -16"><span class='ocrx_word' id='word_1_314' title='bbox 166 3234 180 3264; x_wconf 76' lang='lat'><strong>*</strong></span> <span class='ocrx_word' id='word_1_315' title='bbox 197 3237 229 3294; x_wconf 77' lang='lat' dir='ltr'><strong>ll</strong></span> <span class='ocrx_word' id='word_1_316' title='bbox 241 3234 267 3292; x_wconf 85' lang='grc' dir='ltr'><strong>δέ</strong></span> <span class='ocrx_word' id='word_1_317' title='bbox 281 3259 319 3300; x_wconf 88' lang='grc' dir='ltr'><strong>τις</strong></span> <span class='ocrx_word' id='word_1_318' title='bbox 332 3234 374 3292; x_wconf 84' lang='grc' dir='ltr'><strong>καὶ</strong></span> <span class='ocrx_word' id='word_1_319' title='bbox 384 3231 499 3297; x_wconf 81' lang='grc' dir='ltr'>τοιοῦτός</span> <span class='ocrx_word' id='word_1_320' title='bbox 509 3235 588 3304; x_wconf 85' lang='grc' dir='ltr'>ίστιν,</span> <span class='ocrx_word' id='word_1_321' title='bbox 604 3223 654 3299; x_wconf 77' lang='grc' dir='ltr'>οἷος</span> <span class='ocrx_word' id='word_1_322' title='bbox 670 3232 707 3310; x_wconf 78' lang='grc' dir='ltr'><strong>μὴ</strong></span> <span class='ocrx_word' id='word_1_323' title='bbox 720 3234 843 3290; x_wconf 85' lang='grc' dir='ltr'>δύνασθαι</span> <span class='ocrx_word' id='word_1_324' title='bbox 852 3235 907 3292; x_wconf 80' lang='grc' dir='ltr'>ἐπι-</span> 
     </span>
     <span class='ocr_line' id='line_1_33' title="bbox 127 3317 905 3400; baseline -0.005 -22"><span class='ocrx_word' id='word_1_325' title='bbox 127 3325 289 3400; x_wconf 69' lang='grc' dir='ltr'>μεληθῆναι,</span> <span class='ocrx_word' id='word_1_326' title='bbox 308 3323 336 3379; x_wconf 81' lang='grc' dir='ltr'><strong>οὗ</strong></span> <span class='ocrx_word' id='word_1_327' title='bbox 358 3320 400 3378; x_wconf 72' lang='lat' dir='ltr'><strong>tel</strong></span> <span class='ocrx_word' id='word_1_328' title='bbox 417 3325 493 3377; x_wconf 78' lang='grc' dir='ltr'>τοῦτο</span> <span class='ocrx_word' id='word_1_329' title='bbox 512 3319 631 3399; x_wconf 82' lang='grc' dir='ltr'>φεύξεται</span> <span class='ocrx_word' id='word_1_330' title='bbox 654 3317 702 3391; x_wconf 69' lang='grc' dir='ltr'>τὴν</span> <span class='ocrx_word' id='word_1_331' title='bbox 718 3319 801 3390; x_wconf 85' lang='grc' dir='ltr'>δίκην·</span> <span class='ocrx_word' id='word_1_332' title='bbox 826 3321 905 3378; x_wconf 85' lang='grc' dir='ltr'>κολα·</span> 
     </span>
     <span class='ocr_line' id='line_1_34' title="bbox 125 3401 906 3486; baseline -0.005 -18"><span class='ocrx_word' id='word_1_333' title='bbox 125 3411 251 3480; x_wconf 76' lang='grc' dir='ltr'>σθήαεται</span> <span class='ocrx_word' id='word_1_334' title='bbox 264 3409 311 3485; x_wconf 79' lang='grc' dir='ltr'><strong>μὲν</strong></span> <span class='ocrx_word' id='word_1_335' title='bbox 333 3401 377 3467; x_wconf 76' lang='grc' dir='ltr'><strong>οάν</strong></span> <span class='ocrx_word' id='word_1_336' title='bbox 393 3409 435 3466; x_wconf 79' lang='grc' dir='ltr'><strong>διὰ</strong></span> <span class='ocrx_word' id='word_1_337' title='bbox 449 3414 535 3466; x_wconf 79' lang='grc' dir='ltr'>τοῦτο·</span> <span class='ocrx_word' id='word_1_338' title='bbox 557 3407 596 3467; x_wconf 87' lang='grc' dir='ltr'><strong>ότι</strong></span> <span class='ocrx_word' id='word_1_339' title='bbox 609 3407 655 3466; x_wconf 89' lang='grc' dir='ltr'><strong>καῖ</strong></span> <span class='ocrx_word' id='word_1_340' title='bbox 673 3414 718 3467; x_wconf 80' lang='grc' dir='ltr'>τοῦ</span> <span class='ocrx_word' id='word_1_341' title='bbox 732 3407 769 3486; x_wconf 69' lang='grc' dir='ltr'><strong>μὴ</strong></span> <span class='ocrx_word' id='word_1_342' title='bbox 783 3407 906 3466; x_wconf 85' lang='grc' dir='ltr'>δύνασθαι</span> 
     </span>
     <span class='ocr_line' id='line_1_35' title="bbox 127 3495 907 3576; baseline -0.009 -17"><span class='ocrx_word' id='word_1_343' title='bbox 127 3501 319 3574; x_wconf 74' lang='grc' dir='ltr'>ἐπιμεληθῆναι</span> <span class='ocrx_word' id='word_1_344' title='bbox 344 3497 420 3563; x_wconf 81' lang='grc' dir='ltr'>αὐτὸς</span> <span class='ocrx_word' id='word_1_345' title='bbox 436 3500 522 3576; x_wconf 79' lang='grc' dir='ltr'>ἑαυτῷ</span> <span class='ocrx_word' id='word_1_346' title='bbox 542 3495 624 3564; x_wconf 84' lang='grc' dir='ltr'>αἴτιος</span> <span class='ocrx_word' id='word_1_347' title='bbox 645 3497 764 3574; x_wconf 76' lang='grc' dir='ltr'>ἐγένετο,</span> <span class='ocrx_word' id='word_1_348' title='bbox 789 3499 907 3574; x_wconf 83' lang='grc' dir='ltr'>ἀκρατῶς</span> 
     </span>
     <span class='ocr_line' id='line_1_36' title="bbox 125 3577 907 3664; baseline -0.006 -18"><span class='ocrx_word' id='word_1_349' title='bbox 125 3589 172 3646; x_wconf 85' lang='grc' dir='ltr'><strong>καῖ</strong></span> <span class='ocrx_word' id='word_1_350' title='bbox 196 3586 335 3662; x_wconf 85' lang='grc' dir='ltr'>ἀνειμένοις</span> <span class='ocrx_word' id='word_1_351' title='bbox 361 3585 541 3662; x_wconf 83' lang='grc' dir='ltr'>διαιτώμενος·</span> <span class='ocrx_word' id='word_1_352' title='bbox 572 3585 615 3664; x_wconf 85' lang='grc' dir='ltr'><strong>ἀρ’</strong></span> <span class='ocrx_word' id='word_1_353' title='bbox 642 3577 673 3656; x_wconf 74' lang='grc' dir='ltr'>ἧς</span> <span class='ocrx_word' id='word_1_354' title='bbox 701 3585 801 3657; x_wconf 81' lang='grc' dir='ltr'>διαίτης</span> <span class='ocrx_word' id='word_1_355' title='bbox 824 3584 907 3643; x_wconf 82' lang='grc' dir='ltr'>καλοί</span> 
     </span>
     <span class='ocr_line' id='line_1_37' title="bbox 126 3673 903 3755; baseline -0.003 -21"><span class='ocrx_word' id='word_1_356' title='bbox 126 3676 232 3740; x_wconf 88' lang='grc' dir='ltr'>πλείους</span> <span class='ocrx_word' id='word_1_357' title='bbox 248 3674 376 3755; x_wconf 74' lang='grc' dir='ltr'>μοχθηροὶ</span> <span class='ocrx_word' id='word_1_358' title='bbox 385 3674 508 3752; x_wconf 89' lang='grc' dir='ltr'>γίνονται,</span> <span class='ocrx_word' id='word_1_359' title='bbox 521 3673 566 3732; x_wconf 86' lang='grc' dir='ltr'><strong>καῖ</strong></span> <span class='ocrx_word' id='word_1_360' title='bbox 579 3675 677 3746; x_wconf 84' lang='grc' dir='ltr'>ἄδικοι,</span> <span class='ocrx_word' id='word_1_361' title='bbox 688 3674 733 3732; x_wconf 82' lang='grc' dir='ltr'><strong>καὶ</strong></span> <span class='ocrx_word' id='word_1_362' title='bbox 750 3673 903 3733; x_wconf 84' lang='grc' dir='ltr'>ἀκόλαστοι.</span> 
     </span>
     <span class='ocr_line' id='line_1_38' title="bbox 128 3758 906 3843; baseline -0.008 -19"><span class='ocrx_word' id='word_1_363' title='bbox 128 3763 184 3824; x_wconf 78' lang='grc' dir='ltr'><strong>Καὶ</strong></span> <span class='ocrx_word' id='word_1_364' title='bbox 201 3763 252 3843; x_wconf 74' lang='grc' dir='ltr'><strong>γάρ</strong></span> <span class='ocrx_word' id='word_1_365' title='bbox 268 3763 382 3838; x_wconf 86' lang='grc' dir='ltr'>γίνονται</span> <span class='ocrx_word' id='word_1_366' title='bbox 399 3761 445 3838; x_wconf 77' lang='grc' dir='ltr'><strong>μὲν</strong></span> <span class='ocrx_word' id='word_1_367' title='bbox 465 3758 511 3820; x_wconf 82' lang='grc' dir='ltr'><strong>καί</strong></span> <span class='ocrx_word' id='word_1_368' title='bbox 529 3761 581 3820; x_wconf 74' lang='lat' dir='ltr'><strong>drab</strong></span> <span class='ocrx_word' id='word_1_369' title='bbox 596 3766 648 3818; x_wconf 89' lang='grc' dir='ltr'>τῶν</span> <span class='ocrx_word' id='word_1_370' title='bbox 664 3763 760 3819; x_wconf 87' lang='grc' dir='ltr'>ἀδίκων</span> <span class='ocrx_word' id='word_1_371' title='bbox 780 3762 826 3820; x_wconf 81' lang='grc' dir='ltr'><strong>καῖ</strong></span> <span class='ocrx_word' id='word_1_372' title='bbox 844 3764 906 3818; x_wconf 85' lang='grc' dir='ltr'>ἀκο-</span> 
     </span>
     <span class='ocr_line' id='line_1_39' title="bbox 127 3847 905 3929; baseline -0.008 -20"><span class='ocrx_word' id='word_1_373' title='bbox 127 3852 230 3909; x_wconf 85' lang='grc' dir='ltr'>λάστων</span> <span class='ocrx_word' id='word_1_374' title='bbox 254 3849 374 3929; x_wconf 79' lang='grc' dir='ltr'>πράξεων</span> <span class='ocrx_word' id='word_1_375' title='bbox 399 3850 556 3924; x_wconf 79' lang='grc' dir='ltr'>ἐθιζόμενοι,</span> <span class='ocrx_word' id='word_1_376' title='bbox 582 3848 668 3906; x_wconf 83' lang='grc' dir='ltr'>ἄδικοι</span> <span class='ocrx_word' id='word_1_377' title='bbox 691 3849 736 3906; x_wconf 80' lang='grc' dir='ltr'><strong>καί</strong></span> <span class='ocrx_word' id='word_1_378' title='bbox 754 3847 905 3907; x_wconf 86' lang='grc' dir='ltr'>ἀκόλαστοι·</span> 
     </span>
     <span class='ocr_line' id='line_1_40' title="bbox 126 3935 907 4016; baseline -0.001 -21"><span class='ocrx_word' id='word_1_379' title='bbox 126 3939 242 4014; x_wconf 89' lang='grc' dir='ltr'>γίνονται</span> <span class='ocrx_word' id='word_1_380' title='bbox 261 3937 288 3996; x_wconf 76' lang='grc' dir='ltr'><strong>δὲ</strong></span> <span class='ocrx_word' id='word_1_381' title='bbox 305 3939 350 3996; x_wconf 83' lang='grc' dir='ltr'><strong>καί</strong></span> <span class='ocrx_word' id='word_1_382' title='bbox 367 3935 429 3995; x_wconf 84' lang='grc' dir='ltr'>ὅταν</span> <span class='ocrx_word' id='word_1_383' title='bbox 446 3936 510 3996; x_wconf 80' lang='grc' dir='ltr'>αὐτὸ</span> <span class='ocrx_word' id='word_1_384' title='bbox 525 3937 574 4014; x_wconf 81' lang='grc' dir='ltr'><strong>μὲν</strong></span> <span class='ocrx_word' id='word_1_385' title='bbox 586 3937 622 4013; x_wconf 77' lang='grc' dir='ltr'><strong>μὴ</strong></span> <span class='ocrx_word' id='word_1_386' title='bbox 640 3937 809 4016; x_wconf 85' lang='grc' dir='ltr'>προκείμενον</span> <span class='ocrx_word' id='word_1_387' title='bbox 826 3935 907 4014; x_wconf 77' lang='grc' dir='ltr'>ἔχωσι</span> 
     </span>
     <span class='ocr_line' id='line_1_41' title="bbox 127 4025 907 4104; baseline -0.003 -21"><span class='ocrx_word' id='word_1_388' title='bbox 127 4025 156 4084; x_wconf 86' lang='grc' dir='ltr'>τὸ</span> <span class='ocrx_word' id='word_1_389' title='bbox 181 4033 350 4102; x_wconf 85' lang='grc' dir='ltr'>κακουργεῖν,</span> <span class='ocrx_word' id='word_1_390' title='bbox 374 4029 437 4093; x_wconf 87' lang='grc' dir='ltr'>ζῶσι</span> <span class='ocrx_word' id='word_1_391' title='bbox 465 4026 491 4084; x_wconf 80' lang='grc' dir='ltr'><strong>δὲ</strong></span> <span class='ocrx_word' id='word_1_392' title='bbox 522 4027 577 4104; x_wconf 92' lang='grc' dir='ltr'>βίον</span> <span class='ocrx_word' id='word_1_393' title='bbox 599 4025 731 4101; x_wconf 82' lang='grc' dir='ltr'>ἀνειμένον</span> <span class='ocrx_word' id='word_1_394' title='bbox 758 4026 803 4084; x_wconf 78' lang='grc' dir='ltr'><strong>καί</strong></span> <span class='ocrx_word' id='word_1_395' title='bbox 824 4027 907 4102; x_wconf 78' lang='grc' dir='ltr'><strong>τρυρήΙ</strong></span> 
     </span>
     <span class='ocr_line' id='line_1_42' title="bbox 128 4113 907 4192; baseline -0.001 -22"><span class='ocrx_word' id='word_1_396' title='bbox 128 4114 266 4192; x_wconf 62' lang='grc' dir='ltr'><strong>Ιχαίρωσιν·</strong></span> <span class='ocrx_word' id='word_1_397' title='bbox 282 4115 333 4172; x_wconf 81' lang='grc' dir='ltr'><strong>ἀπὸ</strong></span> <span class='ocrx_word' id='word_1_398' title='bbox 347 4114 442 4186; x_wconf 82' lang='grc' dir='ltr'>ταύτης</span> <span class='ocrx_word' id='word_1_399' title='bbox 456 4113 507 4192; x_wconf 84' lang='grc' dir='ltr'><strong>γάρ</strong></span> <span class='ocrx_word' id='word_1_400' title='bbox 521 4118 566 4183; x_wconf 82' lang='grc' dir='ltr'><strong>τῆς</strong></span> <span class='ocrx_word' id='word_1_401' title='bbox 581 4115 680 4184; x_wconf 87' lang='grc' dir='ltr'>διαίτης</span> <span class='ocrx_word' id='word_1_402' title='bbox 695 4115 739 4172; x_wconf 84' lang='grc' dir='ltr'><strong>καῖ</strong></span> <span class='ocrx_word' id='word_1_403' title='bbox 755 4113 797 4171; x_wconf 85' lang='grc' dir='ltr'>ε’πῖ</span> <span class='ocrx_word' id='word_1_404' title='bbox 813 4113 842 4170; x_wconf 70' lang='lat' dir='ltr'><strong>ab</strong></span> <span class='ocrx_word' id='word_1_405' title='bbox 860 4136 907 4169; x_wconf 91' lang='grc' dir='ltr'><strong>κα-</strong></span> 
     </span>
     <span class='ocr_line' id='line_1_43' title="bbox 128 4200 907 4281; baseline -0.003 -23"><span class='ocrx_word' id='word_1_406' title='bbox 128 4210 248 4281; x_wconf 89' lang='grc' dir='ltr'>κουργεῖν</span> <span class='ocrx_word' id='word_1_407' title='bbox 265 4201 399 4280; x_wconf 82' lang='grc' dir='ltr'>ἔρχονται.</span> <span class='ocrx_word' id='word_1_408' title='bbox 415 4201 467 4260; x_wconf 80' lang='grc' dir='ltr'>’λεί</span> <span class='ocrx_word' id='word_1_409' title='bbox 485 4200 536 4280; x_wconf 85' lang='grc' dir='ltr'><strong>γάρ</strong></span> <span class='ocrx_word' id='word_1_410' title='bbox 551 4200 603 4258; x_wconf 80' lang='grc' dir='ltr'><strong>ἀπὸ</strong></span> <span class='ocrx_word' id='word_1_411' title='bbox 617 4205 667 4259; x_wconf 87' lang='grc' dir='ltr'>τῶν</span> <span class='ocrx_word' id='word_1_412' title='bbox 679 4203 812 4277; x_wconf 84' lang='grc' dir='ltr'>ίνεργειῶν</span> <span class='ocrx_word' id='word_1_413' title='bbox 827 4200 907 4266; x_wconf 82' lang='grc' dir='ltr'>ἐθιζό-</span> 
     </span>
     <span class='ocr_line' id='line_1_44' title="bbox 130 4287 906 4370; baseline -0.005 -24"><span class='ocrx_word' id='word_1_414' title='bbox 130 4313 221 4362; x_wconf 88' lang='grc' dir='ltr'>μενοι,</span> <span class='ocrx_word' id='word_1_415' title='bbox 236 4287 322 4356; x_wconf 83' lang='grc' dir='ltr'>καθῶς</span> <span class='ocrx_word' id='word_1_416' title='bbox 335 4289 503 4370; x_wconf 91' lang='grc' dir='ltr'>προείρηται,</span> <span class='ocrx_word' id='word_1_417' title='bbox 514 4291 623 4367; x_wconf 83' lang='grc' dir='ltr'>πονηροί</span> <span class='ocrx_word' id='word_1_418' title='bbox 636 4287 653 4360; x_wconf 74' lang='grc' dir='ltr'>ἢ</span> <span class='ocrx_word' id='word_1_419' title='bbox 667 4287 759 4365; x_wconf 80' lang='grc' dir='ltr'>ἀγαθοὶ</span> <span class='ocrx_word' id='word_1_420' title='bbox 774 4287 906 4363; x_wconf 87' lang='grc' dir='ltr'>γινόμεθα,</span> 
     </span>
     <span class='ocr_line' id='line_1_45' title="bbox 129 4373 907 4454; baseline -0.005 -20"><span class='ocrx_word' id='word_1_421' title='bbox 129 4377 148 4448; x_wconf 79' lang='grc' dir='ltr'>ἢ</span> <span class='ocrx_word' id='word_1_422' title='bbox 164 4375 244 4446; x_wconf 86' lang='grc' dir='ltr'>ἀλλην</span> <span class='ocrx_word' id='word_1_423' title='bbox 263 4377 321 4435; x_wconf 82' lang='grc' dir='ltr'>τινὰ</span> <span class='ocrx_word' id='word_1_424' title='bbox 339 4377 389 4446; x_wconf 73' lang='grc' dir='ltr'>ἕξιν</span> <span class='ocrx_word' id='word_1_425' title='bbox 404 4377 587 4453; x_wconf 77' lang='grc' dir='ltr'>λαμόάνομεν.</span> <span class='ocrx_word' id='word_1_426' title='bbox 606 4377 731 4453; x_wconf 86' lang='grc' dir='ltr'>Καθάπερ</span> <span class='ocrx_word' id='word_1_427' title='bbox 744 4378 847 4454; x_wconf 77' lang='grc' dir='ltr'>δρῶμεν</span> <span class='ocrx_word' id='word_1_428' title='bbox 862 4373 907 4432; x_wconf 83' lang='grc' dir='ltr'><strong>καί</strong></span> 
     </span>
     <span class='ocr_line' id='line_1_46' title="bbox 130 4461 907 4544; baseline -0.006 -22"><span class='ocrx_word' id='word_1_429' title='bbox 130 4464 189 4530; x_wconf 82' lang='grc' dir='ltr'>τοὺς</span> <span class='ocrx_word' id='word_1_430' title='bbox 203 4465 335 4531; x_wconf 73' lang='grc' dir='ltr'>ἐθέλοντας</span> <span class='ocrx_word' id='word_1_431' title='bbox 347 4465 486 4544; x_wconf 76' lang='grc' dir='ltr'>γυμνικοὺς</span> <span class='ocrx_word' id='word_1_432' title='bbox 498 4464 634 4541; x_wconf 82' lang='grc' dir='ltr'>γενέσθαι,</span> <span class='ocrx_word' id='word_1_433' title='bbox 649 4462 666 4534; x_wconf 80' lang='grc' dir='ltr'>ἢ</span> <span class='ocrx_word' id='word_1_434' title='bbox 680 4465 760 4534; x_wconf 86' lang='grc' dir='ltr'>ἄλλην</span> <span class='ocrx_word' id='word_1_435' title='bbox 776 4461 832 4520; x_wconf 79' lang='grc' dir='ltr'>τινὰ</span> <span class='ocrx_word' id='word_1_436' title='bbox 841 4470 907 4540; x_wconf 87' lang='grc' dir='ltr'>πρᾶ·</span> 
     </span>
     <span class='ocr_line' id='line_1_47' title="bbox 132 4549 905 4631; baseline -0.008 -21"><span class='ocrx_word' id='word_1_437' title='bbox 132 4553 169 4621; x_wconf 79' lang='grc' dir='ltr'><strong>ζιν</strong></span> <span class='ocrx_word' id='word_1_438' title='bbox 185 4553 201 4622; x_wconf 75' lang='grc' dir='ltr'><strong>ἢ</strong></span> <span class='ocrx_word' id='word_1_439' title='bbox 217 4553 330 4630; x_wconf 87' lang='grc' dir='ltr'>ἀγιυνίαν</span> <span class='ocrx_word' id='word_1_440' title='bbox 346 4559 480 4630; x_wconf 76' lang='grc' dir='ltr'>ἀσκῆσαι,</span> <span class='ocrx_word' id='word_1_441' title='bbox 500 4557 668 4631; x_wconf 80' lang='grc' dir='ltr'>ε’νεργοῒιντας</span> <span class='ocrx_word' id='word_1_442' title='bbox 679 4551 725 4610; x_wconf 87' lang='grc' dir='ltr'><strong>καί</strong></span> <span class='ocrx_word' id='word_1_443' title='bbox 737 4549 905 4626; x_wconf 80' lang='grc' dir='ltr'>γυμναζομέ-</span> 
     </span>
     <span class='ocr_line' id='line_1_48' title="bbox 129 4633 905 4720; baseline -0.008 -22"><span class='ocrx_word' id='word_1_444' title='bbox 129 4665 186 4706; x_wconf 91' lang='grc' dir='ltr'>νους</span> <span class='ocrx_word' id='word_1_445' title='bbox 200 4644 225 4698; x_wconf 80' lang='grc' dir='ltr'><strong>ἐν</strong></span> <span class='ocrx_word' id='word_1_446' title='bbox 241 4640 364 4717; x_wconf 79' lang='grc' dir='ltr'>πράξεσι,</span> <span class='ocrx_word' id='word_1_447' title='bbox 379 4643 410 4698; x_wconf 86' lang='grc' dir='ltr'><strong>δι’</strong></span> <span class='ocrx_word' id='word_1_448' title='bbox 427 4633 463 4699; x_wconf 77' lang='grc' dir='ltr'><strong>ῶν</strong></span> <span class='ocrx_word' id='word_1_449' title='bbox 479 4644 514 4708; x_wconf 87' lang='grc' dir='ltr'><strong>είς</strong></span> <span class='ocrx_word' id='word_1_450' title='bbox 528 4643 614 4698; x_wconf 81' lang='grc' dir='ltr'>ἐκεῖνα</span> <span class='ocrx_word' id='word_1_451' title='bbox 626 4639 773 4720; x_wconf 74' lang='grc' dir='ltr'>ἀφίξονται.</span> <span class='ocrx_word' id='word_1_452' title='bbox 794 4635 847 4694; x_wconf 78' lang='grc' dir='ltr'><strong>Καὶ</strong></span> <span class='ocrx_word' id='word_1_453' title='bbox 865 4638 905 4693; x_wconf 84' lang='grc' dir='ltr'><strong>οὐ·</strong></span> 
     </span>
    </p>
   </div>
   <div class='ocr_carea' id='block_1_5' title="bbox 947 1284 1732 2443">
    <p class='ocr_par' dir='ltr' id='par_1_6' title="bbox 947 1284 1732 2443">
     <span class='ocr_line' id='line_1_49' title="bbox 950 1284 1730 1342; baseline -0.001 -6"><span class='ocrx_word' id='word_1_454' title='bbox 950 1285 1076 1336; x_wconf 81' lang='lat' dir='ltr'><strong>maleficiis</strong></span> <span class='ocrx_word' id='word_1_455' title='bbox 1096 1284 1242 1336; x_wconf 68' lang='lat' dir='ltr'><strong>deterreant.</strong></span> <span class='ocrx_word' id='word_1_456' title='bbox 1256 1284 1324 1335; x_wconf 84' lang='lat' dir='ltr'><strong>Unde</strong></span> <span class='ocrx_word' id='word_1_457' title='bbox 1341 1284 1501 1334; x_wconf 82' lang='lat' dir='ltr'><strong>manifestum</strong></span> <span class='ocrx_word' id='word_1_458' title='bbox 1516 1286 1566 1342; x_wconf 89' lang='lat' dir='ltr'><strong>est,</strong></span> <span class='ocrx_word' id='word_1_459' title='bbox 1587 1285 1730 1335; x_wconf 84' lang='lat' dir='ltr'><strong>existimare</strong></span> 
     </span>
     <span class='ocr_line' id='line_1_50' title="bbox 951 1369 1729 1434; baseline 0 -14"><span class='ocrx_word' id='word_1_460' title='bbox 951 1383 1007 1430; x_wconf 87' lang='lat' dir='ltr'><strong>eos,</strong></span> <span class='ocrx_word' id='word_1_461' title='bbox 1021 1371 1045 1420; x_wconf 93' lang='lat' dir='ltr'><strong>in</strong></span> <span class='ocrx_word' id='word_1_462' title='bbox 1056 1371 1125 1422; x_wconf 89' lang='lat' dir='ltr'><strong>nobis</strong></span> <span class='ocrx_word' id='word_1_463' title='bbox 1133 1371 1207 1420; x_wconf 87' lang='lat' dir='ltr'><strong>situm</strong></span> <span class='ocrx_word' id='word_1_464' title='bbox 1215 1384 1282 1432; x_wconf 84' lang='lat' dir='ltr'><strong>esse,</strong></span> <span class='ocrx_word' id='word_1_465' title='bbox 1292 1373 1321 1420; x_wconf 90' lang='lat' dir='ltr'><strong>ut</strong></span> <span class='ocrx_word' id='word_1_466' title='bbox 1330 1371 1371 1421; x_wconf 86' lang='lat' dir='ltr'><strong>vel</strong></span> <span class='ocrx_word' id='word_1_467' title='bbox 1381 1369 1487 1434; x_wconf 86' lang='lat' dir='ltr'><strong>improbi</strong></span> <span class='ocrx_word' id='word_1_468' title='bbox 1500 1370 1576 1420; x_wconf 79' lang='lat' dir='ltr'><strong>sinrus</strong></span> <span class='ocrx_word' id='word_1_469' title='bbox 1583 1407 1590 1432; x_wconf 88' lang='lat'><strong>,</strong></span> <span class='ocrx_word' id='word_1_470' title='bbox 1601 1369 1729 1434; x_wconf 80' lang='lat' dir='ltr'><strong>ratpreht,</strong></span> 
     </span>
     <span class='ocr_line' id='line_1_51' title="bbox 950 1454 1731 1519; baseline -0.001 -13"><span class='ocrx_word' id='word_1_471' title='bbox 950 1455 1056 1519; x_wconf 90' lang='lat' dir='ltr'><strong>ideoque</strong></span> <span class='ocrx_word' id='word_1_472' title='bbox 1070 1455 1130 1505; x_wconf 88' lang='lat' dir='ltr'><strong>talia</strong></span> <span class='ocrx_word' id='word_1_473' title='bbox 1141 1454 1289 1519; x_wconf 89' lang='lat' dir='ltr'><strong>persuadere</strong></span> <span class='ocrx_word' id='word_1_474' title='bbox 1304 1455 1358 1504; x_wconf 86' lang='lat' dir='ltr'><strong>aliis</strong></span> <span class='ocrx_word' id='word_1_475' title='bbox 1370 1457 1497 1504; x_wconf 86' lang='lat' dir='ltr'><strong>conantur.</strong></span> <span class='ocrx_word' id='word_1_476' title='bbox 1513 1456 1606 1518; x_wconf 86' lang='lat' dir='ltr'><strong>Nempe</strong></span> <span class='ocrx_word' id='word_1_477' title='bbox 1624 1468 1731 1518; x_wconf 73' lang='lat' dir='ltr'><strong>quaene·</strong></span> 
     </span>
     <span class='ocr_line' id='line_1_52' title="bbox 950 1539 1731 1605; baseline 0.001 -16"><span class='ocrx_word' id='word_1_478' title='bbox 950 1553 999 1604; x_wconf 85' lang='lat' dir='ltr'><strong>que</strong></span> <span class='ocrx_word' id='word_1_479' title='bbox 1013 1541 1136 1591; x_wconf 88' lang='lat' dir='ltr'><strong>innostra</strong></span> <span class='ocrx_word' id='word_1_480' title='bbox 1149 1543 1272 1605; x_wconf 80' lang='lat' dir='ltr'><strong>potestate</strong></span> <span class='ocrx_word' id='word_1_481' title='bbox 1285 1542 1359 1600; x_wconf 92' lang='lat' dir='ltr'><strong>sunt,</strong></span> <span class='ocrx_word' id='word_1_482' title='bbox 1374 1552 1454 1604; x_wconf 91' lang='lat' dir='ltr'><strong>neque</strong></span> <span class='ocrx_word' id='word_1_483' title='bbox 1477 1539 1631 1598; x_wconf 82' lang='lat' dir='ltr'><strong>voluntaria,</strong></span> <span class='ocrx_word' id='word_1_484' title='bbox 1650 1539 1683 1590; x_wconf 90' lang='lat' dir='ltr'><strong>ad</strong></span> <span class='ocrx_word' id='word_1_485' title='bbox 1702 1553 1731 1590; x_wconf 88' lang='lat' dir='ltr'><strong>ea</strong></span> 
     </span>
     <span class='ocr_line' id='line_1_53' title="bbox 950 1623 1730 1690; baseline -0.003 -14"><span class='ocrx_word' id='word_1_486' title='bbox 950 1626 1043 1690; x_wconf 87' lang='lat' dir='ltr'><strong>agenda</strong></span> <span class='ocrx_word' id='word_1_487' title='bbox 1053 1639 1125 1675; x_wconf 92' lang='lat' dir='ltr'><strong>nemo</strong></span> <span class='ocrx_word' id='word_1_488' title='bbox 1132 1623 1292 1688; x_wconf 89' lang='lat' dir='ltr'><strong>prudeusnos</strong></span> <span class='ocrx_word' id='word_1_489' title='bbox 1304 1623 1423 1687; x_wconf 85' lang='lat' dir='ltr'><strong>impellit:</strong></span> <span class='ocrx_word' id='word_1_490' title='bbox 1434 1637 1514 1687; x_wconf 90' lang='lat' dir='ltr'><strong>neque</strong></span> <span class='ocrx_word' id='word_1_491' title='bbox 1523 1624 1588 1674; x_wconf 90' lang='lat' dir='ltr'><strong>euim</strong></span> <span class='ocrx_word' id='word_1_492' title='bbox 1596 1623 1730 1689; x_wconf 82' lang='lat' dir='ltr'><strong>quisquam</strong></span> 
     </span>
     <span class='ocr_line' id='line_1_54' title="bbox 949 1706 1730 1774; baseline -0.004 -13"><span class='ocrx_word' id='word_1_493' title='bbox 949 1711 1020 1761; x_wconf 86' lang='lat' dir='ltr'><strong>alteri</strong></span> <span class='ocrx_word' id='word_1_494' title='bbox 1033 1707 1180 1774; x_wconf 86' lang='lat' dir='ltr'><strong>persuadeat</strong></span> <span class='ocrx_word' id='word_1_495' title='bbox 1188 1745 1195 1769; x_wconf 92' lang='lat'><strong>,</strong></span> <span class='ocrx_word' id='word_1_496' title='bbox 1204 1710 1233 1756; x_wconf 91' lang='lat' dir='ltr'><strong>ut</strong></span> <span class='ocrx_word' id='word_1_497' title='bbox 1241 1721 1271 1756; x_wconf 91' lang='lat' dir='ltr'><strong>ne</strong></span> <span class='ocrx_word' id='word_1_498' title='bbox 1283 1706 1397 1766; x_wconf 81' lang='lat' dir='ltr'><strong>calescat,</strong></span> <span class='ocrx_word' id='word_1_499' title='bbox 1411 1706 1451 1756; x_wconf 87' lang='lat' dir='ltr'><strong>vel</strong></span> <span class='ocrx_word' id='word_1_500' title='bbox 1461 1709 1487 1755; x_wconf 89' lang='lat' dir='ltr'><strong>ut</strong></span> <span class='ocrx_word' id='word_1_501' title='bbox 1497 1707 1592 1766; x_wconf 86' lang='lat' dir='ltr'><strong>dolent,</strong></span> <span class='ocrx_word' id='word_1_502' title='bbox 1607 1707 1730 1758; x_wconf 77' lang='lat' dir='ltr'><strong>ueletiam</strong></span> 
     </span>
     <span class='ocr_line' id='line_1_55' title="bbox 948 1792 1731 1858; baseline -0.004 -11"><span class='ocrx_word' id='word_1_503' title='bbox 948 1797 1055 1856; x_wconf 86' lang='lat' dir='ltr'><strong>esuriat,</strong></span> <span class='ocrx_word' id='word_1_504' title='bbox 1070 1795 1110 1844; x_wconf 82' lang='lat' dir='ltr'><strong>vel</strong></span> <span class='ocrx_word' id='word_1_505' title='bbox 1126 1793 1193 1844; x_wconf 89' lang='lat' dir='ltr'><strong>eliud</strong></span> <span class='ocrx_word' id='word_1_506' title='bbox 1205 1792 1265 1856; x_wconf 89' lang='lat' dir='ltr'><strong>qnld</strong></span> <span class='ocrx_word' id='word_1_507' title='bbox 1276 1792 1338 1853; x_wconf 87' lang='lat' dir='ltr'><strong>tale,</strong></span> <span class='ocrx_word' id='word_1_508' title='bbox 1354 1793 1421 1856; x_wconf 91' lang='lat' dir='ltr'><strong>quod</strong></span> <span class='ocrx_word' id='word_1_509' title='bbox 1436 1805 1484 1841; x_wconf 92' lang='lat' dir='ltr'><strong>non</strong></span> <span class='ocrx_word' id='word_1_510' title='bbox 1498 1795 1536 1842; x_wconf 87' lang='lat' dir='ltr'><strong>est</strong></span> <span class='ocrx_word' id='word_1_511' title='bbox 1550 1792 1575 1842; x_wconf 89' lang='lat' dir='ltr'><strong>in</strong></span> <span class='ocrx_word' id='word_1_512' title='bbox 1589 1799 1674 1844; x_wconf 87' lang='lat' dir='ltr'><strong>nostra</strong></span> <span class='ocrx_word' id='word_1_513' title='bbox 1685 1807 1731 1858; x_wconf 93' lang='lat' dir='ltr'><strong>po-</strong></span> 
     </span>
     <span class='ocr_line' id='line_1_56' title="bbox 948 1876 1732 1944; baseline -0.003 -12"><span class='ocrx_word' id='word_1_514' title='bbox 948 1883 1052 1932; x_wconf 82' lang='lat' dir='ltr'><strong>testate:</strong></span> <span class='ocrx_word' id='word_1_515' title='bbox 1061 1877 1392 1944; x_wconf 87' lang='lat' dir='ltr'><strong>qnoniamnibilbnjnsmodi</strong></span> <span class='ocrx_word' id='word_1_516' title='bbox 1403 1876 1479 1928; x_wconf 86' lang='lat' dir='ltr'><strong>elficit</strong></span> <span class='ocrx_word' id='word_1_517' title='bbox 1487 1877 1635 1940; x_wconf 80' lang='lat' dir='ltr'><strong>adhortatio,</strong></span> <span class='ocrx_word' id='word_1_518' title='bbox 1645 1892 1732 1942; x_wconf 84' lang='lat' dir='ltr'><strong>quam·</strong></span> 
     </span>
     <span class='ocr_line' id='line_1_57' title="bbox 948 1959 1729 2024; baseline -0.008 -8"><span class='ocrx_word' id='word_1_519' title='bbox 948 1967 987 2016; x_wconf 85' lang='lat' dir='ltr'><strong>ris</strong></span> <span class='ocrx_word' id='word_1_520' title='bbox 1002 1965 1049 2014; x_wconf 95' lang='lat' dir='ltr'><strong>hoc</strong></span> <span class='ocrx_word' id='word_1_521' title='bbox 1066 1963 1226 2012; x_wconf 87' lang='lat' dir='ltr'><strong>vehementer</strong></span> <span class='ocrx_word' id='word_1_522' title='bbox 1240 1963 1309 2024; x_wconf 91' lang='lat' dir='ltr'><strong>optet</strong></span> <span class='ocrx_word' id='word_1_523' title='bbox 1326 1960 1370 2024; x_wconf 89' lang='lat' dir='ltr'><strong>qui</strong></span> <span class='ocrx_word' id='word_1_524' title='bbox 1388 1959 1552 2009; x_wconf 86' lang='lat' dir='ltr'><strong>admonetur:</strong></span> <span class='ocrx_word' id='word_1_525' title='bbox 1572 1960 1649 2010; x_wconf 86' lang='lat' dir='ltr'><strong>nihilo</strong></span> <span class='ocrx_word' id='word_1_526' title='bbox 1665 1962 1729 2012; x_wconf 89' lang='lat' dir='ltr'><strong>enim</strong></span> 
     </span>
     <span class='ocr_line' id='line_1_58' title="bbox 947 2043 1730 2112; baseline -0.004 -12"><span class='ocrx_word' id='word_1_527' title='bbox 947 2051 1030 2102; x_wconf 90' lang='lat' dir='ltr'><strong>minos</strong></span> <span class='ocrx_word' id='word_1_528' title='bbox 1047 2060 1076 2098; x_wconf 92' lang='lat' dir='ltr'><strong>ea</strong></span> <span class='ocrx_word' id='word_1_529' title='bbox 1088 2045 1248 2112; x_wconf 79' lang='lat' dir='ltr'><strong>perferemus.</strong></span> <span class='ocrx_word' id='word_1_530' title='bbox 1270 2043 1388 2094; x_wconf 88' lang='lat' dir='ltr'><strong>Similiter</strong></span> <span class='ocrx_word' id='word_1_531' title='bbox 1406 2043 1427 2093; x_wconf 87' lang='lat' dir='ltr'><strong>si</strong></span> <span class='ocrx_word' id='word_1_532' title='bbox 1446 2043 1504 2108; x_wconf 88' lang='lat' dir='ltr'><strong>quis</strong></span> <span class='ocrx_word' id='word_1_533' title='bbox 1520 2043 1616 2095; x_wconf 85' lang='lat' dir='ltr'><strong>inritus</strong></span> <span class='ocrx_word' id='word_1_534' title='bbox 1636 2045 1730 2110; x_wconf 87' lang='lat' dir='ltr'><strong>aliquid</strong></span> 
     </span>
     <span class='ocr_line' id='line_1_59' title="bbox 947 2127 1728 2196; baseline -0.003 -16"><span class='ocrx_word' id='word_1_535' title='bbox 947 2132 1043 2196; x_wconf 85' lang='lat' dir='ltr'><strong>ignorat</strong></span> <span class='ocrx_word' id='word_1_536' title='bbox 1056 2130 1124 2194; x_wconf 92' lang='lat' dir='ltr'><strong>quod</strong></span> <span class='ocrx_word' id='word_1_537' title='bbox 1134 2129 1196 2178; x_wconf 83' lang='lat' dir='ltr'><strong>scire</strong></span> <span class='ocrx_word' id='word_1_538' title='bbox 1207 2142 1256 2176; x_wconf 93' lang='lat' dir='ltr'><strong>non</strong></span> <span class='ocrx_word' id='word_1_539' title='bbox 1266 2129 1361 2192; x_wconf 89' lang='lat' dir='ltr'><strong>potest,</strong></span> <span class='ocrx_word' id='word_1_540' title='bbox 1377 2127 1443 2176; x_wconf 90' lang='lat' dir='ltr'><strong>hunc</strong></span> <span class='ocrx_word' id='word_1_541' title='bbox 1457 2141 1529 2176; x_wconf 89' lang='lat' dir='ltr'><strong>nemo</strong></span> <span class='ocrx_word' id='word_1_542' title='bbox 1545 2127 1728 2190; x_wconf 88' lang='lat' dir='ltr'><strong>adhortabitur,</strong></span> 
     </span>
     <span class='ocr_line' id='line_1_60' title="bbox 947 2210 1727 2279; baseline -0.001 -14"><span class='ocrx_word' id='word_1_543' title='bbox 947 2219 977 2266; x_wconf 91' lang='lat' dir='ltr'><strong>ut</strong></span> <span class='ocrx_word' id='word_1_544' title='bbox 995 2215 1074 2279; x_wconf 90' lang='lat' dir='ltr'><strong>possit</strong></span> <span class='ocrx_word' id='word_1_545' title='bbox 1087 2213 1163 2274; x_wconf 91' lang='lat' dir='ltr'><strong>scire,</strong></span> <span class='ocrx_word' id='word_1_546' title='bbox 1183 2213 1242 2276; x_wconf 88' lang='lat' dir='ltr'><strong>quia</strong></span> <span class='ocrx_word' id='word_1_547' title='bbox 1255 2215 1354 2262; x_wconf 87' lang='lat' dir='ltr'><strong>nonest</strong></span> <span class='ocrx_word' id='word_1_548' title='bbox 1367 2210 1391 2260; x_wconf 92' lang='lat' dir='ltr'><strong>in</strong></span> <span class='ocrx_word' id='word_1_549' title='bbox 1409 2225 1438 2260; x_wconf 89' lang='lat' dir='ltr'><strong>eo</strong></span> <span class='ocrx_word' id='word_1_550' title='bbox 1454 2213 1544 2269; x_wconf 81' lang='lat' dir='ltr'><strong>eitum.</strong></span> <span class='ocrx_word' id='word_1_551' title='bbox 1560 2217 1589 2263; x_wconf 93' lang='lat' dir='ltr'><strong>ut</strong></span> <span class='ocrx_word' id='word_1_552' title='bbox 1608 2216 1654 2264; x_wconf 85' lang='lat' dir='ltr'><strong>ant</strong></span> <span class='ocrx_word' id='word_1_553' title='bbox 1664 2215 1727 2264; x_wconf 86' lang='lat' dir='ltr'><strong>sciet</strong></span> 
     </span>
     <span class='ocr_line' id='line_1_61' title="bbox 948 2295 1723 2362; baseline -0.003 -13"><span class='ocrx_word' id='word_1_554' title='bbox 948 2302 992 2349; x_wconf 87' lang='lat' dir='ltr'><strong>aut</strong></span> <span class='ocrx_word' id='word_1_555' title='bbox 1008 2299 1103 2362; x_wconf 81' lang='lat' dir='ltr'><strong>ignoret</strong></span> <span class='ocrx_word' id='word_1_556' title='bbox 1119 2311 1125 2344; x_wconf 76' lang='grc' dir='ltr'><strong>ε</strong></span> <span class='ocrx_word' id='word_1_557' title='bbox 1142 2296 1185 2360; x_wconf 91' lang='lat' dir='ltr'><strong>qui</strong></span> <span class='ocrx_word' id='word_1_558' title='bbox 1200 2310 1259 2345; x_wconf 88' lang='lat' dir='ltr'><strong>vero</strong></span> <span class='ocrx_word' id='word_1_559' title='bbox 1275 2295 1421 2360; x_wconf 71' lang='lat' dir='ltr'><strong>ignorantiae</strong></span> <span class='ocrx_word' id='word_1_560' title='bbox 1431 2309 1484 2344; x_wconf 82' lang='lat' dir='ltr'><strong>snae</strong></span> <span class='ocrx_word' id='word_1_561' title='bbox 1497 2296 1594 2360; x_wconf 90' lang='lat' dir='ltr'><strong>culpam</strong></span> <span class='ocrx_word' id='word_1_562' title='bbox 1609 2298 1723 2356; x_wconf 87' lang='lat' dir='ltr'><strong>sustinet,</strong></span> 
     </span>
     <span class='ocr_line' id='line_1_62' title="bbox 948 2377 1725 2443; baseline -0.001 -12"><span class='ocrx_word' id='word_1_563' title='bbox 948 2381 1013 2432; x_wconf 88' lang='lat' dir='ltr'><strong>unde</strong></span> <span class='ocrx_word' id='word_1_564' title='bbox 1026 2383 1113 2430; x_wconf 86' lang='lat' dir='ltr'><strong>netum</strong></span> <span class='ocrx_word' id='word_1_565' title='bbox 1126 2381 1165 2428; x_wconf 90' lang='lat' dir='ltr'><strong>est</strong></span> <span class='ocrx_word' id='word_1_566' title='bbox 1176 2379 1237 2427; x_wconf 91' lang='lat' dir='ltr'><strong>illud</strong></span> <span class='ocrx_word' id='word_1_567' title='bbox 1249 2378 1350 2437; x_wconf 86' lang='lat' dir='ltr'><strong>melum,</strong></span> <span class='ocrx_word' id='word_1_568' title='bbox 1364 2378 1484 2440; x_wconf 86' lang='lat' dir='ltr'><strong>supplicio</strong></span> <span class='ocrx_word' id='word_1_569' title='bbox 1493 2377 1600 2428; x_wconf 84' lang='lat' dir='ltr'><strong>allicitur</strong></span> <span class='ocrx_word' id='word_1_570' title='bbox 1616 2393 1622 2425; x_wconf 92' lang='lat'>:</span> <span class='ocrx_word' id='word_1_571' title='bbox 1636 2383 1725 2443; x_wconf 89' lang='lat' dir='ltr'><strong>sponte</strong></span> 
     </span>
    </p>
   </div>
   <div class='ocr_carea' id='block_1_6' title="bbox 948 2462 1739 4691">
    <p class='ocr_par' dir='ltr' id='par_1_7' title="bbox 948 2462 1731 3202">
     <span class='ocr_line' id='line_1_63' title="bbox 948 2462 1729 2529; baseline -0.003 -11"><span class='ocrx_word' id='word_1_572' title='bbox 948 2465 1014 2518; x_wconf 89' lang='lat' dir='ltr'><strong>enim</strong></span> <span class='ocrx_word' id='word_1_573' title='bbox 1033 2465 1144 2529; x_wconf 80' lang='lat' dir='ltr'><strong>ignorare</strong></span> <span class='ocrx_word' id='word_1_574' title='bbox 1157 2464 1264 2522; x_wconf 82' lang='lat' dir='ltr'><strong>videtur,</strong></span> <span class='ocrx_word' id='word_1_575' title='bbox 1282 2464 1372 2526; x_wconf 89' lang='lat' dir='ltr'><strong>inipso</strong></span> <span class='ocrx_word' id='word_1_576' title='bbox 1392 2462 1467 2512; x_wconf 84' lang='lat' dir='ltr'><strong>situm</strong></span> <span class='ocrx_word' id='word_1_577' title='bbox 1481 2475 1547 2522; x_wconf 84' lang='lat' dir='ltr'><strong>esse.</strong></span> <span class='ocrx_word' id='word_1_578' title='bbox 1563 2466 1593 2513; x_wconf 94' lang='lat' dir='ltr'><strong>ut</strong></span> <span class='ocrx_word' id='word_1_579' title='bbox 1611 2464 1651 2514; x_wconf 83' lang='lat' dir='ltr'><strong>rel</strong></span> <span class='ocrx_word' id='word_1_580' title='bbox 1667 2464 1729 2516; x_wconf 84' lang='lat' dir='ltr'><strong>sciat</strong></span> 
     </span>
     <span class='ocr_line' id='line_1_64' title="bbox 949 2545 1728 2614; baseline 0 -17"><span class='ocrx_word' id='word_1_581' title='bbox 949 2551 988 2599; x_wconf 85' lang='lat' dir='ltr'><strong>rel</strong></span> <span class='ocrx_word' id='word_1_582' title='bbox 997 2549 1099 2614; x_wconf 83' lang='lat' dir='ltr'><strong>ignoret.</strong></span> <span class='ocrx_word' id='word_1_583' title='bbox 1115 2549 1190 2598; x_wconf 84' lang='lat' dir='ltr'><strong>Velut</strong></span> <span class='ocrx_word' id='word_1_584' title='bbox 1204 2548 1278 2596; x_wconf 88' lang='lat' dir='ltr'><strong>homo</strong></span> <span class='ocrx_word' id='word_1_585' title='bbox 1287 2546 1371 2596; x_wconf 87' lang='lat' dir='ltr'><strong>ebrius</strong></span> <span class='ocrx_word' id='word_1_586' title='bbox 1382 2547 1425 2595; x_wconf 82' lang='lat' dir='ltr'><strong>rut</strong></span> <span class='ocrx_word' id='word_1_587' title='bbox 1437 2559 1481 2610; x_wconf 91' lang='lat' dir='ltr'><strong>per</strong></span> <span class='ocrx_word' id='word_1_588' title='bbox 1492 2545 1613 2596; x_wconf 87' lang='lat' dir='ltr'><strong>incuriam</strong></span> <span class='ocrx_word' id='word_1_589' title='bbox 1626 2545 1728 2611; x_wconf 85' lang='lat' dir='ltr'><strong>ignarus</strong></span> 
     </span>
     <span class='ocr_line' id='line_1_65' title="bbox 949 2629 1725 2697; baseline -0.004 -14"><span class='ocrx_word' id='word_1_590' title='bbox 949 2634 1023 2697; x_wconf 86' lang='lat' dir='ltr'><strong>legis,</strong></span> <span class='ocrx_word' id='word_1_591' title='bbox 1039 2646 1113 2696; x_wconf 87' lang='lat' dir='ltr'><strong>quam</strong></span> <span class='ocrx_word' id='word_1_592' title='bbox 1127 2630 1222 2680; x_wconf 88' lang='lat' dir='ltr'><strong>discere</strong></span> <span class='ocrx_word' id='word_1_593' title='bbox 1239 2629 1310 2679; x_wconf 88' lang='lat' dir='ltr'><strong>tacite</strong></span> <span class='ocrx_word' id='word_1_594' title='bbox 1323 2631 1421 2692; x_wconf 87' lang='lat' dir='ltr'><strong>peterat</strong></span> <span class='ocrx_word' id='word_1_595' title='bbox 1446 2644 1451 2676; x_wconf 96' lang='lat'><strong>:</strong></span> <span class='ocrx_word' id='word_1_596' title='bbox 1473 2643 1530 2678; x_wconf 88' lang='lat' dir='ltr'><strong>narn</strong></span> <span class='ocrx_word' id='word_1_597' title='bbox 1551 2632 1577 2678; x_wconf 89' lang='lat' dir='ltr'><strong>et</strong></span> <span class='ocrx_word' id='word_1_598' title='bbox 1592 2629 1635 2679; x_wconf 90' lang='lat' dir='ltr'><strong>ills</strong></span> <span class='ocrx_word' id='word_1_599' title='bbox 1654 2631 1725 2693; x_wconf 86' lang='lat' dir='ltr'><strong>igno-</strong></span> 
     </span>
     <span class='ocr_line' id='line_1_66' title="bbox 949 2711 1730 2779; baseline -0.003 -11"><span class='ocrx_word' id='word_1_600' title='bbox 949 2717 1036 2768; x_wconf 72' lang='lat' dir='ltr'><strong>rantiae</strong></span> <span class='ocrx_word' id='word_1_601' title='bbox 1055 2715 1102 2766; x_wconf 89' lang='lat' dir='ltr'><strong>sibl</strong></span> <span class='ocrx_word' id='word_1_602' title='bbox 1119 2715 1187 2764; x_wconf 87' lang='lat' dir='ltr'><strong>illius</strong></span> <span class='ocrx_word' id='word_1_603' title='bbox 1198 2718 1222 2763; x_wconf 91' lang='lat' dir='ltr'><strong>et</strong></span> <span class='ocrx_word' id='word_1_604' title='bbox 1239 2711 1406 2776; x_wconf 83' lang='lat' dir='ltr'><strong>improbitatis</strong></span> <span class='ocrx_word' id='word_1_605' title='bbox 1424 2715 1511 2761; x_wconf 87' lang='lat' dir='ltr'><strong>auctor</strong></span> <span class='ocrx_word' id='word_1_606' title='bbox 1527 2715 1578 2770; x_wconf 84' lang='lat' dir='ltr'><strong>est,</strong></span> <span class='ocrx_word' id='word_1_607' title='bbox 1595 2712 1730 2779; x_wconf 85' lang='lat' dir='ltr'><strong>volensque</strong></span> 
     </span>
     <span class='ocr_line' id='line_1_67' title="bbox 950 2795 1730 2866; baseline -0.005 -14"><span class='ocrx_word' id='word_1_608' title='bbox 950 2804 988 2852; x_wconf 92' lang='lat' dir='ltr'><strong>est</strong></span> <span class='ocrx_word' id='word_1_609' title='bbox 1001 2801 1129 2866; x_wconf 89' lang='lat' dir='ltr'><strong>improbus</strong></span> <span class='ocrx_word' id='word_1_610' title='bbox 1143 2817 1149 2848; x_wconf 79' lang='grc' dir='ltr'>τ</span> <span class='ocrx_word' id='word_1_611' title='bbox 1164 2798 1224 2848; x_wconf 90' lang='lat' dir='ltr'><strong>item</strong></span> <span class='ocrx_word' id='word_1_612' title='bbox 1238 2797 1264 2846; x_wconf 88' lang='lat' dir='ltr'><strong>in</strong></span> <span class='ocrx_word' id='word_1_613' title='bbox 1278 2795 1387 2854; x_wconf 73' lang='lat' dir='ltr'><strong>caeteris,</strong></span> <span class='ocrx_word' id='word_1_614' title='bbox 1401 2809 1458 2860; x_wconf 86' lang='lat' dir='ltr'><strong>quas</strong></span> <span class='ocrx_word' id='word_1_615' title='bbox 1470 2796 1533 2844; x_wconf 88' lang='lat' dir='ltr'><strong>scire</strong></span> <span class='ocrx_word' id='word_1_616' title='bbox 1544 2799 1694 2860; x_wconf 85' lang='lat' dir='ltr'><strong>poteramus,</strong></span> <span class='ocrx_word' id='word_1_617' title='bbox 1708 2798 1730 2849; x_wconf 90' lang='lat' dir='ltr'><strong>si</strong></span> 
     </span>
     <span class='ocr_line' id='line_1_68' title="bbox 950 2879 1729 2951; baseline -0.005 -15"><span class='ocrx_word' id='word_1_618' title='bbox 950 2887 1090 2951; x_wconf 84' lang='lat' dir='ltr'><strong>ignoremus</strong></span> <span class='ocrx_word' id='word_1_619' title='bbox 1104 2897 1140 2943; x_wconf 86' lang='lat' dir='ltr'><strong>ea,</strong></span> <span class='ocrx_word' id='word_1_620' title='bbox 1155 2895 1258 2947; x_wconf 87' lang='lat' dir='ltr'><strong>peccare</strong></span> <span class='ocrx_word' id='word_1_621' title='bbox 1271 2880 1378 2932; x_wconf 84' lang='lat' dir='ltr'><strong>dicimur</strong></span> <span class='ocrx_word' id='word_1_622' title='bbox 1397 2900 1403 2930; x_wconf 73' lang='grc' dir='ltr'><strong>ι</strong></span> <span class='ocrx_word' id='word_1_623' title='bbox 1419 2879 1524 2944; x_wconf 87' lang='lat' dir='ltr'><strong>ideoque</strong></span> <span class='ocrx_word' id='word_1_624' title='bbox 1537 2894 1634 2944; x_wconf 68' lang='lat' dir='ltr'><strong>pernam</strong></span> <span class='ocrx_word' id='word_1_625' title='bbox 1647 2882 1729 2946; x_wconf 87' lang='lat' dir='ltr'><strong>legum</strong></span> 
     </span>
     <span class='ocr_line' id='line_1_69' title="bbox 949 2965 1730 3028; baseline -0.003 -8"><span class='ocrx_word' id='word_1_626' title='bbox 949 2971 1070 3022; x_wconf 85' lang='lat' dir='ltr'><strong>latoribus</strong></span> <span class='ocrx_word' id='word_1_627' title='bbox 1086 2969 1183 3018; x_wconf 87' lang='lat' dir='ltr'><strong>damus.</strong></span> <span class='ocrx_word' id='word_1_628' title='bbox 1204 2967 1326 3016; x_wconf 87' lang='lat' dir='ltr'><strong>ltimirum</strong></span> <span class='ocrx_word' id='word_1_629' title='bbox 1339 2965 1366 3014; x_wconf 90' lang='lat' dir='ltr'><strong>in</strong></span> <span class='ocrx_word' id='word_1_630' title='bbox 1379 2967 1463 3014; x_wconf 89' lang='lat' dir='ltr'><strong>nostra</strong></span> <span class='ocrx_word' id='word_1_631' title='bbox 1479 2967 1602 3028; x_wconf 87' lang='lat' dir='ltr'><strong>potestate</strong></span> <span class='ocrx_word' id='word_1_632' title='bbox 1622 2968 1661 3016; x_wconf 91' lang='lat' dir='ltr'><strong>est</strong></span> <span class='ocrx_word' id='word_1_633' title='bbox 1681 2981 1730 3018; x_wconf 91' lang='lat' dir='ltr'><strong>non</strong></span> 
     </span>
     <span class='ocr_line' id='line_1_70' title="bbox 950 3049 1731 3118; baseline -0.008 -13"><span class='ocrx_word' id='word_1_634' title='bbox 950 3057 1061 3118; x_wconf 87' lang='lat' dir='ltr'><strong>ignorare</strong></span> <span class='ocrx_word' id='word_1_635' title='bbox 1077 3053 1131 3111; x_wconf 92' lang='lat' dir='ltr'><strong>illa,</strong></span> <span class='ocrx_word' id='word_1_636' title='bbox 1145 3053 1204 3117; x_wconf 86' lang='lat' dir='ltr'><strong>quie</strong></span> <span class='ocrx_word' id='word_1_637' title='bbox 1214 3052 1239 3100; x_wconf 94' lang='lat' dir='ltr'><strong>in</strong></span> <span class='ocrx_word' id='word_1_638' title='bbox 1250 3050 1321 3100; x_wconf 88' lang='lat' dir='ltr'><strong>nobis</strong></span> <span class='ocrx_word' id='word_1_639' title='bbox 1335 3050 1411 3100; x_wconf 90' lang='lat' dir='ltr'><strong>sitnm</strong></span> <span class='ocrx_word' id='word_1_640' title='bbox 1423 3053 1460 3098; x_wconf 89' lang='lat' dir='ltr'><strong>est</strong></span> <span class='ocrx_word' id='word_1_641' title='bbox 1470 3090 1475 3107; x_wconf 91' lang='grc'>,</span> <span class='ocrx_word' id='word_1_642' title='bbox 1487 3052 1517 3099; x_wconf 92' lang='lat' dir='ltr'><strong>ut</strong></span> <span class='ocrx_word' id='word_1_643' title='bbox 1529 3049 1638 3100; x_wconf 84' lang='lat' dir='ltr'><strong>vitemus</strong></span> <span class='ocrx_word' id='word_1_644' title='bbox 1656 3051 1731 3114; x_wconf 76' lang='lat' dir='ltr'><strong>negti·</strong></span> 
     </span>
     <span class='ocr_line' id='line_1_71' title="bbox 950 3131 1728 3202; baseline -0.004 -15"><span class='ocrx_word' id='word_1_645' title='bbox 950 3138 1070 3202; x_wconf 86' lang='lat' dir='ltr'><strong>gentium,</strong></span> <span class='ocrx_word' id='word_1_646' title='bbox 1092 3147 1242 3200; x_wconf 87' lang='lat' dir='ltr'><strong>operamque</strong></span> <span class='ocrx_word' id='word_1_647' title='bbox 1254 3134 1280 3182; x_wconf 92' lang='lat' dir='ltr'><strong>in</strong></span> <span class='ocrx_word' id='word_1_648' title='bbox 1290 3146 1376 3182; x_wconf 91' lang='lat' dir='ltr'><strong>eorum</strong></span> <span class='ocrx_word' id='word_1_649' title='bbox 1393 3131 1581 3196; x_wconf 84' lang='lat' dir='ltr'><strong>investigatione</strong></span> <span class='ocrx_word' id='word_1_650' title='bbox 1599 3147 1728 3196; x_wconf 89' lang='lat' dir='ltr'><strong>ponamus.</strong></span> 
     </span>
    </p>

    <p class='ocr_par' dir='ltr' id='par_1_8' title="bbox 950 3220 1739 4691">
     <span class='ocr_line' id='line_1_72' title="bbox 981 3220 1731 3288; baseline -0.004 -13"><span class='ocrx_word' id='word_1_651' title='bbox 981 3225 1077 3284; x_wconf 83' lang='lat' dir='ltr'><strong>Quodsi</strong></span> <span class='ocrx_word' id='word_1_652' title='bbox 1094 3224 1151 3288; x_wconf 89' lang='lat' dir='ltr'><strong>quis</strong></span> <span class='ocrx_word' id='word_1_653' title='bbox 1168 3221 1225 3272; x_wconf 88' lang='lat' dir='ltr'><strong>talis</strong></span> <span class='ocrx_word' id='word_1_654' title='bbox 1242 3223 1295 3279; x_wconf 89' lang='lat' dir='ltr'><strong>est,</strong></span> <span class='ocrx_word' id='word_1_655' title='bbox 1316 3222 1346 3270; x_wconf 88' lang='lat' dir='ltr'><strong>ut</strong></span> <span class='ocrx_word' id='word_1_656' title='bbox 1370 3221 1521 3283; x_wconf 81' lang='lat' dir='ltr'><strong>diligentiam</strong></span> <span class='ocrx_word' id='word_1_657' title='bbox 1546 3220 1664 3272; x_wconf 88' lang='lat' dir='ltr'><strong>adhibere</strong></span> <span class='ocrx_word' id='word_1_658' title='bbox 1682 3234 1731 3272; x_wconf 91' lang='lat' dir='ltr'><strong>non</strong></span> 
     </span>
     <span class='ocr_line' id='line_1_73' title="bbox 950 3309 1731 3382; baseline -0.009 -17"><span class='ocrx_word' id='word_1_659' title='bbox 950 3315 1040 3382; x_wconf 88' lang='lat' dir='ltr'><strong>possit,</strong></span> <span class='ocrx_word' id='word_1_660' title='bbox 1057 3327 1106 3363; x_wconf 91' lang='lat' dir='ltr'><strong>non</strong></span> <span class='ocrx_word' id='word_1_661' title='bbox 1119 3315 1202 3362; x_wconf 61' lang='lat' dir='ltr'><strong>umen</strong></span> <span class='ocrx_word' id='word_1_662' title='bbox 1213 3312 1343 3374; x_wconf 86' lang='lat' dir='ltr'><strong>propterea</strong></span> <span class='ocrx_word' id='word_1_663' title='bbox 1355 3323 1453 3372; x_wconf 86' lang='lat' dir='ltr'><strong>poenam</strong></span> <span class='ocrx_word' id='word_1_664' title='bbox 1465 3309 1630 3372; x_wconf 82' lang='lat' dir='ltr'><strong>subterfugiet</strong></span> <span class='ocrx_word' id='word_1_665' title='bbox 1645 3309 1731 3360; x_wconf 88' lang='lat' dir='ltr'><strong>:scili-</strong></span> 
     </span>
     <span class='ocr_line' id='line_1_74' title="bbox 951 3397 1732 3463; baseline -0.009 -8"><span class='ocrx_word' id='word_1_666' title='bbox 951 3409 991 3456; x_wconf 86' lang='lat' dir='ltr'><strong>cet</strong></span> <span class='ocrx_word' id='word_1_667' title='bbox 1004 3403 1045 3454; x_wconf 84' lang='lat' dir='ltr'><strong>vel</strong></span> <span class='ocrx_word' id='word_1_668' title='bbox 1060 3402 1152 3452; x_wconf 83' lang='lat' dir='ltr'><strong>idcirco</strong></span> <span class='ocrx_word' id='word_1_669' title='bbox 1166 3399 1286 3463; x_wconf 87' lang='lat' dir='ltr'><strong>supplicio</strong></span> <span class='ocrx_word' id='word_1_670' title='bbox 1299 3397 1430 3456; x_wconf 78' lang='lat' dir='ltr'><strong>afficietur,</strong></span> <span class='ocrx_word' id='word_1_671' title='bbox 1444 3398 1504 3461; x_wconf 88' lang='lat' dir='ltr'><strong>quia</strong></span> <span class='ocrx_word' id='word_1_672' title='bbox 1515 3397 1582 3447; x_wconf 90' lang='lat' dir='ltr'><strong>illins</strong></span> <span class='ocrx_word' id='word_1_673' title='bbox 1597 3398 1673 3448; x_wconf 88' lang='lat' dir='ltr'><strong>etiam</strong></span> <span class='ocrx_word' id='word_1_674' title='bbox 1686 3410 1732 3448; x_wconf 88' lang='lat' dir='ltr'><strong>ne·</strong></span> 
     </span>
     <span class='ocr_line' id='line_1_75' title="bbox 951 3487 1732 3557; baseline -0.009 -14"><span class='ocrx_word' id='word_1_675' title='bbox 951 3491 1072 3557; x_wconf 78' lang='lat' dir='ltr'><strong>gligentiee</strong></span> <span class='ocrx_word' id='word_1_676' title='bbox 1083 3504 1158 3555; x_wconf 89' lang='lat' dir='ltr'><strong>quam</strong></span> <span class='ocrx_word' id='word_1_677' title='bbox 1172 3489 1252 3538; x_wconf 77' lang='lat' dir='ltr'><strong>vitare</strong></span> <span class='ocrx_word' id='word_1_678' title='bbox 1270 3487 1376 3551; x_wconf 86' lang='lat' dir='ltr'><strong>nrnplius</strong></span> <span class='ocrx_word' id='word_1_679' title='bbox 1387 3487 1486 3550; x_wconf 83' lang='lat' dir='ltr'><strong>nequit,</strong></span> <span class='ocrx_word' id='word_1_680' title='bbox 1501 3487 1553 3550; x_wconf 88' lang='lat' dir='ltr'><strong>ipse</strong></span> <span class='ocrx_word' id='word_1_681' title='bbox 1562 3499 1662 3536; x_wconf 87' lang='lat' dir='ltr'><strong>oausam</strong></span> <span class='ocrx_word' id='word_1_682' title='bbox 1674 3499 1732 3536; x_wconf 85' lang='lat' dir='ltr'><strong>sus·</strong></span> 
     </span>
     <span class='ocr_line' id='line_1_76' title="bbox 951 3573 1731 3643; baseline -0.006 -13"><span class='ocrx_word' id='word_1_683' title='bbox 951 3582 1026 3638; x_wconf 89' lang='lat' dir='ltr'><strong>tinet,</strong></span> <span class='ocrx_word' id='word_1_684' title='bbox 1039 3579 1130 3643; x_wconf 87' lang='lat' dir='ltr'><strong>quippe</strong></span> <span class='ocrx_word' id='word_1_685' title='bbox 1147 3577 1192 3641; x_wconf 92' lang='lat' dir='ltr'><strong>qui</strong></span> <span class='ocrx_word' id='word_1_686' title='bbox 1204 3576 1382 3626; x_wconf 80' lang='lat' dir='ltr'><strong>incontinenter</strong></span> <span class='ocrx_word' id='word_1_687' title='bbox 1400 3579 1425 3624; x_wconf 90' lang='lat' dir='ltr'><strong>et</strong></span> <span class='ocrx_word' id='word_1_688' title='bbox 1439 3574 1559 3624; x_wconf 84' lang='lat' dir='ltr'><strong>dissolute</strong></span> <span class='ocrx_word' id='word_1_689' title='bbox 1577 3573 1648 3624; x_wconf 84' lang='lat' dir='ltr'><strong>vivat</strong></span> <span class='ocrx_word' id='word_1_690' title='bbox 1660 3589 1667 3620; x_wconf 79' lang='grc' dir='ltr'>τ</span> <span class='ocrx_word' id='word_1_691' title='bbox 1681 3587 1731 3638; x_wconf 88' lang='lat' dir='ltr'><strong>qna</strong></span> 
     </span>
     <span class='ocr_line' id='line_1_77' title="bbox 951 3661 1739 3730; baseline -0.01 -11"><span class='ocrx_word' id='word_1_692' title='bbox 951 3670 1011 3720; x_wconf 78' lang='lat' dir='ltr'><strong>vitm</strong></span> <span class='ocrx_word' id='word_1_693' title='bbox 1025 3666 1142 3730; x_wconf 81' lang='lat' dir='ltr'><strong>degendae</strong></span> <span class='ocrx_word' id='word_1_694' title='bbox 1161 3665 1255 3714; x_wconf 89' lang='lat' dir='ltr'><strong>ratione</strong></span> <span class='ocrx_word' id='word_1_695' title='bbox 1270 3663 1374 3727; x_wconf 89' lang='lat' dir='ltr'><strong>improbi</strong></span> <span class='ocrx_word' id='word_1_696' title='bbox 1389 3663 1501 3726; x_wconf 86' lang='lat' dir='ltr'><strong>plerique</strong></span> <span class='ocrx_word' id='word_1_697' title='bbox 1515 3661 1652 3725; x_wconf 82' lang='lat' dir='ltr'><strong>injustique</strong></span> <span class='ocrx_word' id='word_1_698' title='bbox 1672 3675 1739 3729; x_wconf 80' lang='lat' dir='ltr'><strong>eva-¹</strong></span> 
     </span>
     <span class='ocr_line' id='line_1_78' title="bbox 951 3749 1731 3819; baseline -0.01 -11"><span class='ocrx_word' id='word_1_699' title='bbox 951 3759 1014 3808; x_wconf 92' lang='lat' dir='ltr'><strong>dunt</strong></span> <span class='ocrx_word' id='word_1_700' title='bbox 1029 3760 1054 3807; x_wconf 91' lang='lat' dir='ltr'><strong>et</strong></span> <span class='ocrx_word' id='word_1_701' title='bbox 1070 3756 1269 3819; x_wconf 87' lang='lat' dir='ltr'><strong>intemperantes.</strong></span> <span class='ocrx_word' id='word_1_702' title='bbox 1291 3752 1390 3802; x_wconf 84' lang='lat' dir='ltr'><strong>litonim</strong></span> <span class='ocrx_word' id='word_1_703' title='bbox 1404 3751 1489 3814; x_wconf 79' lang='lat' dir='ltr'><strong>injusti</strong></span> <span class='ocrx_word' id='word_1_704' title='bbox 1501 3753 1526 3799; x_wconf 91' lang='lat' dir='ltr'><strong>et</strong></span> <span class='ocrx_word' id='word_1_705' title='bbox 1540 3749 1731 3813; x_wconf 84' lang='lat' dir='ltr'><strong>intemperantes</strong></span> 
     </span>
     <span class='ocr_line' id='line_1_79' title="bbox 952 3835 1731 3907; baseline -0.01 -12"><span class='ocrx_word' id='word_1_706' title='bbox 952 3848 1030 3903; x_wconf 87' lang='lat' dir='ltr'><strong>liunt,</strong></span> <span class='ocrx_word' id='word_1_707' title='bbox 1053 3857 1132 3907; x_wconf 88' lang='lat' dir='ltr'><strong>quum</strong></span> <span class='ocrx_word' id='word_1_708' title='bbox 1147 3841 1172 3889; x_wconf 96' lang='lat' dir='ltr'><strong>in</strong></span> <span class='ocrx_word' id='word_1_709' title='bbox 1192 3837 1330 3888; x_wconf 80' lang='lat' dir='ltr'><strong>actionibus</strong></span> <span class='ocrx_word' id='word_1_710' title='bbox 1351 3836 1450 3899; x_wconf 82' lang='lat' dir='ltr'><strong>injustis</strong></span> <span class='ocrx_word' id='word_1_711' title='bbox 1466 3837 1492 3884; x_wconf 90' lang='lat' dir='ltr'><strong>et</strong></span> <span class='ocrx_word' id='word_1_712' title='bbox 1511 3835 1731 3899; x_wconf 86' lang='lat' dir='ltr'><strong>intemperantibus</strong></span> 
     </span>
     <span class='ocr_line' id='line_1_80' title="bbox 952 3921 1733 3989; baseline -0.015 -6"><span class='ocrx_word' id='word_1_713' title='bbox 952 3933 1102 3983; x_wconf 81' lang='lat' dir='ltr'><strong>versentur:</strong></span> <span class='ocrx_word' id='word_1_714' title='bbox 1119 3931 1144 3976; x_wconf 92' lang='lat' dir='ltr'><strong>et</strong></span> <span class='ocrx_word' id='word_1_715' title='bbox 1157 3925 1255 3989; x_wconf 89' lang='lat' dir='ltr'><strong>quoties</strong></span> <span class='ocrx_word' id='word_1_716' title='bbox 1274 3937 1306 3972; x_wconf 92' lang='lat' dir='ltr'><strong>ne</strong></span> <span class='ocrx_word' id='word_1_717' title='bbox 1326 3923 1374 3971; x_wconf 89' lang='lat' dir='ltr'><strong>boc</strong></span> <span class='ocrx_word' id='word_1_718' title='bbox 1393 3921 1494 3984; x_wconf 87' lang='lat' dir='ltr'><strong>quidem</strong></span> <span class='ocrx_word' id='word_1_719' title='bbox 1517 3921 1671 3984; x_wconf 90' lang='lat' dir='ltr'><strong>propesitum</strong></span> <span class='ocrx_word' id='word_1_720' title='bbox 1685 3922 1733 3971; x_wconf 89' lang='lat' dir='ltr'><strong>ha·</strong></span> 
     </span>
     <span class='ocr_line' id='line_1_81' title="bbox 952 4007 1732 4077; baseline -0.015 -8"><span class='ocrx_word' id='word_1_721' title='bbox 952 4022 1023 4075; x_wconf 81' lang='lat' dir='ltr'><strong>beot.</strong></span> <span class='ocrx_word' id='word_1_722' title='bbox 1039 4019 1068 4066; x_wconf 93' lang='lat' dir='ltr'><strong>ut</strong></span> <span class='ocrx_word' id='word_1_723' title='bbox 1080 4013 1171 4077; x_wconf 85' lang='lat' dir='ltr'><strong>tlagitia</strong></span> <span class='ocrx_word' id='word_1_724' title='bbox 1182 4010 1328 4068; x_wconf 86' lang='lat' dir='ltr'><strong>admittant,</strong></span> <span class='ocrx_word' id='word_1_725' title='bbox 1347 4009 1390 4058; x_wconf 86' lang='lat' dir='ltr'><strong>sed</strong></span> <span class='ocrx_word' id='word_1_726' title='bbox 1405 4021 1484 4072; x_wconf 92' lang='lat' dir='ltr'><strong>quum</strong></span> <span class='ocrx_word' id='word_1_727' title='bbox 1497 4007 1644 4058; x_wconf 89' lang='lat' dir='ltr'><strong>dissolutam</strong></span> <span class='ocrx_word' id='word_1_728' title='bbox 1656 4011 1732 4071; x_wconf 85' lang='lat' dir='ltr'><strong>agunt</strong></span> 
     </span>
     <span class='ocr_line' id='line_1_82' title="bbox 953 4097 1731 4166; baseline -0.013 -8"><span class='ocrx_word' id='word_1_729' title='bbox 953 4110 1029 4158; x_wconf 85' lang='lat' dir='ltr'><strong>vitum</strong></span> <span class='ocrx_word' id='word_1_730' title='bbox 1037 4105 1148 4166; x_wconf 82' lang='lat' dir='ltr'><strong>luxuque</strong></span> <span class='ocrx_word' id='word_1_731' title='bbox 1157 4101 1281 4157; x_wconf 89' lang='lat' dir='ltr'><strong>diltluunt,</strong></span> <span class='ocrx_word' id='word_1_732' title='bbox 1289 4097 1321 4148; x_wconf 89' lang='lat' dir='ltr'><strong>ab</strong></span> <span class='ocrx_word' id='word_1_733' title='bbox 1329 4097 1440 4148; x_wconf 83' lang='lat' dir='ltr'><strong>bocvitae</strong></span> <span class='ocrx_word' id='word_1_734' title='bbox 1450 4111 1536 4161; x_wconf 85' lang='lat' dir='ltr'><strong>genere</strong></span> <span class='ocrx_word' id='word_1_735' title='bbox 1545 4097 1649 4162; x_wconf 89' lang='lat' dir='ltr'><strong>pmlecti</strong></span> <span class='ocrx_word' id='word_1_736' title='bbox 1656 4097 1731 4148; x_wconf 88' lang='lat' dir='ltr'><strong>etiam</strong></span> 
     </span>
     <span class='ocr_line' id='line_1_83' title="bbox 952 4185 1730 4258; baseline -0.015 -11"><span class='ocrx_word' id='word_1_737' title='bbox 952 4197 984 4247; x_wconf 87' lang='lat' dir='ltr'><strong>ad</strong></span> <span class='ocrx_word' id='word_1_738' title='bbox 995 4193 1085 4258; x_wconf 88' lang='lat' dir='ltr'><strong>ttagitia</strong></span> <span class='ocrx_word' id='word_1_739' title='bbox 1096 4195 1122 4241; x_wconf 87' lang='lat' dir='ltr'><strong>et</strong></span> <span class='ocrx_word' id='word_1_740' title='bbox 1130 4191 1223 4241; x_wconf 79' lang='lat' dir='ltr'><strong>scelera</strong></span> <span class='ocrx_word' id='word_1_741' title='bbox 1232 4189 1368 4238; x_wconf 84' lang='lat' dir='ltr'><strong>transeunt.</strong></span> <span class='ocrx_word' id='word_1_742' title='bbox 1395 4189 1496 4250; x_wconf 87' lang='lat' dir='ltr'><strong>Semper</strong></span> <span class='ocrx_word' id='word_1_743' title='bbox 1505 4186 1570 4236; x_wconf 90' lang='lat' dir='ltr'><strong>enim</strong></span> <span class='ocrx_word' id='word_1_744' title='bbox 1584 4185 1730 4250; x_wconf 85' lang='lat' dir='ltr'><strong>actionibus,</strong></span> 
     </span>
     <span class='ocr_line' id='line_1_84' title="bbox 953 4274 1733 4338; baseline -0.009 -5"><span class='ocrx_word' id='word_1_745' title='bbox 953 4285 1017 4334; x_wconf 86' lang='lat' dir='ltr'><strong>sicut</strong></span> <span class='ocrx_word' id='word_1_746' title='bbox 1029 4281 1124 4331; x_wconf 90' lang='lat' dir='ltr'><strong>dictum</strong></span> <span class='ocrx_word' id='word_1_747' title='bbox 1135 4281 1181 4338; x_wconf 88' lang='lat' dir='ltr'><strong>est,</strong></span> <span class='ocrx_word' id='word_1_748' title='bbox 1196 4275 1336 4333; x_wconf 74' lang='lat' dir='ltr'><strong>assuefacti,</strong></span> <span class='ocrx_word' id='word_1_749' title='bbox 1349 4275 1408 4324; x_wconf 85' lang='lat' dir='ltr'><strong>meli</strong></span> <span class='ocrx_word' id='word_1_750' title='bbox 1419 4277 1462 4324; x_wconf 87' lang='lat' dir='ltr'><strong>aot</strong></span> <span class='ocrx_word' id='word_1_751' title='bbox 1474 4275 1530 4324; x_wconf 92' lang='lat' dir='ltr'><strong>boni</strong></span> <span class='ocrx_word' id='word_1_752' title='bbox 1540 4275 1681 4334; x_wconf 82' lang='lat' dir='ltr'><strong>eredimus,</strong></span> <span class='ocrx_word' id='word_1_753' title='bbox 1691 4274 1733 4326; x_wconf 82' lang='lat' dir='ltr'><strong>rel</strong></span> 
     </span>
     <span class='ocr_line' id='line_1_85' title="bbox 952 4363 1733 4435; baseline -0.01 -13"><span class='ocrx_word' id='word_1_754' title='bbox 952 4373 1028 4422; x_wconf 79' lang='lat' dir='ltr'><strong>adum</strong></span> <span class='ocrx_word' id='word_1_755' title='bbox 1037 4369 1160 4435; x_wconf 90' lang='lat' dir='ltr'><strong>quendam</strong></span> <span class='ocrx_word' id='word_1_756' title='bbox 1169 4367 1281 4418; x_wconf 91' lang='lat' dir='ltr'><strong>habitum</strong></span> <span class='ocrx_word' id='word_1_757' title='bbox 1288 4365 1421 4416; x_wconf 89' lang='lat' dir='ltr'><strong>induimus.</strong></span> <span class='ocrx_word' id='word_1_758' title='bbox 1434 4365 1503 4414; x_wconf 88' lang='lat' dir='ltr'><strong>Sicut</strong></span> <span class='ocrx_word' id='word_1_759' title='bbox 1511 4364 1625 4414; x_wconf 85' lang='lat' dir='ltr'><strong>videmus</strong></span> <span class='ocrx_word' id='word_1_760' title='bbox 1636 4377 1678 4414; x_wconf 88' lang='lat' dir='ltr'><strong>cos</strong></span> <span class='ocrx_word' id='word_1_761' title='bbox 1689 4363 1733 4428; x_wconf 88' lang='lat' dir='ltr'><strong>qui</strong></span> 
     </span>
     <span class='ocr_line' id='line_1_86' title="bbox 952 4453 1733 4528; baseline -0.017 -14"><span class='ocrx_word' id='word_1_762' title='bbox 952 4465 978 4514; x_wconf 91' lang='lat' dir='ltr'><strong>in</strong></span> <span class='ocrx_word' id='word_1_763' title='bbox 991 4461 1110 4528; x_wconf 75' lang='lat' dir='ltr'><strong>gymnicis</strong></span> <span class='ocrx_word' id='word_1_764' title='bbox 1120 4459 1186 4511; x_wconf 89' lang='lat' dir='ltr'><strong>ludis</strong></span> <span class='ocrx_word' id='word_1_765' title='bbox 1202 4457 1322 4509; x_wconf 84' lang='lat' dir='ltr'><strong>excellere</strong></span> <span class='ocrx_word' id='word_1_766' title='bbox 1339 4455 1436 4517; x_wconf 81' lang='lat' dir='ltr'><strong>rolant,</strong></span> <span class='ocrx_word' id='word_1_767' title='bbox 1455 4457 1499 4504; x_wconf 86' lang='lat' dir='ltr'><strong>aut</strong></span> <span class='ocrx_word' id='word_1_768' title='bbox 1518 4454 1591 4503; x_wconf 87' lang='lat' dir='ltr'><strong>alium</strong></span> <span class='ocrx_word' id='word_1_769' title='bbox 1609 4453 1733 4517; x_wconf 82' lang='lat' dir='ltr'><strong>quandam</strong></span> 
     </span>
     <span class='ocr_line' id='line_1_87' title="bbox 953 4542 1732 4611; baseline -0.018 -9"><span class='ocrx_word' id='word_1_770' title='bbox 953 4553 1073 4602; x_wconf 89' lang='lat' dir='ltr'><strong>actionem</strong></span> <span class='ocrx_word' id='word_1_771' title='bbox 1083 4549 1220 4611; x_wconf 88' lang='lat' dir='ltr'><strong>suscipere,</strong></span> <span class='ocrx_word' id='word_1_772' title='bbox 1239 4548 1284 4595; x_wconf 88' lang='lat' dir='ltr'><strong>aut</strong></span> <span class='ocrx_word' id='word_1_773' title='bbox 1294 4547 1417 4594; x_wconf 90' lang='lat' dir='ltr'><strong>certamen</strong></span> <span class='ocrx_word' id='word_1_774' title='bbox 1433 4542 1502 4601; x_wconf 89' lang='lat' dir='ltr'><strong>inire,</strong></span> <span class='ocrx_word' id='word_1_775' title='bbox 1518 4555 1597 4605; x_wconf 89' lang='lat' dir='ltr'><strong>quum</strong></span> <span class='ocrx_word' id='word_1_776' title='bbox 1613 4543 1732 4604; x_wconf 91' lang='lat' dir='ltr'><strong>perpetuo</strong></span> 
     </span>
     <span class='ocr_line' id='line_1_88' title="bbox 953 4628 1733 4691; baseline -0.019 0"><span class='ocrx_word' id='word_1_777' title='bbox 953 4643 980 4691; x_wconf 93' lang='lat' dir='ltr'><strong>in</strong></span> <span class='ocrx_word' id='word_1_778' title='bbox 992 4653 1078 4690; x_wconf 88' lang='lat' dir='ltr'><strong>eorum</strong></span> <span class='ocrx_word' id='word_1_779' title='bbox 1090 4637 1185 4686; x_wconf 87' lang='lat' dir='ltr'><strong>actione</strong></span> <span class='ocrx_word' id='word_1_780' title='bbox 1204 4637 1229 4684; x_wconf 92' lang='lat' dir='ltr'><strong>et</strong></span> <span class='ocrx_word' id='word_1_781' title='bbox 1246 4633 1421 4682; x_wconf 80' lang='lat' dir='ltr'><strong>exercitatione</strong></span> <span class='ocrx_word' id='word_1_782' title='bbox 1434 4633 1572 4687; x_wconf 85' lang='lat' dir='ltr'><strong>versentur,</strong></span> <span class='ocrx_word' id='word_1_783' title='bbox 1596 4628 1689 4690; x_wconf 89' lang='lat' dir='ltr'><strong>quibus</strong></span> <span class='ocrx_word' id='word_1_784' title='bbox 1706 4639 1733 4676; x_wconf 88' lang='lat' dir='ltr'><strong>se</strong></span> 
     </span>
    </p>
   </div>
   <div class='ocr_carea' id='block_1_7' title="bbox 130 4714 1735 5162">
    <p class='ocr_par' dir='ltr' id='par_1_9' title="bbox 130 4714 1735 5162">
     <span class='ocr_line' id='line_1_89' title="bbox 131 4714 1733 4808; baseline -0.014 -21"><span class='ocrx_word' id='word_1_785' title='bbox 131 4731 181 4795; x_wconf 85' lang='grc' dir='ltr'>δεῖς</span> <span class='ocrx_word' id='word_1_786' title='bbox 197 4731 299 4806; x_wconf 83' lang='grc' dir='ltr'>ἀγνοεῖ,</span> <span class='ocrx_word' id='word_1_787' title='bbox 315 4731 355 4789; x_wconf 82' lang='grc' dir='ltr'><strong>ότι</strong></span> <span class='ocrx_word' id='word_1_788' title='bbox 371 4730 422 4788; x_wconf 86' lang='grc' dir='ltr'><strong>ἀπὸ</strong></span> <span class='ocrx_word' id='word_1_789' title='bbox 437 4733 489 4788; x_wconf 91' lang='grc' dir='ltr'>τῶν</span> <span class='ocrx_word' id='word_1_790' title='bbox 505 4733 638 4808; x_wconf 83' lang='grc' dir='ltr'>ἐνεργειῶν</span> <span class='ocrx_word' id='word_1_791' title='bbox 655 4731 688 4794; x_wconf 88' lang='grc' dir='ltr'><strong>είς</strong></span> <span class='ocrx_word' id='word_1_792' title='bbox 703 4727 753 4794; x_wconf 71' lang='grc' dir='ltr'>ἑζιν</span> <span class='ocrx_word' id='word_1_793' title='bbox 777 4726 908 4803; x_wconf 71' lang='grc' dir='ltr'>ἐρχόμεθα</span> <span class='ocrx_word' id='word_1_794' title='bbox 955 4729 987 4778; x_wconf 91' lang='lat' dir='ltr'><strong>ad</strong></span> <span class='ocrx_word' id='word_1_795' title='bbox 1001 4727 1068 4776; x_wconf 87' lang='lat' dir='ltr'><strong>illam</strong></span> <span class='ocrx_word' id='word_1_796' title='bbox 1086 4723 1184 4772; x_wconf 89' lang='lat' dir='ltr'><strong>laudem</strong></span> <span class='ocrx_word' id='word_1_797' title='bbox 1205 4723 1365 4784; x_wconf 88' lang='lat' dir='ltr'><strong>perventuros</strong></span> <span class='ocrx_word' id='word_1_798' title='bbox 1383 4717 1534 4769; x_wconf 83' lang='lat' dir='ltr'><strong>existimant.</strong></span> <span class='ocrx_word' id='word_1_799' title='bbox 1559 4719 1644 4779; x_wconf 88' lang='lat' dir='ltr'><strong>Neque</strong></span> <span class='ocrx_word' id='word_1_800' title='bbox 1662 4714 1733 4778; x_wconf 90' lang='lat' dir='ltr'><strong>quis·</strong></span> 
     </span>
     <span class='ocr_line' id='line_1_90' title="bbox 130 4803 1733 4898; baseline -0.016 -21"><span class='ocrx_word' id='word_1_801' title='bbox 130 4820 230 4877; x_wconf 82' lang='grc' dir='ltr'>κακιῶν</span> <span class='ocrx_word' id='word_1_802' title='bbox 254 4815 271 4888; x_wconf 80' lang='grc' dir='ltr'><strong>ἦ</strong></span> <span class='ocrx_word' id='word_1_803' title='bbox 287 4821 401 4898; x_wconf 86' lang='grc' dir='ltr'>ἀρετῶν,</span> <span class='ocrx_word' id='word_1_804' title='bbox 426 4819 448 4875; x_wconf 82' lang='grc' dir='ltr'><strong>εἰ</strong></span> <span class='ocrx_word' id='word_1_805' title='bbox 468 4824 504 4893; x_wconf 77' lang='grc' dir='ltr'><strong>μὴ</strong></span> <span class='ocrx_word' id='word_1_806' title='bbox 520 4818 578 4877; x_wconf 88' lang='grc' dir='ltr'>λίαν</span> <span class='ocrx_word' id='word_1_807' title='bbox 593 4816 633 4889; x_wconf 83' lang='grc' dir='ltr'><strong>εἴη</strong></span> <span class='ocrx_word' id='word_1_808' title='bbox 649 4819 813 4884; x_wconf 89' lang='grc' dir='ltr'>ἀναίσθητος.</span> <span class='ocrx_word' id='word_1_809' title='bbox 834 4815 866 4871; x_wconf 80' lang='grc' dir='ltr'><strong>Εἰ</strong></span> <span class='ocrx_word' id='word_1_810' title='bbox 882 4811 908 4868; x_wconf 81' lang='grc' dir='ltr'><strong>δὲ</strong></span> <span class='ocrx_word' id='word_1_811' title='bbox 954 4828 1029 4880; x_wconf 87' lang='lat' dir='ltr'><strong>quam</strong></span> <span class='ocrx_word' id='word_1_812' title='bbox 1042 4813 1150 4875; x_wconf 88' lang='lat' dir='ltr'><strong>ignorat,</strong></span> <span class='ocrx_word' id='word_1_813' title='bbox 1166 4809 1226 4872; x_wconf 90' lang='lat' dir='ltr'><strong>ipsis</strong></span> <span class='ocrx_word' id='word_1_814' title='bbox 1236 4808 1373 4858; x_wconf 87' lang='lat' dir='ltr'><strong>actionibus</strong></span> <span class='ocrx_word' id='word_1_815' title='bbox 1385 4819 1429 4855; x_wconf 91' lang='lat' dir='ltr'><strong>nos</strong></span> <span class='ocrx_word' id='word_1_816' title='bbox 1442 4805 1544 4855; x_wconf 81' lang='lat' dir='ltr'><strong>virtutis</strong></span> <span class='ocrx_word' id='word_1_817' title='bbox 1563 4807 1607 4854; x_wconf 89' lang='lat' dir='ltr'><strong>ant</strong></span> <span class='ocrx_word' id='word_1_818' title='bbox 1621 4803 1676 4853; x_wconf 82' lang='lat' dir='ltr'><strong>vitii</strong></span> <span class='ocrx_word' id='word_1_819' title='bbox 1686 4803 1733 4852; x_wconf 84' lang='lat' dir='ltr'><strong>lra-</strong></span> 
     </span>
     <span class='ocr_line' id='line_1_91' title="bbox 131 4892 1735 4986; baseline -0.015 -20"><span class='ocrx_word' id='word_1_820' title='bbox 131 4905 298 4978; x_wconf 79' lang='grc' dir='ltr'>τοῦτοδῆλον</span> <span class='ocrx_word' id='word_1_821' title='bbox 315 4904 414 4978; x_wconf 81' lang='grc' dir='ltr'>ἀπασι,</span> <span class='ocrx_word' id='word_1_822' title='bbox 436 4905 545 4986; x_wconf 83' lang='grc' dir='ltr'>φανερόν</span> <span class='ocrx_word' id='word_1_823' title='bbox 565 4909 632 4964; x_wconf 81' lang='grc' dir='ltr'>ἐστιν</span> <span class='ocrx_word' id='word_1_824' title='bbox 654 4905 694 4964; x_wconf 86' lang='grc' dir='ltr'><strong>ότι</strong></span> <span class='ocrx_word' id='word_1_825' title='bbox 717 4901 812 4966; x_wconf 85' lang='grc' dir='ltr'>πάντες</span> <span class='ocrx_word' id='word_1_826' title='bbox 831 4899 909 4978; x_wconf 83' lang='grc' dir='ltr'>γινώ-</span> <span class='ocrx_word' id='word_1_827' title='bbox 956 4903 1034 4953; x_wconf 86' lang='lat' dir='ltr'><strong>bitum</strong></span> <span class='ocrx_word' id='word_1_828' title='bbox 1048 4900 1163 4958; x_wconf 89' lang='lat' dir='ltr'><strong>induere,</strong></span> <span class='ocrx_word' id='word_1_829' title='bbox 1182 4898 1227 4947; x_wconf 91' lang='lat' dir='ltr'><strong>nisi</strong></span> <span class='ocrx_word' id='word_1_830' title='bbox 1242 4899 1286 4961; x_wconf 93' lang='lat' dir='ltr'><strong>qui</strong></span> <span class='ocrx_word' id='word_1_831' title='bbox 1298 4897 1370 4960; x_wconf 87' lang='lat' dir='ltr'><strong>plone</strong></span> <span class='ocrx_word' id='word_1_832' title='bbox 1382 4899 1420 4945; x_wconf 92' lang='lat' dir='ltr'><strong>est</strong></span> <span class='ocrx_word' id='word_1_833' title='bbox 1436 4892 1558 4956; x_wconf 89' lang='lat' dir='ltr'><strong>stupidos.</strong></span> <span class='ocrx_word' id='word_1_834' title='bbox 1575 4892 1667 4950; x_wconf 84' lang='lat' dir='ltr'><strong>Quodsi</strong></span> <span class='ocrx_word' id='word_1_835' title='bbox 1688 4893 1735 4942; x_wconf 90' lang='lat' dir='ltr'><strong>boc</strong></span> 
     </span>
     <span class='ocr_line' id='line_1_92' title="bbox 133 4980 1735 5072; baseline -0.017 -16"><span class='ocrx_word' id='word_1_836' title='bbox 133 5017 224 5056; x_wconf 88' lang='grc' dir='ltr'>ακουσι</span> <span class='ocrx_word' id='word_1_837' title='bbox 238 4995 272 5052; x_wconf 76' lang='lat' dir='ltr'><strong>alr</strong></span> <span class='ocrx_word' id='word_1_838' title='bbox 287 4997 386 5054; x_wconf 83' lang='grc' dir='ltr'>ἑαυτῶν</span> <span class='ocrx_word' id='word_1_839' title='bbox 397 4993 461 5072; x_wconf 85' lang='grc' dir='ltr'>ἔργα</span> <span class='ocrx_word' id='word_1_840' title='bbox 472 4993 517 5052; x_wconf 80' lang='grc' dir='ltr'><strong>καὶ</strong></span> <span class='ocrx_word' id='word_1_841' title='bbox 529 4993 574 5058; x_wconf 82' lang='grc' dir='ltr'><strong>τὰς</strong></span> <span class='ocrx_word' id='word_1_842' title='bbox 588 4991 701 5071; x_wconf 81' lang='grc' dir='ltr'>πράξεις,</span> <span class='ocrx_word' id='word_1_843' title='bbox 717 4989 767 5049; x_wconf 85' lang='grc' dir='ltr'>εἴτε</span> <span class='ocrx_word' id='word_1_844' title='bbox 782 4988 846 5067; x_wconf 78' lang='grc' dir='ltr'>πρὸς</span> <span class='ocrx_word' id='word_1_845' title='bbox 860 5012 909 5046; x_wconf 87' lang='grc' dir='ltr'><strong>κα·</strong></span> <span class='ocrx_word' id='word_1_846' title='bbox 955 4991 1071 5042; x_wconf 91' lang='lat' dir='ltr'><strong>omnibus</strong></span> <span class='ocrx_word' id='word_1_847' title='bbox 1089 4989 1244 5053; x_wconf 91' lang='lat' dir='ltr'><strong>perspicuum</strong></span> <span class='ocrx_word' id='word_1_848' title='bbox 1262 4990 1312 5044; x_wconf 79' lang='lat' dir='ltr'><strong>est,</strong></span> <span class='ocrx_word' id='word_1_849' title='bbox 1339 4987 1440 5049; x_wconf 85' lang='lat' dir='ltr'><strong>apparet</strong></span> <span class='ocrx_word' id='word_1_850' title='bbox 1457 4995 1542 5032; x_wconf 85' lang='lat' dir='ltr'><strong>omnes</strong></span> <span class='ocrx_word' id='word_1_851' title='bbox 1563 4982 1594 5031; x_wconf 90' lang='lat' dir='ltr'><strong>de</strong></span> <span class='ocrx_word' id='word_1_852' title='bbox 1618 4980 1735 5044; x_wconf 84' lang='lat' dir='ltr'><strong>operibns</strong></span> 
     </span>
     <span class='ocr_line' id='line_1_93' title="bbox 133 5070 1733 5162; baseline -0.014 -22"><span class='ocrx_word' id='word_1_853' title='bbox 133 5083 191 5140; x_wconf 79' lang='grc' dir='ltr'>κίεν</span> <span class='ocrx_word' id='word_1_854' title='bbox 207 5081 344 5162; x_wconf 78' lang='grc' dir='ltr'>φέρουσιν,</span> <span class='ocrx_word' id='word_1_855' title='bbox 360 5082 412 5142; x_wconf 84' lang='grc' dir='ltr'>εἴτε</span> <span class='ocrx_word' id='word_1_856' title='bbox 424 5083 484 5160; x_wconf 83' lang='grc' dir='ltr'>πρὸς</span> <span class='ocrx_word' id='word_1_857' title='bbox 496 5081 599 5158; x_wconf 75' lang='grc' dir='ltr'>ἀρετήν·</span> <span class='ocrx_word' id='word_1_858' title='bbox 610 5079 703 5146; x_wconf 84' lang='grc' dir='ltr'>εἰδότες</span> <span class='ocrx_word' id='word_1_859' title='bbox 716 5079 741 5137; x_wconf 86' lang='grc' dir='ltr'><strong>δὲ</strong></span> <span class='ocrx_word' id='word_1_860' title='bbox 752 5077 769 5134; x_wconf 82' lang='grc' dir='ltr'>ἀ</span> <span class='ocrx_word' id='word_1_861' title='bbox 779 5082 908 5148; x_wconf 77' lang='grc' dir='ltr'>ποιοῦσιν,</span> <span class='ocrx_word' id='word_1_862' title='bbox 956 5083 1008 5133; x_wconf 86' lang='lat' dir='ltr'><strong>suis</strong></span> <span class='ocrx_word' id='word_1_863' title='bbox 1028 5085 1053 5132; x_wconf 92' lang='lat' dir='ltr'><strong>et</strong></span> <span class='ocrx_word' id='word_1_864' title='bbox 1070 5079 1210 5130; x_wconf 84' lang='lat' dir='ltr'><strong>autlenibus</strong></span> <span class='ocrx_word' id='word_1_865' title='bbox 1222 5076 1333 5140; x_wconf 80' lang='lat' dir='ltr'><strong>judicare</strong></span> <span class='ocrx_word' id='word_1_866' title='bbox 1352 5087 1438 5139; x_wconf 87' lang='lat' dir='ltr'><strong>posse,</strong></span> <span class='ocrx_word' id='word_1_867' title='bbox 1454 5073 1507 5122; x_wconf 85' lang='lat' dir='ltr'><strong>sive</strong></span> <span class='ocrx_word' id='word_1_868' title='bbox 1519 5072 1550 5120; x_wconf 90' lang='lat' dir='ltr'><strong>ad</strong></span> <span class='ocrx_word' id='word_1_869' title='bbox 1563 5071 1667 5129; x_wconf 81' lang='lat' dir='ltr'><strong>vitium,</strong></span> <span class='ocrx_word' id='word_1_870' title='bbox 1680 5070 1733 5119; x_wconf 84' lang='lat' dir='ltr'><strong>sira</strong></span> 
     </span>
    </p>
   </div>
   <div class='ocr_carea' id='block_1_8' title="bbox 136 5219 1726 5253">
    <p class='ocr_par' dir='ltr' id='par_1_10' title="bbox 136 5219 1726 5253">
     <span class='ocr_line' id='line_1_94' title="bbox 136 5219 1726 5253; baseline -0.003 -14"><span class='ocrx_word' id='word_1_871' title='bbox 136 5219 1726 5253; x_wconf 81' lang='lat'><strong>....-..-..-......--------—---—--—---</strong></span> 
     </span>
    </p>
   </div>
   <div class='ocr_carea' id='block_1_9' title="bbox 165 5317 945 5378">
    <p class='ocr_par' dir='ltr' id='par_1_11' title="bbox 165 5317 945 5378">
     <span class='ocr_line' id='line_1_95' title="bbox 165 5317 945 5378; baseline -0.006 -10"><span class='ocrx_word' id='word_1_872' title='bbox 165 5321 178 5348; x_wconf 54' lang='grc' dir='ltr'>ί</span> <span class='ocrx_word' id='word_1_873' title='bbox 200 5317 257 5368; x_wconf 78' lang='grc' dir='ltr'>Ἀλλ’</span> <span class='ocrx_word' id='word_1_874' title='bbox 269 5321 328 5376; x_wconf 86' lang='grc' dir='ltr'>ίσως</span> <span class='ocrx_word' id='word_1_875' title='bbox 339 5320 447 5374; x_wconf 76' lang='grc' dir='ltr'>τοιοῦτός</span> <span class='ocrx_word' id='word_1_876' title='bbox 459 5319 494 5376; x_wconf 88' lang='grc' dir='ltr'><strong>τίς</strong></span> <span class='ocrx_word' id='word_1_877' title='bbox 509 5321 574 5367; x_wconf 81' lang='grc' dir='ltr'>ἐστιν</span> <span class='ocrx_word' id='word_1_878' title='bbox 590 5320 655 5366; x_wconf 84' lang='grc' dir='ltr'>ὥστε</span> <span class='ocrx_word' id='word_1_879' title='bbox 667 5317 699 5378; x_wconf 75' lang='grc' dir='ltr'><strong>μὴ</strong></span> <span class='ocrx_word' id='word_1_880' title='bbox 714 5317 880 5378; x_wconf 79' lang='grc' dir='ltr'>ἐπιμεληθῆναι</span> <span class='ocrx_word' id='word_1_881' title='bbox 894 5317 945 5363; x_wconf 84' lang='grc' dir='ltr'>κτλ.</span> 
     </span>
    </p>
   </div>
   <div class='ocr_carea' id='block_1_10' title="bbox 0 0 1979 5956">
    <p class='ocr_par' dir='ltr' id='par_1_12' title="bbox 0 0 1979 5956">
     <span class='ocr_line' id='line_1_96' title="bbox 0 0 1979 5956; baseline 0 0"><span class='ocrx_word' id='word_1_882' title='bbox 0 0 1979 5956; x_wconf 95' lang='lat' dir='ltr'><strong> </strong></span> 
     </span>
    </p>
   </div>
  </div>
 </body>
</html>
