3958 5942
265 421 329 488 iao
777 421 927 486 EUDEMi
948 425 1083 486 ufloutt
1103 425 1372 487 parturimini

305 575 341 619 νο.
365 557 423 617 ούιι
436 555 532 616 έστιδί
546 556 647 628 κίνησις
660 556 733 638 παρὰ
747 556 780 616 τθ
791 559 949 638 πράγματα·
964 582 1044 636 μετα·
1091 563 1167 617 τοῦτο
1182 557 1297 639 διαφέρει
1310 563 1356 618 τού
1373 558 1426 620 ἀπὸ
1440 559 1554 621 Λυκείου
1575 563 1611 630 είς
1624 562 1805 639 Ἀκαδημίανς
1823 563 1875 626 κάν

264 644 357 703 όάλλει
372 643 423 724 γθρ
437 644 467 703 τὸ
483 643 651 722 μεταόάλλον
669 645 710 704 ἀεί
728 645 745 716 ῆ
764 649 821 704 κατ’
838 645 926 706 οὐσίαν
941 645 958 716 ῆ
975 644 1045 704 κατὰ
1089 647 1140 726 γὰρ
1154 647 1187 706 τθι
1201 649 1268 727 μέρη
1281 655 1327 707 τοῦ
1341 647 1435 727 χρόνου
1447 648 1601 730 φθείρηται,
1614 650 1687 709 οὐδέν
1701 651 1779 732 παρὰ
1786 657 1872 716 τοῦτο.

262 733 342 790 ποσὸν
357 729 374 802 ἢ
393 733 461 791 κατὰ
474 733 547 792 ποιὸν
561 729 578 804 ῆ
594 734 662 792 κατὰ
676 733 766 794 τόπον.
781 735 874 794 Κοινθν
887 737 910 793 δ’
924 735 967 792 ἐπί
981 733 1045 792 τού·
1090 737 1159 796 Οὐδί
1172 736 1223 816 γθρ
1237 741 1260 795 εί
1275 737 1304 796 τὸ
1320 737 1431 796 Λύκειον
1443 739 1574 817 ἐφθείρετο
1586 740 1732 818 βαδίζοντος
1745 743 1783 806 είς
1797 741 1874 800 ’λκι-

177 816 193 826 “
261 843 312 878 των
332 819 405 878 οὐδὲν
429 820 485 880 ίστι
505 821 613 895 λαθεῖν,
628 819 663 888 ὥς
687 821 820 900 φαμεν,θ
839 821 897 881 ούτε
912 823 971 880 τόδε
986 821 1044 882 ούτε
1090 826 1204 902 δημίου,
1225 825 1276 899 ἤδη
1295 825 1428 885 διθτοῦτο
1447 827 1495 884 οὐκ
1513 819 1545 900 ἦν
1566 828 1636 886 κατὰ
1659 826 1738 886 τόπον
1759 827 1875 900 κίνησις·

205 961 210 970 .
261 907 341 968 ποσὸν
356 907 415 968 οὔτε
428 909 502 969 ποιὸν
514 908 573 969 οὗτε
588 914 640 969 τῶν
656 910 742 970 σίλλων
758 913 984 990 κατηγορημάτων
998 912 1045 970 ού·
1088 915 1134 972 καί
1148 915 1198 996 γδιρ
1213 915 1257 975 καί
1271 916 1301 974 τδ
1313 915 1405 975 λευκδν
1416 917 1563 995 φθείρεται,
1576 915 1638 975 ὅταν
1652 916 1704 975 άπὸ
1718 919 1816 980 λευκοῖο
1831 943 1876 995 με·

262 995 316 1056 θέν.
336 993 418 1056 'ssot'
432 997 492 1057 ούδλ
508 997 609 1072 κίνησις
624 997 684 1058 οὐδὲ
700 997 835 1077 μεταύολὴ
848 999 949 1067 ούθενδς
971 998 1045 1058 ἔσται
1088 1005 1215 1064 ταόάλλω
1237 1009 1273 1072 είς
1288 1006 1381 1082 μέλαν.
1401 1008 1434 1066 Ei
1458 1003 1485 1064 δέ
1501 1004 1573 1082 λέγοι
1587 1029 1641 1078 τις,
1655 1005 1694 1064 δτι
1709 1011 1727 1076 ἡ
1742 1005 1793 1082 μέν
1808 1007 1876 1064 κατέ

261 1085 335 1166 παρὰ
351 1086 384 1145 τί
406 1086 551 1166 εἰρημένα,
575 1087 684 1164 μηδενός
704 1109 735 1166 γε
749 1090 820 1156 ὄντος
834 1088 908 1166 παρὰ
921 1089 955 1147 τὰ
975 1089 1045 1168 tipo·
1089 1095 1168 1154 τόπον
1189 1095 1290 1166 κίνησις
1310 1096 1377 1176 φορά
1400 1093 1440 1163 τίς
1454 1096 1510 1154 ἐστι
1529 1093 1573 1152 διὰ
1587 1093 1667 1154 τόπου
1685 1093 1732 1153 καὶ
1745 1093 1873 1168 διέξοδος,

260 1173 337 1252 μένα.
353 1172 489 1234 Ἕκαστον
503 1175 531 1234 δί
544 1177 623 1254 διχῶς
636 1175 749 1255 ὑπάρχει
763 1185 843 1235 πᾶσιν
858 1167 911 1235 οἷον
927 1175 955 1236 τὸ
968 1175 1043 1235 τάδε·
1088 1181 1132 1241 διὰ
1153 1181 1180 1242 δὲ
1204 1189 1248 1243 τοῦ
1267 1183 1360 1262 χρόνου
1388 1181 1461 1242 οὐδὲν
1486 1182 1608 1264 φέρεται,
1632 1181 1701 1240 ἀλλά
1723 1183 1875 1263 φερομένων

259 1261 289 1320 τὸ
303 1261 351 1338 μίν
366 1263 418 1343 γὰρ
431 1263 518 1345 μορφὴ
533 1267 623 1338 αὐτοῦ,
637 1263 667 1322 τδ
682 1263 708 1322 δί
721 1265 858 1346 στέρησις·
872 1266 917 1324 καί
931 1265 1000 1324 κατδι
1014 1265 1043 1324 τὸ
1089 1270 1303 1349 συμπαρέρχεται
1325 1268 1370 1329 καί
1393 1273 1408 1328 δ
1429 1269 1535 1348 χρόνος·
1549 1269 1580 1329 τδ
1600 1269 1650 1348 γδιρ
1669 1274 1749 1349 γῆρας
1773 1270 1821 1330 καί
1842 1271 1876 1328 τὰ

259 1351 348 1410 ποιόν·
371 1351 402 1410 τδ
417 1352 465 1430 μὲν
480 1352 529 1433 γάρ
551 1351 645 1410 λευκὸν
660 1351 690 1410 τθ
704 1349 732 1410 δέ
755 1352 851 1428 μελαν·
871 1352 918 1412 καί
932 1351 1000 1410 κατθ
1014 1351 1044 1411 τθ
1088 1363 1194 1418 τοιαῦτα
1207 1357 1295 1417 πάντα
1309 1356 1460 1424 ἀλλοιώσεις
1473 1356 1524 1416 εἰσί
1536 1357 1581 1416 καὶ
1591 1358 1662 1426 πάθη
1675 1361 1728 1415 τῶν
1742 1357 1876 1433 σωμάτων

260 1439 358 1498 ποσόν·
373 1439 404 1500 τθ
418 1440 466 1516 μίν
487 1439 539 1520 γδρ
553 1440 670 1514 τέλειον,
686 1441 716 1499 τδ
729 1442 751 1498 δ’
767 1439 866 1506 ἀτελές.
879 1437 996 1515 Ὁμοίως
1016 1439 1043 1498 δέ
1087 1446 1147 1526 περὶ
1161 1446 1242 1506 inuti
1257 1445 1302 1506 καί
1315 1450 1340 1506 ἐς
1353 1447 1469 1518 ἑαυτοῖς,
1482 1449 1496 1504 ὁ
1508 1445 1535 1506 δὲ
1551 1445 1642 1526 χρόνος
1654 1445 1742 1511 ἄλλως
1755 1446 1872 1524 ςηςδςίρ.

259 1527 303 1584 καί
320 1527 389 1586 κατάι
404 1526 450 1599 τῆν
471 1527 551 1609 φοράν
562 1551 569 1566 ·
582 1527 612 1586 τδ
635 1527 683 1606 μὲν
697 1527 749 1607 γθρ
767 1527 841 1604 άνω,
856 1527 887 1586 τδ
910 1526 937 1586 δὲ
952 1526 1042 1586 κάτω·
1087 1557 1177 1613 paruo·
1198 1533 1222 1594 εί
1234 1558 1273 1600 τις
1298 1524 1341 1593 οὗν
1363 1539 1446 1592 ταῦτα
1462 1531 1549 1612 λέγει,
1570 1533 1657 1613 πολλῆ
1681 1534 1753 1592 δοκεῖ
1776 1559 1821 1610 μοι
1842 1540 1873 1612 τῇ

258 1611 275 1683 ἢ
293 1614 322 1674 τό
335 1615 383 1692 pio
398 1621 494 1696 κόῧφόν
505 1661 512 1688 ,
525 1615 555 1674 τὸ
570 1616 598 1675 δέ
612 1615 689 1696 βαρύ.
704 1615 788 1676 Ὥστε
802 1615 926 1687 κυήσεως
939 1617 984 1676 καί
995 1640 1041 1693 με·
1088 1623 1207 1692 αἰσθήσει
1222 1625 1337 1702 χρῆσθαι
1360 1621 1403 1680 καλ
1430 1619 1473 1679 διὰ
1496 1625 1572 1679 τοῦτο
1596 1621 1627 1680 τὸ
1649 1619 1808 1700 δραστήριον
1830 1627 1874 1678 τοῦ

258 1705 372 1778 ταόολῆς
387 1709 456 1765 ἐστιν
471 1705 527 1776 είδη
540 1714 656 1766 τοσαῦτα
671 1705 721 1764 ὅσα
735 1711 780 1766 τοῦ
794 1705 880 1772 ὄντος.
1087 1710 1181 1790 χρόνου
1197 1711 1234 1786 μὴ
1254 1717 1387 1782 συννοεῖν,
1402 1709 1469 1768 ἀλλὰ
1485 1710 1532 1783 τὴν
1548 1708 1595 1784 μέν
1611 1707 1680 1768 κατὰ
1697 1709 1780 1770 τόπον
1794 1733 1875 1787 ρετα-

299 1795 491 1868 (Aristoteies
513 1795 602 1873 Phys.
628 1795 683 1856 lib.
697 1795 746 1853 ΙΙΙ
770 1817 834 1875 cap.
858 1817 870 1854 ι
888 1815 953 1874 pag.
973 1818 1040 1860 aoo.
1087 1799 1167 1870 δολῆν
1188 1797 1234 1858 ότι
1258 1799 1303 1856 ὑπ’
1319 1797 1438 1871 αίσθησιν
1452 1803 1500 1856 τοῦ
1515 1797 1595 1857 τόπου
1613 1797 1755 1864 πίπτοντος
1776 1801 1876 1874 ὁμολο-

259 1884 288 1946 b.
310 1887 346 1944 32
364 1885 412 1944 ed.
433 1885 555 1946 Retico.
574 1885 686 1962 Scripsi
700 1884 796 1962 ὁμοίως
811 1883 837 1943 δὲ
852 1884 897 1944 καί
912 1885 980 1944 κατδι
994 1886 1043 1956 τὴν
1087 1895 1141 1962 γείν
1151 1931 1160 1960 ,
1172 1885 1221 1958 τῆν
1235 1885 1262 1945 δέ
1277 1886 1345 1946 κατὰ
1359 1887 1452 1966 χρόνον
1468 1885 1640 1963 ἀπαγορεύειν
1655 1890 1689 1952 ὡς
1703 1887 1755 1965 οὐχ
1769 1885 1877 1964 δρωμέ-

257 1974 351 2056 φοράν·
363 1973 393 2032 τὸ
409 1971 521 2050 μὲνγὰρ
537 1973 602 2048 ἄνω,
613 1991 702 2049 quum
718 1973 807 2048 vulgo
823 1973 937 2050 legatur·
948 1973 1043 2051 ὁμοίως
1086 1999 1131 2034 νου
1148 1980 1194 2034 τοῦ
1208 1974 1312 2056 χρόνον.
1332 1975 1426 2036 Καίτοι
1438 1977 1505 2054 χρῆν
1528 1979 1636 2049 ἐννοεῖν,
1651 1975 1689 2032 δτι
1704 1975 1756 2054 δρᾷ
1770 1999 1797 2032 τι
1813 1975 1877 2032 ἑκά·

257 2065 284 2121 δέ
301 2061 346 2121 καί
360 2061 429 2122 κοιτθ
443 2059 491 2130 τῆν
507 2061 604 2140 φοράν·
619 2059 649 2118 τὸ
666 2061 713 2136 μὲν
729 2058 792 2120 άνω.
808 2060 865 2118 Sed
880 2059 931 2140 γδιρ
947 2063 1041 2140 parti·
1087 2087 1163 2123 στοτε
1184 2065 1219 2131 είς
1242 2067 1312 2138 ἡμᾶς
1333 2067 1348 2122 θ
1362 2062 1467 2144 χρόνος,
1486 2061 1531 2121 καλ
1554 2060 1643 2142 ὥσπερ
1659 2063 1713 2122 ἀπὸ
1728 2065 1828 2122 λευκοῦ
1844 2066 1879 2130 εἷς

257 2151 351 2210 culam
379 2150 585 2210 sententiarum
617 2149 691 2207 ordo
719 2149 848 2226 flagitat,
880 2152 1041 2226 praesertim
1088 2152 1170 2228 μέλαν
1181 2149 1487 2230 μεταὸάλλομεν,ούτως
1499 2151 1606 2209 ἀπὸτοῦ
1619 2155 1759 2230 περυσινοῧ
1774 2153 1878 2219 πάθους

258 2259 347 2318 quum
363 2257 523 2316 praegressa
537 2236 765 2315 comprehensio
788 2237 857 2296 huic
872 2238 977 2298 similis
993 2241 1040 2300 sit.
1087 2246 1123 2310 εῖς
1138 2241 1167 2300 τὸ
1181 2241 1299 2316 τητινόν,
1314 2241 1343 2300 οὐ
1358 2239 1423 2300 καθὸ
1437 2240 1490 2298 ἀπὸ
1504 2239 1602 2305 πάθους
1614 2241 1649 2305 είς
1662 2240 1744 2305 πάθος
1759 2244 1777 2310 ἡ
1793 2263 1877 2314 μετα·

252 2323 399 2391 ’Ᾰὶῖειιῖιιε
415 2327 541 2404 scriptor
558 2347 564 2383 :
581 2325 628 2383 καί
642 2321 711 2383 κατδι
726 2323 757 2384 τθ
771 2323 869 2384 ποσόν·
886 2325 915 2385 τδ
931 2327 978 2404 μίν
992 2328 1043 2410 γάρ
1090 2329 1156 2400 ύολὴ
1170 2321 1223 2388 οἷον
1239 2329 1292 2388 ἀπὸ
1305 2329 1424 2400 νεότητος
1439 2330 1475 2395 είς
1489 2332 1588 2405 γῆρας,
1602 2325 1672 2384 κατὰ
1688 2325 1735 2397 τὴν
1758 2330 1805 2384 τοῦ
1822 2326 1877 2384 σώ-

259 2419 376 2488 τέλειον,
393 2413 423 2473 τδ
439 2413 460 2472 δ’
476 2413 575 2480 ἀτελές.
591 2413 735 2472 Nimirum
749 2413 811 2472 haec
826 2416 1041 2475 verissimaco-
1088 2441 1170 2494 ματος
1193 2417 1301 2476 ἀλλοίαν
1323 2417 1455 2490 διάθεσιν,
1483 2415 1552 2475 tiit
1580 2413 1649 2473 κατὰ
1677 2413 1723 2484 τὴν
1748 2415 1877 2492 χρονικλο

258 2507 332 2566 dicis
348 2504 522 2562 parisiensis
538 2503 626 2561 lectio
642 2503 772 2576 videtur,
789 2503 934 2581 siquidem
948 2506 979 2563 in
995 2527 1042 2564 ce·
1088 2506 1250 2586 συνέμφασιν
1265 2511 1310 2566 τοῦ
1325 2511 1463 2583 περυσινοῦ
1478 2503 1524 2563 καί
1539 2507 1583 2562 τοῦ
1598 2509 1711 2574 τητινοῦ.
1731 2503 1878 2580 Μαρτυρεῖ

259 2596 328 2654 teris
352 2591 490 2650 omnibus
513 2592 587 2649 nihil
612 2591 693 2650 aliud
721 2612 808 2669 quam
828 2593 858 2652 τὸ
879 2593 926 2669 μὲν
944 2594 1042 2656 τελειον
1087 2593 1161 2674 itm
1176 2595 1246 2674 λόγῳ
1260 2593 1305 2653 καί
1320 2593 1459 2670 Εὔδημος,
1474 2597 1487 2651 ὁ
1501 2589 1678 2670 γνησιώτατος
1693 2591 1745 2646 τῶν
1759 2588 1879 2668 Ἀριστο-

259 2695 409 2746 exaratum
431 2693 484 2738 est.
506 2680 674 2758 Simplicius
700 2681 750 2742 iol.
776 2685 866 2760 93·94
896 2683 955 2741 ἀλλ’
972 2683 1042 2752 άξιον
1086 2679 1175 2751 τέλους
1193 2683 1319 2761 ἑταίρων,
1335 2683 1418 2760 λέγων
1434 2683 1460 2740 έν
1484 2683 1521 2760 τῷ
1543 2677 1654 2758 δευτέρῳ
1676 2680 1728 2736 τῶν
1745 2679 1879 2738 Φυσικῶν

260 2774 359 2846 ζητεῖν,
376 2768 418 2828 διὰ
433 2767 458 2828 τί
484 2775 529 2828 τοῦ
552 2768 660 2845 δυνάμει
683 2767 728 2828 καί
745 2771 892 2850 ἐντελεχείᾳ
912 2773 938 2830 έν
962 2782 1043 2834 πᾶσιν
1088 2771 1155 2848 μετδι
1175 2771 1206 2831 τθ
1220 2771 1301 2830 εἰπεῖν
1316 2771 1362 2837 τδις
1386 2771 1466 2835 tito<
1485 2767 1612 2848 τέτταρας
1635 2767 1766 2835 κινήσεις·
1787 2793 1801 2816 ‘¹
1834 2767 1878 2824 mi

258 2858 331 2924 ὄντος
347 2863 402 2923 wit
425 2855 511 2934 γόνόῦῑ
525 2861 571 2914 τόῧ
595 2855 680 2931 ὄντος,
697 2857 741 2916 καλ
759 2863 806 2928 τῆς
824 2859 951 2931 κινήσεως
965 2861 1044 2934 οὔσης
1087 2862 1138 2940 γδιρ
1151 2859 1181 2920 τθ
1195 2859 1258 2920 πότε
1273 2866 1325 2926 τοῖς
1339 2861 1456 2924 δυνατοῖς
1467 2847 1485 2936 ᾗ
1497 2858 1621 2928 δύναται,
1634 2853 1776 2929 συμύαίνει
1786 2877 1876 2912 κινου-

258 2943 449 3025 ίνεργείαςτοῢ
470 2943 580 3020 δυνάμει
603 2936 622 3025 ᾖ
647 2947 762 3008 τοιοῦτόν
782 2947 868 3018 ἐστιν,
888 2951 913 3006 ἐν
936 2951 1044 3030 τέτρασι
1089 2947 1182 3024 μένοις.
1210 2947 1302 3006 Πάντα
1319 2945 1369 3026 γθρ
1387 2951 1412 3006 ἐν
1427 2943 1514 3026 χρόνῳ
1529 2944 1649 3002 κινεῖται.
1668 2971 1680 2994 ν
1704 2937 1738 3002 Ei
1761 2941 1802 3016 μὴ
1829 2943 1880 3020 ἄρα

259 3033 346 3114 μόνοις
360 3029 449 3112 γένεσι
468 3037 516 3091 τοῦ
530 3035 618 3108 ὄντος,
633 3058 666 3114 τη
678 3033 770 3117 ούσίφ,
789 3035 834 3094 καί
848 3040 886 3116 τῷ
900 3043 982 3119 ποιῷ,
998 3041 1043 3098 καί
1089 3035 1160 3112 λέγοι
1180 3059 1218 3103 τις
1233 3037 1258 3093 έν
1279 3035 1366 3115 χρόνῳ
1385 3026 1472 3104 εῖναι,
1492 3032 1560 3092 titi
1576 3030 1613 3108 μὴ
1628 3030 1695 3089 κατά
1716 3028 1817 3108 χρόνον
1834 3032 1879 3101 τὴν

259 3129 297 3202 τῷ
314 3123 403 3202 ποσῷ,
419 3119 517 3200 καὶτῷ
538 3129 606 3200 ποῦ,
627 3121 728 3194 έστινὴ
752 3123 869 3198 κίνησις,
888 3128 923 3192 ὡς
947 3127 992 3186 καί
1016 3131 1042 3186 ἐν
1089 3122 1201 3196 κίνησιν.
1221 3125 1336 3200 Σημείον
1355 3121 1386 3181 δέ
1409 3122 1473 3202 φασί
1491 3145 1559 3188 τινες
1581 3125 1629 3179 τοῦ
1649 3121 1784 3196 μηδεμίαν
1810 3111 1880 3178 εἶναι

258 3213 426 3290 κατηγορίαις
443 3207 591 3283 δέδεικται,
607 3209 654 3269 καί
669 3213 695 3269 ἐν
711 3214 748 3291 τῷ
763 3211 878 3292 πέμπτῳ
892 3217 939 3284 τῆς
954 3239 1041 3294 πραγ-
1087 3211 1261 3290 κατὰχρόνον
1286 3211 1356 3276 ἰδίως
1370 3207 1472 3282 κίνησιν
1493 3209 1540 3268 καλ
1567 3206 1698 3285 μηδεμίαν
1721 3198 1790 3266 εἶναι
1809 3209 1880 3264 κατὰ

259 3298 369 3376 ματείας
391 3295 489 3370 ταύτης
509 3299 652 3358 σπουδάσει
669 3299 765 3375 δεῖξαι,
787 3303 812 3358 ἐν
835 3299 862 3358 δὲ
881 3309 934 3369 τοῖς
956 3303 1042 3371 ἄλλοις
1088 3300 1180 3378 χρόνον
1193 3299 1319 3379 ἠρεμίαν·
1332 3299 1389 3357 οὐδὲ
1402 3299 1452 3378 γάρ
1466 3302 1480 3357 δ
1493 3297 1584 3377 χρόνος
1598 3297 1679 3364 οὐδείς
1695 3295 1780 3354 οὐδενί
1796 3300 1813 3354 δ
1829 3297 1878 3352 αὖ·

258 3383 344 3444 οὐκέτι
356 3381 468 3452 ἀξιώσας
482 3389 496 3442 ὁ
512 3382 692 3462 Ἀριστοτέλης
705 3387 752 3452 τὰς
764 3385 879 3455 κινήσεις
893 3386 939 3445 καί
956 3413 1043 3464 μετα·
1088 3389 1149 3464 τός,
1165 3391 1224 3448 ἀλλ’
1239 3388 1280 3446 ἀεί
1294 3393 1308 3447 ὁ
1323 3386 1403 3448 ἐπιών
1418 3389 1523 3466 ἕτερος,
1537 3385 1606 3444 ώστε
1622 3387 1669 3444 οὐκ
1684 3385 1761 3442 ἔσται
1772 3385 1804 3441 rit
1821 3381 1879 3441 δια-

258 3471 338 3541 ὅολδις
353 3474 382 3530 ίκ
396 3476 447 3530 τῶν
464 3470 588 3529 ἐναντίων
603 3471 719 3546 γίνεσθαι
743 3475 779 3540 εἷς
794 3473 828 3532 τθι
843 3475 994 3548 έναντία,δΙ
1014 3481 1042 3537 ἐκ
1088 3475 1164 3550 μένον
1188 3479 1213 3535 έν
1230 3480 1268 3556 τῷ
1288 3477 1359 3553 αὐτῷ
1382 3477 1484 3556 χρόνῳ,
1508 3473 1538 3533 τὸ
1553 3474 1579 3531 δέ
1603 3476 1629 3532 έν
1643 3477 1681 3551 τῷ
1704 3474 1777 3550 αύτῷ
1801 3473 1878 3552 τόπῳ
1911 3493 1913 3496 ·

258 3566 309 3620 τῶν
325 3558 422 3637 μεταξὺ
442 3560 634 3620 τῶνέναντίων
651 3560 728 3640 λόγον
742 3561 869 3642 ἑχόντων,
886 3562 929 3624 διδι
940 3569 1041 3638 τοῦτο,
1088 3565 1143 3622 ἐστί
1158 3565 1203 3624 καί
1225 3568 1250 3623 ἐν
1266 3568 1298 3644 τῇ
1318 3564 1384 3642 αὐτῇ
1399 3563 1528 3632 ποιότητι.
1544 3561 1618 3620 ’tii’
1633 3560 1809 3620 ἐπισκεπτέον
1826 3561 1879 3636 μέ,-

277 3649 339 3724 ησί,
354 3648 413 3708 κατ’
425 3649 515 3708 οθσίαν
532 3645 580 3724 μέν
595 3652 641 3710 οὐκ
658 3650 713 3710 ἔστι
729 3650 845 3727 κίνησις,
859 3651 902 3713 διδι
916 3653 945 3711 τὸ
960 3657 1041 3731 μηδὲν
1087 3677 1151 3712 ποτε
1166 3658 1242 3712 τοῦτο
1256 3657 1301 3712 τοῦ
1318 3651 1435 3710 ἐναντίου
1456 3650 1566 3725 σημεῖόν
1580 3651 1666 3709 ίστιν.
1688 3651 1723 3708 Εἰ
1739 3647 1792 3726 γὰρ
1809 3651 1877 3729 χρύ-

258 3676 325 3798 cium
339 3741 391 3797 τῶν
404 3737 485 3798 όντων
498 3736 576 3817 οὐσίφ
591 3737 717 3798 ἐναντίον.
732 3740 772 3798 Οὔ
789 3738 878 3816 μέντοι
891 3741 948 3799 οὐδὲ
965 3745 1042 3820 ἐντῷ
1087 3768 1127 3812 νος
1150 3742 1232 3810 οὐδεὶς
1248 3743 1330 3800 οὐδενί
1354 3741 1476 3812 δαύτός,
1494 3739 1551 3797 ἀλλ’
1568 3739 1608 3796 ἀεὶ
1627 3741 1641 3796 δ
1663 3735 1744 3796 ἐπιών
1767 3736 1877 3816 έτερος,

257 3829 323 3907 πρός
346 3851 387 3900 τι,
401 3827 460 3886 οὐδὲ
485 3825 516 3898 δὴ
543 3827 586 3885 ἐπὶ
601 3832 646 3886 τοῦ
668 3833 803 3896 ποιοῦντος
824 3829 869 3888 καί
894 3829 1042 3940 πάσχοντος
1088 3833 1166 3903 δῆλον
1191 3831 1230 3890 δτι
1246 3834 1259 3887 δ
1274 3828 1365 3908 χρόνος
1380 3830 1406 3886 ἐν
1418 3831 1455 3908 τῷ
1476 3829 1593 3906 γίνεσθαι
1611 3824 1656 3884 καί
1672 3825 1829 3905 φθείρεσθαι
1848 3825 1878 3881 τί

257 3918 314 3974 οὐδὲ
330 3915 426 3982 παντὸς
440 3915 593 3993 κινουμένου
606 3915 651 3974 καί
663 3921 807 3994 κινοῦντος,
820 3914 920 3975 τούτων
936 3941 979 3976 συν
990 3922 1041 3976 τῶν
1090 3911 1155 3980 εἶναι
1170 3919 1235 4000 ἔχει.
1254 3921 1316 3984 [Ιῶς
1331 3906 1374 3975 σύν
1389 3916 1418 3974 τὸ
1433 3918 1459 3974 έν
1474 3918 1512 3994 τῷ
1530 3915 1642 3992 χθεσινῷ
1664 3911 1753 3991 χρόνῳ
1767 3909 1835 3968 όταν
1852 3915 1878 3970 ἐν

256 4008 420 4084 κατηγοριῶν
433 4003 513 4070 σίτοις
526 4002 663 4070 ἀποδιδούς
677 4003 735 4072 τοὺς
749 4003 912 4082 λογισμοθςδ
928 4003 1041 4084 Ἀριστο-
1088 4011 1127 4088 τῷ
1145 4009 1279 4086 σημερινῷ
1302 4005 1425 4084 γένηται,
1451 4004 1497 4062 οὐκ
1523 4001 1553 4059 ἂν
1574 4000 1678 4078 λέγοιτο
1692 3999 1762 4059 κατδι
1780 3999 1878 4078 χρόνον

256 4091 333 4160 τέλης
355 4092 384 4150 τὸ
399 4097 516 4164 κεῖσθαι,
531 4093 561 4150 τὸ
578 4091 648 4172 ἔχειν
666 4093 710 4151 καί
731 4092 779 4164 τῆν
801 4091 864 4152 πότε
881 4093 1040 4174 κατηγορίαν
1088 4095 1280 4171 μεταόάλλειν,
1300 4093 1349 4151 κάν
1364 4091 1520 4171 ἔφθαρταιδ
1536 4089 1653 4168 χθεσινθς
1668 4086 1772 4168 χρόνος.
1792 4087 1877 4147 Ἀλλὰ

256 4184 371 4258 παρῆκε.
388 4179 458 4240 Ἀλλ’
473 4181 499 4237 έν
512 4185 545 4258 τῆ
559 4181 623 4239 πότε
638 4181 783 4260 κατηγορίᾳ
800 4179 843 4239 διὰ
858 4179 884 4239 τί
894 4184 940 4240 οὐκ
955 4179 986 4240 δν
1001 4181 1041 4256 είη
1086 4183 1118 4254 δὴ
1132 4182 1179 4242 καί
1204 4180 1272 4240 κατθι
1292 4180 1321 4240 τὸ
1344 4185 1462 4253 κεῖσθαι,
1487 4179 1561 4258 είπερ
1575 4182 1621 4236 τοῦ
1637 4177 1739 4235 κεῖσθαι
1759 4175 1876 4256 διαφορίι

257 4264 389 4338 uitiauit
410 4265 561 4342 μεταδολής
584 4271 619 4336 ὡς
643 4269 694 4346 γὰρ
721 4267 831 4327 ἀπὸτοῦ
853 4269 945 4326 λευκοῦ
962 4272 997 4335 εἰς
1012 4271 1041 4328 τὸ
1086 4271 1116 4328 τὸ
1142 4270 1232 4330 ὕπτιον
1252 4269 1297 4328 καί
1315 4268 1345 4326 τὸ
1359 4267 1469 4348 πρηνές,
1493 4267 1642 4326 καὶταῦτα
1662 4263 1766 4323 ἐναντία
1789 4263 1875 4334 diii-

259 4356 340 4436 μελαν
362 4353 524 4433 μετοιύάλλω
551 4355 596 4412 καί
621 4355 673 4414 ἀπὸ
688 4355 768 4414 τόπου
787 4357 822 4422 είς
840 4355 935 4429 τόπον,
961 4357 1042 4424 οὕτως
1085 4356 1208 4437 λοις,διδι
1224 4358 1249 4416 τί
1264 4357 1302 4432 μὴ
1317 4356 1418 4434 λέγοιτο
1432 4355 1464 4415 δν
1480 4353 1549 4414 κατδι
1563 4353 1632 4413 θέσιν
1650 4351 1830 4426 μεταόάλλειν
1845 4354 1875 4410 τὸ

258 4444 372 4504 ἀπὸτοῦ
392 4443 501 4523 πέρυσιν
521 4446 558 4510 εἰς
580 4442 610 4501 τὸ
631 4447 706 4514 τῆτες
729 4441 824 4510 καλεῖς
842 4439 938 4505 νέωτα.
960 4445 996 4504 Τί
1015 4445 1041 4504 δέ
1087 4445 1113 4515 ἐξ
1136 4447 1229 4506 ὑπτίου
1249 4447 1285 4512 είς
1300 4444 1329 4503 τὸ
1353 4443 1449 4524 πρηνὲς
1470 4440 1675 4520 μεθιστάμενον;
1698 4439 1820 4514 Ὁμοίως
1847 4441 1874 4498 δέ

288 4675 329 4718 to.
346 4669 401 4718 Non
422 4669 461 4716 est
477 4668 560 4717 autom
581 4669 664 4717 motus
685 4663 749 4716 ulios
762 4665 853 4730 prater
870 4679 910 4715 ros
924 4665 998 4730 ipsas.
1014 4666 1041 4715 id
1086 4681 1150 4717 mus.
1168 4669 1330 4730 unaqueque
1348 4666 1433 4715 autem
1456 4663 1494 4714 ris
1512 4662 1634 4714 attributa
1653 4661 1728 4711 rebus
1740 4661 1875 4726 dupliciter

257 4757 321 4808 enim
345 4756 412 4820 quod
432 4757 554 4820 ututatur,
570 4768 667 4820 semper
687 4757 731 4806 aut
755 4753 782 4804 in
801 4755 940 4805 substantia
953 4755 996 4804 aut
1017 4755 1042 4804 io
1087 4753 1388 4812 omnibusinost,uthoo
1403 4771 1409 4801 :
1424 4751 1568 4801 aliudeoim
1580 4750 1682 4813 eatejus
1695 4749 1794 4812 sonna,
1807 4749 1873 4799 oliui

179 4836 180 4840 ί
255 4845 663 4911 quantitateauiinquoiitateaut
676 4843 764 4894 irioco
777 4845 896 4894 mutatur.
909 4844 1042 4894 Gommooe
1087 4843 1198 4907 privatio.
1216 4845 1247 4892 itt
1260 4843 1328 4890 ceria
1348 4839 1466 4904 qualitate
1487 4837 1640 4902 proditum:
1661 4833 1731 4884 aliud
1748 4836 1816 4884 enim
1835 4837 1874 4884 est

257 4939 340 4994 autem
354 4935 381 4985 io
393 4933 432 4986 his
444 4933 505 4984 nihil
516 4947 606 4998 ponere
620 4945 767 4998 possumus,
782 4931 819 4982 uti
836 4929 959 4991 diximus,
974 4929 1042 4992 quod
1087 4929 1186 4992 atrum·
1204 4929 1271 4980 aliud
1293 4928 1398 4992 nigrum.
1417 4929 1448 4976 tit
1464 4925 1617 4989 atiqumtum
1632 4943 1640 4974 ε
1654 4921 1722 4972 aliud
1744 4923 1812 4972 euim
1835 4925 1874 4972 est

258 5023 359 5086 quidem
377 5037 458 5087 natiue
471 5021 519 5073 hoc
532 5036 613 5087 oeque
632 5020 786 5084 aliquantum
802 5031 882 5082 noque
900 5021 968 5068 corta
979 5031 1043 5082 qua-
1086 5019 1237 5083 perfeetum,
1250 5015 1317 5066 aliod
1330 5015 1510 5078 imperfectum.
1525 5011 1641 5062 Similiter
1655 5024 1682 5060 oo
1699 5023 1741 5060 res
1757 5009 1837 5062 habet
1847 5009 1873 5058 io

259 5111 328 5164 litato
343 5113 483 5177 oroedimm,
495 5126 575 5177 nequo
587 5112 637 5163 uita
648 5115 794 5163 caeterarum
805 5106 994 5159 attributionem
1002 5106 1041 5158 sit.
1087 5109 1158 5172 lapsu
1172 5126 1179 5157 ι
1192 5106 1260 5156 aliud
1275 5104 1341 5155 enim
1354 5107 1394 5155 est
1409 5115 1502 5166 supra,
1514 5100 1582 5151 atiud
1599 5099 1678 5156 iniraa
1691 5101 1736 5149 aut
1749 5097 1817 5149 aliod
1834 5103 1873 5148 ost

259 5203 346 5265 ltaque
357 5215 438 5265 nequo
448 5205 530 5254 motus
543 5216 624 5266 neque
635 5201 741 5253 mutatio
754 5198 903 5264 cuiusquam
915 5198 1043 5260 proterea
1086 5196 1156 5258 iove,
1177 5193 1245 5245 aliod
1268 5206 1352 5256 gravo.
1372 5190 1539 5251 Quamobrem
1560 5191 1622 5253 quot
1642 5189 1701 5237 sunt
1727 5186 1808 5246 entis,
1835 5189 1873 5235 tot

258 5299 316 5357 qun
332 5287 441 5340 θίιιίισιιι
455 5291 516 5354 erit,
533 5305 612 5355 quum
630 5287 690 5340 nihii
705 5289 739 5340 sit
758 5289 848 5354 praetor
862 5299 892 5338 aa
905 5299 961 5350 quc
974 5284 1040 5335 dixi·
1088 5283 1162 5337 otiam
1173 5285 1257 5334 motus
1268 5285 1295 5333 et
1306 5279 1449 5332 motationis
1462 5277 1555 5343 spectu
1569 5279 1635 5328 sunt
