3958 5942
802 397 1052 463 censimum.
1664 385 1725 478 τίς

125 532 198 597 ζεται
212 526 257 588 καὶ
267 531 364 608 συνεχῆ
383 529 462 588 ἐστιν.
479 527 514 590 Ἣ
531 525 559 588 δέ
577 528 679 601 κίνησις
689 533 727 611 τῷ
740 529 784 590 inl
801 530 903 610 μήκους
949 532 1044 607 πόσης.
1060 530 1137 594 Ἐστι
1152 534 1228 615 (leg.
1246 535 1302 616 εἴη]
1318 536 1350 608 δὴ
1365 543 1503 619 πανταχοῦ
1521 541 1567 600 καθ
1584 545 1679 620 ὁμοίως
1694 547 1724 606 ἀν

125 608 191 676 εἶναι
208 617 317 697 συνεχής
330 641 360 675 τε
373 618 418 677 καλ
443 616 554 698 μεριστὴ
570 619 710 700 φαίνεται,
723 619 836 698 συνεχὴς
855 621 902 697 μέν
949 623 1054 691 ἡτισοῦν
1073 620 1181 695 κίνησις.
1204 623 1244 682 Οὐ
1267 623 1319 701 μὴν
1338 623 1408 683 ἀλλά
1430 623 1538 704 πρόντως
1563 630 1724 708 καὶμᾶλλον

124 709 161 783 τῷ
187 705 230 763 ἐπὶ
245 712 369 786 συνεχοῦς
394 697 477 780 εἶναι,
495 705 608 785 μεριστὴ
628 705 654 764 δὲ
683 709 720 784 τῷ
747 707 903 787 διαιρεῖσθαι
948 713 994 780 τὴς
1018 709 1147 790 προτέρας
1174 712 1220 771 καλ
1243 712 1420 792 θμαλωτέρας·
1445 716 1471 773 ἐν
1495 717 1647 797 ὡρισμένοις
1675 720 1725 802 γάρ

124 793 212 874 ὥσπερ
226 794 256 852 τὸ
271 799 361 871 μῆκος·
375 792 397 867 ὅ,
413 818 440 852 τι
452 794 503 872 γὰρ
519 792 550 852 ἀν
571 797 657 875 ληφθῇ
674 797 719 852 τοῦ
736 794 836 871 μήκους
853 797 903 872 μό-
947 798 1145 881 γνωριμώτερος
1162 800 1273 878 γίνεται.
1290 827 1302 854 ν
1317 804 1411 862 Ταῦτα
1426 806 1515 885 σαρῶς
1529 804 1596 864 οὕτω
1609 812 1655 865 τοῦ
1673 811 1726 868 Εὐ-

125 905 195 972 ριον,
211 887 288 942 τοῦτο
303 883 348 940 καὶ
366 886 413 953 τῆς
433 880 559 955 κινήσεώς
574 883 653 940 ἔστιν·
666 879 782 957 Ὁμοίως
802 881 830 942 δὲ
855 883 903 967 καθ
948 887 1032 964 δήμου
1058 890 1216 970 γεγραφότος
1237 891 1308 960 ἄξιον
1333 892 1491 970 ἐπιστῆσαι,
1515 891 1543 952 τί
1564 895 1594 955 τὸ
1615 897 1725 956 καθόλου

124 976 169 1028 τοῦ
182 971 287 1051 χρόνου.
305 970 352 1039 Ὡς
366 971 417 1050 γθρ
432 969 479 1042 τὴν
494 971 612 1043 κίνησιν,
633 968 700 1029 οὕτω
716 971 760 1029 καὶ
781 971 825 1030 τὸν
839 971 902 1052 χρό·
947 981 1034 1037 τοῦτο.
1054 979 1086 1037 El
1101 977 1149 1054 μέν
1170 979 1219 1060 γθιρ
1236 979 1306 1039 ἔστιν
1327 981 1353 1038 ἐν
1368 981 1512 1041 ῦποστόσιι
1526 989 1543 1057 ή
1559 983 1671 1044 καθολου
1687 985 1728 1044 κί-

96 1124 98 1126 ,
124 1083 165 1120 νον
181 1061 287 1139 οἰόμεθα
309 1061 434 1142 μερίζειν.
451 1088 463 1112 ε
480 1058 513 1121 ‘0
533 1061 561 1119 δέ
575 1059 756 1141 Λαμψακηνὸς
776 1063 902 1141 Στρότων
947 1087 1036 1142 νησις,
1050 1063 1092 1124 διθι
1105 1064 1131 1124 τί
1141 1064 1179 1142 μὴ
1194 1067 1239 1125 καί
1254 1067 1388 1146 ἄνθρωπος
1403 1068 1448 1128 καθ
1459 1068 1539 1138 ίππος
1551 1071 1597 1132 καί
1611 1076 1663 1132 τιῦν
1678 1073 1726 1133 ἄλ-

124 1154 171 1210 οθκ
185 1151 237 1210 ἀπὸ
252 1157 298 1210 τοῦ
313 1151 436 1230 μεγέθους
451 1148 528 1228 μόνον
546 1154 642 1227 συνεχῆ
658 1149 705 1220 τὴν
720 1149 821 1222 κίνησιν
835 1141 902 1209 εἷναί
946 1154 998 1212 λων
1013 1153 1135 1228 ἕκαστον,
1149 1152 1192 1213 διθι
1205 1155 1231 1212 τί
1245 1154 1320 1232 δὲμὴ
1334 1154 1422 1236 ὥσπερ
1436 1161 1453 1228 ὴ
1466 1157 1594 1232 κίνησιςὴ
1611 1161 1657 1239 μέν
1677 1187 1725 1222 κα·

124 1262 215 1319 φησιν,
235 1239 302 1298 ἀλλὰ
316 1239 360 1298 καί
380 1239 438 1298 καθ’
453 1238 567 1316 ἑαυτήν,
578 1241 611 1306 όις
629 1239 651 1297 εἷ
668 1239 821 1313 διακοπείη,
839 1241 901 1299 onol-
946 1241 1034 1316 θόλου,
1050 1246 1066 1314 ἡ
1084 1243 1107 1301 δ’
1117 1241 1196 1317 ίθιος,
1215 1242 1285 1303 οθτω
1298 1245 1343 1302 καί
1364 1243 1454 1324 χρόνος
1471 1245 1544 1323 ὁμὲν
1559 1249 1658 1322 κοινός,
1670 1254 1684 1308 ό
1698 1251 1726 1310 δέ

124 1349 164 1384 σει
188 1327 440 1406 διαλαμῦανομένη,
457 1326 547 1386 καὶτὸ
562 1326 658 1404 μεταξῦ
676 1327 721 1387 δύο
741 1328 900 1388 διαστάσεων
946 1327 1021 1398 ίδιος.
1035 1331 1068 1389 El
1083 1328 1110 1388 δέ
1125 1331 1155 1389 τὸ
1170 1331 1282 1391 καθόλου
1298 1337 1345 1404 τὴς
1362 1331 1487 1405 κινήσεως
1500 1332 1517 1405 ὴ
1530 1336 1601 1394 οὐδὲν
1617 1335 1634 1409 ὴ
1650 1336 1725 1396 ῦστε·

124 1415 226 1488 κίνησιν
243 1408 321 1477 οῦσαν
340 1416 508 1497 ἀδιόκοπον.)
948 1438 1008 1492 ρον,
1019 1419 1054 1482 ὡς
1069 1414 1096 1474 δὲ
1111 1416 1192 1496 ἔχειὴ
1207 1418 1326 1493 κίνησις,
1343 1418 1399 1498 ἔχει
1415 1419 1461 1478 καί
1474 1424 1488 1478 ὁ
1500 1420 1608 1501 χρόνος,
1622 1423 1667 1482 καὶ
1677 1415 1723 1482 oll-

165 1523 204 1565 ιν.
227 1505 267 1565 Τὸ
281 1505 308 1564 δέ
323 1505 354 1578 δὴ
368 1505 491 1588 πρότερον
509 1504 556 1564 καὶ
569 1504 676 1586 ὕστερον
692 1509 719 1565 έν
735 1506 808 1586 τόπῳ
826 1512 901 1590 πρόι-
946 1526 988 1570 sos
1003 1503 1085 1584 ἅραῆ
1105 1504 1178 1564 milit
1201 1503 1218 1578 ὴ
1240 1508 1341 1568 ἐπίνοια
1358 1508 1446 1585 μόνον.
1466 1508 1511 1569 Cf.
1530 1509 1618 1572 Arist.
1637 1512 1723 1590 Phys.

122 1591 169 1651 τόν
184 1595 265 1653 ἐστιν.
292 1595 421 1656 Ἐνταῦθα
443 1595 538 1671 μὲνδὴ
557 1601 587 1675 τῇ
605 1595 683 1654 θέσει·
706 1597 800 1656 ἐπείθ’
820 1599 899 1680 ἐντῷ
946 1592 1308 1674 IV,1tp.223.o.29.)
1343 1617 1346 1622 '

122 1682 227 1759 μεγέθει
237 1682 293 1740 lori
307 1681 337 1741 τὸ
351 1682 474 1763 πρότερον
494 1683 539 1742 καὶ
553 1685 582 1742 τὸ
596 1681 717 1764 ὕστερον,
735 1684 837 1764 ἀνόγιιη
855 1687 900 1746 καὶ
985 1701 1023 1740 ου.
1047 1681 1086 1742 Τθ
1099 1681 1126 1741 δέ
1136 1689 1179 1742 νῦν
1190 1682 1246 1744 ἔστι
1259 1683 1305 1762 μὲν
1318 1688 1353 1753 ὡς
1366 1684 1396 1744 τό
1411 1687 1486 1762 αὐτό,
1502 1684 1559 1746 ἔστι
1573 1688 1641 1756 δ’ὡς
1654 1691 1682 1749 οῦ
1696 1691 1726 1751 τθ

122 1770 149 1826 ἐν
160 1770 263 1842 κινήσει
276 1761 342 1830 εἶναι
354 1771 389 1830 τὸ.
397 1771 520 1852 πρότερον
536 1771 581 1830 καί
591 1771 621 1832 τὸ
631 1771 748 1853 θστερον,
772 1773 898 1854 ἀνόλογον
946 1768 1017 1830 αθτό·
1031 1762 1050 1848 ᾖ
1065 1770 1111 1848 μέν
1127 1773 1184 1853 γάρζ
1195 1774 1221 1832 ἐν
1236 1762 1309 1854 ἄλλῳ
1322 1774 1367 1834 καλ
1383 1775 1473 1855 ἄλλῳ,
1487 1773 1572 1856 ἕτερον
1588 1777 1687 1856 (τοῦτο
1703 1781 1726 1838 δ’

120 1866 174 1928 τοῖς
195 1860 258 1922 ἐκεῖ.
273 1859 353 1920 istit
369 1859 421 1937 μὴν
433 1861 477 1921 καλ
492 1863 518 1919 έν
537 1861 671 1942 τῷχρόνῳ
688 1862 744 1920 ἐστὶ
762 1861 790 1922 τὸ
806 1864 901 1942 τρότε-
945 1849 976 1930 ὴν
988 1860 1058 1939 αὐτῷ
1069 1859 1099 1918 τὸ
1111 1864 1181 1940 νῦν),
1199 1854 1218 1941 ᾗ
1236 1860 1263 1920 δέ
1278 1863 1369 1923 όποτε
1385 1861 1413 1922 όν
1426 1862 1521 1922 ἔστιτὸ
1533 1869 1595 1941 νῦν,
1611 1867 1641 1924 τὸ
1654 1867 1726 1926 αθτό·

122 1967 166 2024 ρον
182 1947 226 2006 καὶ
240 1947 270 2006 τὸ
281 1945 387 2028 ὕστερον
398 1947 440 2007 διὰ
453 1949 483 2008 τὸ
496 1950 644 2009 ἀκολουθεῖν
657 1949 696 2008 ἀεί
713 1948 813 2031 θατέρῳ
826 1953 899 2012 θέτε·
946 1949 1083 2008 ἀκολουθεῖ
1096 1948 1164 2030 stip,
1177 1953 1212 2018 m
1223 1951 1333 2030 ἐλέχθη,
1347 1953 1385 2032 τῷ
1401 1950 1448 2027 μὲν
1464 1951 1568 2030 milti
1582 1958 1599 2026 ἦ
1615 1952 1725 2029 κίνησις,

122 2058 165 2112 ρον
182 2036 277 2096 αὐτῶν.
947 2034 1029 2116 ταύτῃ
1046 2038 1068 2096 δ’
1083 2039 1210 2118 όχρόνος,
1226 2037 1260 2104 ὥς
1275 2061 1372 2119 φαμεν.
1388 2038 1443 2100 Καὶ
1460 2038 1556 2117 ὁμοίως
1570 2038 1601 2112 δὴ
1612 2046 1645 2121 τῇ
1662 2065 1724 2100 στι-

163 2124 352 2200 (Aristoteles
366 2124 455 2201 Phys.
470 2125 524 2185 lib.
543 2125 588 2198 lV,
605 2146 668 2205 cap.
689 2147 719 2184 rr
737 2149 768 2206 p.
790 2149 858 2206 ²¹9·
874 2152 898 2190 a.
945 2127 1000 2205 γμῇ
1015 2125 1044 2184 τὸ
1056 2125 1197 2205 φερόμενον
1204 2171 1213 2200 ,
1234 2117 1314 2207 ᾧτὴν
1334 2126 1436 2198 κίνησιν
1450 2127 1609 2206 γνωρίζομεν
1631 2130 1676 2188 καὶ
1694 2129 1724 2190 τὸ

124 2220 158 2280 τί,
171 2211 217 2271 ed.
234 2211 353 2274 Belsker.
373 2212 541 2292 Simplicius
558 2215 608 2274 sol.
624 2217 679 2292 169
694 2215 758 2295 πρὸς
772 2217 800 2274 δὲ
812 2217 844 2276 zi
854 2221 899 2278 ὑπ’
944 2211 1067 2293 πρότερον
1080 2216 1106 2272 έν
1120 2216 1187 2294 αὐτῇ
1202 2213 1246 2272 καί
1261 2213 1291 2274 τθ
1306 2215 1422 2294 ίνέττερον.

120 2298 314 2378 Ἀριστοτελους
334 2302 463 2381 λεγόμενα
483 2303 638 2384 ἀπορήσειεν
664 2305 695 2364 ἄν
719 2328 775 2379 τις,
796 2310 898 2386 πρῶτον
985 2301 1174 2381 (Aristoteles
1189 2303 1278 2381 Phys.
1290 2303 1342 2362 lib.
1362 2303 1411 2362 lv,
1428 2323 1492 2380 cap.
1510 2323 1543 2361 ιι
1558 2323 1587 2381 p.
1608 2305 1676 2379 269.
1691 2304 1723 2365 b.

120 2387 170 2465 μέν
184 2391 239 2456 πῶς
254 2391 280 2446 ἓν
295 2393 332 2466 τῷ
343 2389 461 2470 προτέρῳ
480 2389 526 2450 καθ
542 2391 641 2471 ὑστέρῳ
663 2395 710 2462 τῆς
728 2394 798 2452 κατὰ
820 2395 898 2455 τόπον
949 2390 1039 2450 seed.
1053 2391 1170 2450 Bclrker.
1184 2388 1353 2468 Simplicius
1374 2390 1423 2448 sol.
1443 2409 1496 2461 171
1513 2389 1558 2448 καί
1576 2389 1726 2468 θΕὔάημος

118 2475 247 2547 κινήσεως
272 2475 372 2536 τίθεται
392 2476 436 2538 τόν
457 2479 549 2558 χρόνον
570 2483 605 2547 ὡς
621 2481 697 2552 δῆλος
713 2482 786 2558 (leg.
808 2483 897 2564 δηλοῖ)
945 2475 973 2536 δέ
986 2475 1019 2534 et
1034 2474 1101 2534 αὐτόν
1114 2475 1174 2556 περί
1195 2485 1239 2536 τοῦ
1258 2481 1303 2534 νῦν
1322 2479 1350 2534 έν
1367 2479 1404 2557 τῷ
1420 2473 1501 2556 τρίτῳ
1517 2479 1568 2535 τῶν
1594 2478 1723 2538 Φυσικῶν

117 2563 213 2622 vient
228 2569 273 2622 τοῦ
288 2566 314 2622 ἐν
336 2565 408 2647 τόπῳ
428 2571 552 2648 πρότερον
572 2569 618 2626 καὶ
633 2566 739 2649 ὕστερον
757 2569 805 2642 τὴν
827 2572 898 2644 θέσιν
946 2588 1009 2645 φησι
1033 2565 1141 2646 γράφων
1165 2564 1253 2633 οὕτως·
1276 2591 1287 2618 ε
1315 2566 1337 2623 εἰ
1361 2563 1388 2624 δὲ
1408 2564 1551 2642 νοήσαιμεν
1575 2565 1722 2646 φερομένην

122 2647 223 2728 ἔχοντος
235 2651 315 2711 iniri
328 2657 375 2724 τῆς
385 2654 510 2728 κινήσεως
520 2654 644 2736 πρότερον
657 2655 703 2716 καλ
718 2657 824 2740 ὕστερον
846 2684 899 2738 με·
945 2654 1075 2731 mittit&
1099 2657 1136 2734 ets,
1153 2651 1181 2713 δὲ
1204 2659 1230 2715 έν
1245 2653 1318 2735 ἄλλῳ
1332 2657 1379 2726 τῆς
1393 2657 1520 2734 γραμμῆς
1537 2655 1655 2732 γίνεσθαι
1677 2656 1723 2715 καί

116 2741 233 2819 τελθεῖν,
249 2739 334 2799 καίτοι
361 2749 405 2802 τοῦ
420 2743 514 2824 χρόνου
539 2747 586 2802 oris
600 2745 625 2802 ἓν
643 2751 676 2824 τῇ
696 2751 791 2828 τοπικῇ
808 2748 895 2827 μόνη,
946 2743 1027 2815 αὐτὴν
1043 2744 1108 2803 ἄλλο
1122 2743 1168 2802 καὶ
1188 2741 1253 2803 ἀλλο
1272 2743 1429 2822 γινομένην,
1449 2743 1520 2803 οθτω
1533 2742 1560 2802 δέ
1574 2745 1723 2822 οἰηθείημεν

119 2829 179 2888 ἀλλ’
194 2833 221 2888 ἰν
242 2831 315 2910 πόση
329 2830 433 2904 κινήσει
447 2833 637 2912 θεωρουμένου.
654 2834 725 2914 Πρὸς
738 2837 765 2895 δὲ
780 2835 810 2895 τὸ
823 2843 898 2918 τρῶ-
944 2830 989 2890 καὶ
1012 2831 1131 2910 περὶτοῦ
1145 2837 1189 2892 νῦν
1202 2831 1282 2912 ἔχειν.
1304 2831 1344 2894 'll
1361 2831 1408 2909 μέν
1423 2832 1592 2910 ὑποκείμενον
1610 2833 1662 2906 ό,τι
1677 2835 1723 2906 δή·

117 2917 300 2996 τονλέγομιν,
318 2920 357 2979 ότι
375 2921 428 2978 κᾶν
449 2929 522 2980 πᾶσα
538 2922 638 2994 κίνησις
652 2923 737 3002 χρόνῳ
758 2931 898 3005 μετρῆται,
943 2943 1007 2979 ποτε
1027 2922 1065 2979 δεῖ
1085 2924 1176 2991 νοῆσαι
1192 2921 1273 2992 αὐτό,
1287 2922 1403 2998 διαμενεῖ
1417 2921 1446 2980 τό
1461 2921 1539 2993 αὐτό,
1556 2924 1582 2981 έν
1596 2921 1669 3002 ἄλλῳ
1694 2922 1722 2980 δέ

119 3009 180 3066 ἀλλ’
195 3003 285 3087 ὥσπερ
299 3008 473 3090 ἐναργεστέρα
491 3015 542 3070 τῶν
558 3010 644 3069 ἀλλων
660 3011 714 3070 ἐστὶ
731 3013 861 3084 κινήσεων
880 3021 898 3089 ἡ
944 3007 989 3066 καὶ
1004 3008 1076 3088 ἀλλῳ
1089 3008 1221 3086 γινόμενον
1237 3009 1322 3088 ἕτερον
1337 3009 1382 3068 καὶ
1396 3010 1483 3088 ἕτερον
1498 3009 1573 3069 ἔσται
1579 3054 1588 3086 ,
1602 3009 1670 3069 ὥστε
1686 3000 1724 3068 εἶ-

117 3094 189 3156 κατά
204 3094 301 3168 τόπον,
318 3095 386 3155 οῦτοι
401 3098 446 3155 καί
461 3101 474 3155 ό
487 3098 577 3178 χρόνος
592 3097 774 3180 ἐναργέστερος
788 3105 801 3160 δ
814 3104 896 3178 ταύτῃ
943 3117 986 3154 ναι
998 3095 1066 3154 κατά
1077 3096 1123 3173 μὲν
1132 3097 1161 3156 τθ
1173 3097 1340 3175 ὑποκείμενον
1353 3095 1405 3176 ό,τι
1414 3096 1512 3170 δήποτέ
1518 3099 1573 3156 ἔστι
1582 3097 1673 3171 τοῦτό,
1687 3101 1725 3178 τῷ

117 3191 152 3266 τῇ
167 3183 267 3255 κινήσει
288 3183 370 3244 συνάιν
384 3190 429 3245 τοῦ
448 3190 505 3256 ταῖς
520 3187 611 3253 ἄλλαις
635 3193 753 3262 κινήσεσι
777 3169 897 3262 συνόντος
943 3182 969 3240 δὲ
980 3185 1005 3242 έν
1025 3184 1098 3264 ἄλλῳ
1111 3183 1155 3244 καὶ
1173 3185 1245 3266 ἄλλῳ
1259 3186 1390 3264 timisti,
1408 3186 1473 3245 καθὸ
1488 3185 1573 3266 ἕτερον
1590 3185 1641 3258 ἤδη
1663 3185 1726 3266 πρό·

115 3273 221 3354 χρόνου.
236 3272 349 3344 Μήποτε
360 3273 385 3332 δέ
400 3274 583 3355 ἀκριόέστερον
597 3281 735 3335 σκοποῦντι
749 3277 794 3336 καλ
809 3281 836 3337 αί
848 3280 897 3342 ἄλ·
942 3295 1017 3352 τερον
1031 3273 1076 3331 καθ
1091 3273 1178 3352 ἕτερον
1196 3273 1301 3354 ὕστερον
1321 3273 1440 3353 γίνεται,
1456 3271 1540 3352 ταύτῃ
1560 3273 1590 3332 τὸ
1601 3279 1646 3332 νῦν
1664 3275 1722 3336 ἕτε-

117 3363 164 3419 λαι
176 3369 260 3420 πᾶσαι
273 3361 386 3432 κινήσεις
402 3353 454 3420 οἷον
470 3361 593 3438 αὔξησις,
612 3363 728 3441 γένεσις,
745 3365 897 3442 ἀλλοίωσις,
944 3383 999 3442 ρον.
1013 3360 1106 3442 Ταθτη
1125 3361 1214 3421 δὲκαὶ
1232 3361 1368 3442 ἀριθμθςθ
1389 3363 1496 3444 χρόνος,
1518 3361 1586 3422 ὥστε
1599 3361 1660 3422 ὅταν
1673 3362 1721 3442 μὲν

117 3447 169 3506 ὑπὸ
181 3452 227 3506 τοῦ
245 3448 339 3529 χρόνου
355 3457 509 3529 μετροῦνται
529 3449 621 3511 τούτου
637 3457 680 3510 τοῦ
697 3455 723 3510 ἐν
739 3459 835 3531 ποπικῇ
857 3479 896 3514 κι-
942 3449 976 3509 τθι
991 3455 1034 3508 νῦν
1045 3442 1063 3530 ὴ
1074 3451 1106 3509 τά
1119 3450 1204 3524 αιἰτό,
1215 3451 1261 3511 καὶ
1278 3451 1411 3532 θάριθμθς
1426 3449 1472 3510 καί
1486 3454 1500 3508 ό
1512 3450 1606 3532 χρόνος
1619 3454 1633 3510 θ
1647 3449 1723 3519 αὐτὸς

48 3615 50 3620 Ι
117 3537 194 3609 νήσῑῑ
210 3536 337 3606 συνόντος·
347 3537 427 3616 ὥραις
445 3539 495 3618 γὰρ
509 3539 554 3597 καὶ
568 3539 693 3618 ἡμέραις,
708 3539 753 3597 καὶ
771 3548 837 3616 μησὶ
851 3543 896 3601 καί
943 3535 1025 3597 ἔσται·
1036 3537 1098 3596 όταν
1109 3538 1135 3597 δὲ
1151 3538 1245 3619 ἕτερα,
1258 3540 1304 3598 καί
1317 3539 1351 3600 τά
1366 3538 1446 3598 λοιπθι
1459 3537 1547 3620 ἔτερα.
1564 3538 1600 3618 ν)

119 3631 244 3694 ἐνιαυτοῖς
257 3627 302 3685 καὶ
318 3633 369 3686 τῶν
387 3629 474 3687 ἄλλων
495 3628 621 3700 κινήσεων
642 3629 760 3708 ὁρίζομεν
774 3629 821 3702 τὴν
840 3655 897 3689 πα-
983 3644 1018 3686 ιι.
1039 3624 1102 3686 Ἔτι
1117 3629 1151 3694 ὡς
1169 3627 1411 3706 ίνδέχεταικίνησιν
1428 3616 1495 3685 εἶναι
1510 3625 1558 3696 τὴν
1573 3627 1654 3699 αὐτὴν
1677 3628 1722 3686 καὶ

120 3717 240 3794 ρότασιν,
257 3714 290 3774 ‘0
302 3713 390 3792 μέντοι
408 3715 529 3792 Εὔδημος
551 3721 576 3776 ἐν
596 3719 633 3796 τῷ
649 3717 728 3796 τρίτῳ
742 3720 791 3774 τῶν
807 3721 897 3780 Φυσι.
944 3712 1006 3790 μίαν
1021 3714 1099 3774 πόλιν
1109 3714 1153 3773 καὶ
1165 3714 1261 3793 πόλιν,
1276 3714 1345 3774 οὕτω
1358 3713 1403 3774 καί
1414 3713 1522 3794 χρόνον,
1537 3703 1591 3772 οἷον
1606 3713 1721 3774 ένιαυτθν

118 3809 172 3863 κῶν
186 3805 248 3864 τόδε
262 3805 383 3884 γέγραφε·
398 3831 411 3858 ε
424 3806 484 3886 περί
500 3805 527 3864 δὲ
541 3804 636 3887 χρόνου
649 3805 720 3884 τόχα
736 3805 767 3864 ἀν
783 3829 821 3874 τις
834 3811 898 3868 αἶπο-
942 3799 959 3873 l.
975 3802 1021 3882 ἔαρ
1036 3801 1053 3873 ἢ
1066 3803 1228 3884 μετόπωρον·
1256 3822 1263 3831 ”

120 3891 221 3973 ρήσειε,
235 3892 303 3960 τίνος
314 3893 331 3965 ὴ
343 3891 419 3961 ποίας
432 3893 558 3965 κινήσεως
578 3894 686 3973 ἀριθμός
706 3895 786 3952 ἐστιν.
802 3897 843 3954 Οὐ
864 3896 895 3970 δὴ
988 3888 1170 3971 (Aristoteles
1184 3893 1271 3967 Phys.
1294 3890 1344 3950 lib.
1357 3889 1407 3962 lV,
1424 3908 1488 3967 cap.
1507 3909 1668 3966 inpono.
1686 3888 1719 3952 l).

118 3981 240 4062 ραίνεται
259 3990 320 4049 μιᾶς
336 4005 420 4056 τινος,
435 3981 493 4041 ἀλλ’
506 3980 601 4058 ὁμοίως
616 3982 711 4054 πόσης.
728 3983 832 4048 Παντὸς
845 3984 895 4064 γάρ
947 4002 981 4038 12
997 3981 1044 4040 cd.
1063 3981 1182 4040 llekker.
1199 3981 1363 4058 Simplicius
1384 3979 1433 4036 sol.
1461 3980 1515 4051 173
1540 3977 1595 4058 (cf.
1612 3979 1722 4039 Scholl.

118 4071 188 4128 ἐστιν
203 4068 297 4144 ὁμοίως
314 4069 437 4149 ἀριθμός,
456 4072 481 4129 ἐν
502 4062 895 4151 ᾧτὸπρότερονκαθῦοτερον,
943 4069 973 4126 in
987 4067 1109 4128 Aristot.
1125 4088 1156 4144 p.
1174 4067 1242 4143 390.
1263 4067 1292 4126 b.
1314 4067 1360 4126 etl.
1385 4065 1540 4144 litandis]
1556 4065 1723 4131 ἀλλάδιθτί

117 4163 194 4217 τοῦτο
217 4156 243 4218 δὲ
258 4157 342 4216 κοινόν
365 4161 410 4226 τῆς
434 4157 569 4229 κινήσεως.
593 4155 699 4238 Ὥσπερ
720 4163 814 4228 θνητοῦ
829 4157 897 4238 ζῴου
943 4155 994 4234 ἄρα
1007 4153 1065 4214 οὔτε
1079 4155 1207 4235 πρότερον
1221 4146 1279 4214 εἷπε
1289 4158 1327 4235 τῷ
1343 4155 1405 4213 εἴδει
1419 4153 1447 4212 τθ
1460 4153 1522 4213 atti
1537 4144 1648 4216 εἶναιτὸ
1663 4161 1720 4226 νῦν,

117 4243 252 4318 ἐπιστήμη
266 4247 313 4303 οὐκ
327 4243 396 4304 ἔστιν
411 4245 493 4305 ἵππου
508 4247 565 4304 οὐδὲ
580 4246 733 4326 ἀνθρώπου,
744 4247 802 4305 οὐδὲ
817 4247 896 4306 ἄλλου
943 4241 1011 4302 ἀλλά
1027 4248 1064 4325 τῷ
1088 4243 1270 4325 ὑποκειμένῳ,
1287 4240 1346 4304 οὔτε
1362 4247 1405 4301 νῦν
1425 4243 1470 4303 τὸν
1485 4242 1578 4324 χρόνον
1602 4246 1641 4324 τῷ
1658 4243 1721 4302 εἴδει

117 4337 171 4396 τῶν
195 4337 268 4394 εἰδῶν
294 4335 408 4408 οὐδενός,
434 4333 503 4393 ἀλλά
524 4339 570 4394 τοῦ
594 4334 714 4395 καθόλου·
743 4334 824 4402 οῦτοις
839 4335 896 4394 οὐδὲ
942 4331 1053 4411 ταύτόν,
1068 4334 1135 4393 ἀλλά
1145 4336 1183 4415 τῷ
1195 4334 1277 4393 πόλιν
1290 4332 1335 4392 καί
1344 4332 1423 4392 πόλιν
1436 4331 1526 4413 ὥσπερ
1540 4332 1588 4405 τὴν
1598 4334 1718 4407 >clunem

115 4423 209 4504 χρόνος
230 4421 309 4493 τῆσδέ
329 4444 397 4490 τινος
419 4421 545 4495 κινήσεως
570 4421 693 4504 ἀριθμός,
718 4425 777 4482 ἀλλ’
801 4424 895 4500 ὁμοίοις
941 4423 1028 4485 καίτοι
1053 4447 1083 4504 γε
1107 4425 1185 4484 αὐτοῦ
1200 4420 1317 4500 μόλιστό
1332 4423 1438 4497 ἐστινὴ
1465 4427 1511 4482 τοῦ
1528 4423 1623 4481 ταύτοῦ
1640 4433 1720 4502 τριχῆ

147 4645 188 4692 m.
201 4643 277 4705 Atqui
289 4642 358 4706 prius
371 4646 397 4694 et
409 4643 532 4709 posterius
544 4643 570 4694 in
582 4644 637 4694 loco
649 4645 756 4710 primum
768 4648 841 4706 sunt3
856 4645 897 4696 iric
944 4648 983 4697 est
993 4646 1053 4698 illud
1074 4645 1160 4709 ιιυιισ)
1181 4647 1303 4709 quotenus
1315 4657 1375 4694 vero
1385 4645 1422 4694 est
1433 4643 1475 4704 id,
1487 4641 1552 4704 quod
1562 4643 1599 4690 ost
1609 4639 1622 4702 ,'
1638 4640 1718 4702 ipsum

115 4729 218 4791 quictem
236 4731 365 4794 positione.
380 4732 502 4790 Quoniam
524 4736 607 4784 eutem
630 4733 656 4782 in
671 4731 839 4798 magnitudine
859 4736 897 4784 est
941 4747 1006 4784 nunc
1017 4732 1083 4784 istem
1094 4735 1133 4783 est
1147 4751 1153 4781 ι
1167 4732 1277 4795 sequitur
1289 4732 1370 4794 enim,
1382 4729 1515 4780 utdictum
1529 4729 1582 4788 est,
1596 4724 1718 4789 rnegnltu·

120 4819 195 4884 prius
205 4821 231 4870 et
239 4821 375 4885 posterius,
388 4835 489 4873 necesse
502 4824 541 4874 est
549 4821 624 4875 etiem
637 4823 662 4872 in
673 4825 743 4874 motu
752 4835 807 4875 esso
824 4821 894 4887 prius
941 4821 1022 4872 dinem
1036 4821 1133 4880 motus,
1147 4820 1214 4870 hunc
1228 4822 1312 4870 errtem
1327 4821 1445 4882 tempus,
1465 4819 1494 4866 ut
1513 4813 1714 4865 memoravimus.

116 4911 143 4958 et
163 4909 300 4971 posterius,
316 4910 490 4961 convenienter
498 4910 528 4961 iis
541 4923 596 4975 quse
606 4910 640 4960 ibi
656 4912 780 4962 eveniunt.
794 4913 826 4962 nt
836 4924 896 4961 vero
942 4911 1007 4970 Quin
1020 4909 1095 4962 otiam
1103 4908 1188 4975 puncti
1203 4909 1280 4959 instet
1292 4906 1368 4958 hebet
1380 4905 1408 4956 id
1421 4903 1488 4968 quod
1499 4902 1586 4964 fertur,
1600 4913 1650 4964 quo
1662 4913 1719 4950 mo·

115 4995 142 5042 et
162 4991 188 5042 in
208 4995 319 5057 tempore
341 4998 379 5044 est
401 4993 468 5058 prius
486 4997 509 5044 et
531 4993 668 5058 posterius,
685 4999 815 5060 propterea
828 4996 897 5060 quod
941 4999 1032 5050 tumet
1045 4997 1113 5063 prius
1124 4997 1149 5048 in
1161 4997 1250 5062 ipsoet
1261 4995 1385 5060 posterius
1399 4991 1579 5055 cognoscimus.

115 5093 215 5145 comper
225 5081 331 5132 ettemm
344 5082 454 5146 ipsomm
467 5082 572 5133 oltemm
583 5083 704 5148 sequitur.
975 5093 1014 5140 st.
1031 5089 1154 5138 Pnoterea
1171 5089 1201 5136 ut
1216 5085 1300 5135 motus
1317 5082 1384 5134 idem
1399 5084 1424 5132 et
1435 5079 1605 5141 unusiterum
1617 5079 1717 5128 iterum·

149 5175 192 5218 so.
214 5173 299 5234 ipsum
310 5183 380 5222 ιιυκσ
394 5175 447 5221 tom
459 5171 524 5222 idom
537 5173 591 5234 est,
606 5175 660 5223 tum
674 5185 723 5222 non
738 5171 817 5232 ldcm3
834 5187 896 5236 ςοιι-
941 5191 989 5242 qno
1001 5190 1056 5229 esse
1067 5177 1168 5241 potest:
1183 5176 1220 5226 sic
1239 5177 1265 5224 et
1277 5176 1374 5235 tempus
1384 5171 1449 5223 idem
1464 5181 1593 5234 unumque
1605 5181 1659 5219 esse
1671 5181 1716 5232 po-

117 5261 190 5307 lenus
207 5257 311 5309 enimin
324 5259 372 5311 elio
387 5259 470 5311 etalio
485 5262 538 5322 est,
552 5259 651 5322 distem
666 5259 754 5324 (utque
765 5259 813 5310 hoc
825 5261 895 5323 pecto
941 5259 1003 5320 test,
1017 5257 1086 5308 vetut
1096 5267 1184 5319 onnus,
1199 5268 1252 5319 rer,
1268 5255 1406 5309 autumnos.
