3882 5954
192 317 253 376 tri

235 441 329 506 ‘illl’
342 444 360 516 ἡ
374 440 529 524 σωφροσύνη
540 441 585 501 καί
596 439 727 502 ἀκολασία
741 439 802 522 περί
816 439 864 508 τίις
878 443 979 520 ἀνθρω-

195 533 274 600 πικθς
296 531 372 610 μόνον
388 531 447 590 εἰσί.
472 531 521 591 dri
535 531 581 590 καί
602 529 636 590 τίι
654 529 732 609 θηρία
751 531 780 588 ού
802 530 913 606 λέγομεν
927 529 980 588 σώ-

195 644 290 702 φρονα,
308 620 367 680 etat
389 619 542 697 ἀκόλαστα,
560 622 584 678 ελ
600 618 638 695 μή
654 641 705 678 που
721 617 791 678 κατίι
814 619 980 698 μεταφορόν,

195 709 242 768 καί
256 710 285 768 ού
297 707 401 788 κυρίως·
417 706 462 766 καί
478 705 535 766 τότε
550 705 576 766 δί
594 708 705 784 λόγομεν
720 705 862 786 σώφρονα,
879 706 896 776 ἡ
914 707 979 764 όκό-

195 796 282 856 λαστα
303 795 398 874 θηρία,
414 793 595 874 συγκρίνοντες
608 794 673 874 πρὸς
688 793 802 865 ἄλληλα·
825 793 915 871 ἔχουσι
929 794 981 873 γάρ

195 905 253 944 τινα
268 881 394 966 διαφορὰν
409 886 470 964 περί
482 885 527 950 τίς
541 883 695 958 σωματικὰς
705 881 808 954 ἡδονάς·
821 882 868 941 καί
883 882 916 941 ed
933 882 981 958 μὲν

196 976 297 1050 μᾶλλον
323 975 445 1054 χαίρουσι
460 981 514 1040 τοῖς
527 972 666 1048 τοιούτοις,
684 973 717 1030 τὰ
735 963 873 1042 divisior,
888 973 982 1052 κυρίως

197 1061 224 1122 δὲ
248 1065 277 1121 ού
299 1061 608 1142 λίγονταεόκόλασταὴ
633 1059 772 1142 σώφρονα,
797 1062 837 1118 ὅτι
862 1062 984 1136 οὐδαμῶς

197 1151 287 1234 όχουσε
309 1152 403 1228 λόγον,
418 1151 487 1210 tili
499 1153 587 1222 πόντη
599 1161 610 1188 ¹
623 1155 669 1222 τῆς
683 1148 785 1230 φύσεως
806 1149 904 1222 ταύτης
922 1151 983 1232 αἰφέ·

197 1263 309 1314 στηκεν,
324 1239 415 1320 ὥσπερ
430 1243 453 1298 oi
470 1238 622 1316 μαινόμενοι
637 1241 689 1297 τῶν
704 1236 862 1316 ἀνθρώπων.

237 1329 265 1360 *”
281 1327 332 1388 dri
344 1335 419 1388 τοῦτο
433 1326 479 1386 καί
489 1327 596 1387 ίλαττον
614 1327 693 1388 κακὸν
706 1331 723 1398 ἡ
740 1327 862 1404 θηριότης
876 1329 923 1398 τῆς
938 1329 984 1385 ιἰν-

197 1424 328 1501 θροιπίνης
344 1423 457 1500 κακίας,
480 1419 497 1492 ἡ
522 1421 567 1480 καί
591 1419 781 1500 φούερώτερον.
809 1419 846 1480 Ἡ
868 1417 915 1496 μίν
933 1419 984 1498 γὰρ

198 1511 350 1590 ἀνθρωπίνη
373 1509 456 1569 κακία
472 1511 502 1568 τὸ
527 1510 663 1588 βέλτιστον
678 1511 729 1568 τῶν
756 1511 783 1568 όν
799 1513 837 1588 τῷ
853 1509 986 1588 σἰνθρώπιρ

198 1597 355 1680 διαφθείρει,
373 1599 452 1668 δῆλον
467 1597 506 1656 ότι
520 1608 531 1646 θ
547 1598 591 1658 τδν
605 1599 681 1677 λόγον
690 1646 698 1676 ,
722 1603 739 1669 ἡ
757 1598 783 1658 δὲ
801 1597 922 1677 θηριότης
936 1599 984 1655 οὐ-

199 1686 297 1762 δαμῶς·
310 1691 338 1745 ού
351 1685 400 1768 γὰρ
414 1687 469 1766 iper
481 1689 567 1764 λόγον·
581 1685 671 1768 ώσπιρ
686 1687 731 1746 καὶ
744 1687 774 1747 τδ
787 1687 890 1769 ἄψυχον
905 1686 985 1746 κακὸν

199 1773 306 1834 ἔλαττον
329 1780 376 1834 τοῦ
399 1774 520 1856 ίμψύχου
536 1781 628 1836 κακοῦ·
652 1775 682 1834 τθ
705 1773 757 1854 γὰρ
772 1777 854 1834 κακὸν
879 1776 910 1836 τὸ
924 1776 984 1854 ίχυν

199 1866 303 1944 όρχὴν,
320 1865 377 1938 ἡτες
399 1865 463 1924 αὐτὸ
478 1875 560 1936 κινεῖ,
579 1863 778 1946 βλαόερώτερον
795 1873 839 1925 τοῦ
857 1863 895 1943 μὴ
909 1863 986 1944 ίχον-

198 1975 250 2020 τος·
266 1953 297 2010 τὸ
310 1953 362 2037 γὰρ
378 1953 502 2024 ἀκίνητον
518 1953 597 2013 κακθν
619 1955 787 2032 ἀνεκτότερον
805 1958 849 2012 τοῦ
864 1953 985 2027 κινουμέ-

199 2062 243 2098 νου
259 2047 356 2114 κακοῦ,
369 2041 429 2100 καθ’
445 2041 526 2100 ὅσονε
544 2041 652 2100 ἔλαττον
673 2041 781 2102 δύναται
807 2043 880 2122 δρᾷν·
895 2040 985 2120 ῶσπερ

200 2118 244 2188 σύν
260 2129 289 2188 τδ
315 2129 434 2210 ίμψυχον
449 2129 531 2188 κακὸν
552 2137 640 2210 χεῖρον
661 2136 706 2190 τοῦ
731 2129 851 2210 ἀψύχου,
875 2130 915 2188 θτι
929 2129 986 2212 ἔχει

201 2217 285 2296 ἀρχὴν
302 2219 328 2276 ἐν
345 2218 479 2298 αὐτῷτὴν
506 2220 609 2299 ψυχήν,
637 2219 696 2292 ἡτες
722 2218 785 2278 αὐτὸ
811 2225 893 2290 κινεῖ,
917 2217 986 2276 οὕτω

199 2304 286 2363 καὶτὸ
306 2306 427 2384 λογικόν,
444 2305 484 2366 δτι
501 2311 547 2366 τοῦ
571 2305 667 2385 όλόγου
689 2308 790 2381 μᾶλλον
813 2305 898 2384 ἀρχὴν
911 2303 981 2384 ἔχει,

201 2391 398 2476 βλαύιρώτερον
413 2395 459 2453 καί
479 2395 577 2475 χεῖρον·
601 2395 784 2474 μυρεοπλοίσια
802 2393 854 2472 γδιρ
869 2391 901 2450 ἂν
915 2393 986 2452 κακὰ

199 2484 333 2555 ποιήσειεν
377 2484 512 2563 όνθροιπυς
527 2485 608 2552 κακὸς
632 2483 735 2564 θηρίου.
758 2481 819 2544 itui
833 2486 917 2542 ταῦτα
937 2481 984 2560 μίν

200 2575 235 2640 είς
250 2579 380 2634 τοσοῦτον·
395 2573 519 2653 ίχώμεθα
533 2573 560 2632 di
576 2577 628 2632 τῶν
642 2570 831 2652 προκειμένων.

239 2662 277 2688 “¹
289 2659 369 2723 Ἔστι
381 2659 429 2737 μίν
439 2653 483 2720 οὖν
495 2663 556 2742 περί
566 2661 678 2722 ἕκαστον
685 2661 756 2740 γε’νος
766 2665 817 2720 τῶν
826 2661 985 2742 προειρημέ-

199 2774 249 2808 νων
262 2749 315 2810 ίδία
330 2775 369 2817 τις
384 2749 444 2818 iliae.
463 2751 528 2829 [Ιερί
540 2751 566 2808 δὲ
583 2750 629 2818 ed<
647 2749 814 2829 ἀνθρωπικὰς
832 2747 925 2820 ἡδονδις
940 2749 985 2809 καί

198 2837 283 2906 λύπας
299 2837 353 2898 ἐστὶ
369 2841 417 2914 μίν
432 2837 635 2918 ἡσωφροσύνη,
651 2841 686 2905 ώς
701 2835 869 2916 Ιπροείρηται,
886 2837 942 2896 ἐστὶ
956 2837 984 2897 δὲ

173 2999 175 3004 Ι
200 2931 216 2997 ἡ
241 2926 396 3004 ἐγκράτεια,
417 2927 462 2984 καί
482 2931 499 2996 ἡ
520 2927 662 3006 καρτερία,
684 2927 730 2984 καί
753 2929 781 2986 αἱ
805 2927 981 3002 ἀντικείμεναι

200 3012 317 3078 ταύταις·
335 3011 404 3089 λέγω
422 3010 449 3070 δὲ
462 3013 632 3092 ἀνθρωπικὰς
646 3011 742 3084 ἡδονδς
757 3011 802 3072 καί
815 3013 910 3085 λύπας,
924 3014 984 3092 περί

200 3100 261 3173 θςὴ
282 3101 531 3180 σωφροσύνη,όσαε
552 3102 606 3182 ύφῇ
631 3101 678 3160 καί
701 3101 789 3182 γεύσει
810 3101 982 3181 προσήκουσι.

200 3190 306 3250 Τούτων
323 3189 355 3260 δὴ
366 3193 390 3247 οἱ
407 3190 455 3266 μίν
472 3193 603 3262 ἡττῶνται
620 3187 749 3266 μᾶλλονὴ
771 3193 794 3248 oi
817 3189 926 3261 πολλοί,
939 3189 985 3249 καί

201 3278 264 3357 πρὸς
280 3277 359 3344 adad:
372 3277 509 3358 φέρονται,
523 3282 558 3346 ώς
580 3278 662 3356 ὀλίγοι
680 3276 817 3357 μοχθηροί·
833 3279 857 3336 oi
876 3277 903 3335 ll
919 3300 984 3357 κρα-

200 3371 287 3424 τοῦσιν
301 3355 337 3422 ῶν
360 3366 383 3423 οί
398 3367 490 3424 πολλοὶ
505 3367 648 3436 ἡττῶνται.
676 3364 755 3424 Ἐπεί
770 3361 797 3421 δὲ
815 3363 895 3423 λῦπαί
911 3365 978 3420 eluro

32 3471 53 3482 ·’
69 3465 75 3472 “
156 3453 182 3466 ””
194 3435 359 3526 'afficit
373 3443 419 3512 'du
436 3457 568 3525 ἡττῶνται
584 3453 629 3512 καί
649 3460 807 3532 κρατοῦσιν,
827 3455 850 3510 οἱ
868 3450 914 3528 μίν
930 3455 981 3510 τῶν

201 3545 300 3616 ἡδονῶν
314 3547 470 3623 κρατοῦντες
484 3544 618 3622 ἐγκρατεῖς
634 3541 722 3614 τίσι,Ι
739 3541 784 3600 καί
799 3541 823 3600 oi
838 3539 984 3616 ἡττώμενοι

201 3635 343 3712 ἀκρατεῖς,
358 3633 382 3690 oi
405 3632 433 3690 δί
451 3634 502 3690 τῶν
517 3632 642 3710 λυπηρῶν
664 3634 831 3710 κρατοῦντες,
857 3627 924 3690 ώστε
945 3629 983 3707 μὴ

201 3725 328 3781 κινεῖσθαι
343 3719 389 3780 ὑπ’
409 3722 511 3793 αὐτῶν,
534 3719 702 3800 καρτερικοί,
732 3718 777 3778 καί
799 3721 823 3789 ol
839 3717 985 3795 ἡττώμενοι

201 3809 246 3870 καί
272 3809 392 3892 ῥηιδίως,
418 3810 462 3866 ὑπ’
484 3810 569 3867 αὐτῶν
597 3807 764 3884 κινούμενοι,
795 3806 919 3883 μαλακοί·
951 3806 984 3864 τὰ

200 3899 313 3958 πλεῖστα
338 3899 365 3959 δὲ
389 3901 413 3958 σί
435 3897 567 3976 ἄνθρωποι
594 3895 653 3956 οὔτε
676 3895 825 3978 καρτερικοί
846 3896 911 3954 είσιν
925 3893 984 3954 οὔτε

202 3988 332 4066 μαλακοί,
350 3987 419 4046 ἀλλὰ
431 3986 547 4064 μεταξύ,
562 3989 584 4045 εί
596 3985 641 4044 καί
657 3986 722 4066 πρὸς
731 3985 761 4044 τὸ
776 3993 864 4065 χεῖρον
875 3983 982 4065 ῥέπουσι

202 4081 311 4153 μᾶλλον·
327 4076 422 4153 δμοίως
434 4077 462 4135 di
474 4077 519 4136 καί
537 4077 580 4136 ἐπὶ
594 4080 646 4135 τῶν
656 4073 744 4134 ἄλλων
760 4073 838 4143 ἕξεων
854 4073 917 4154 ἔχει·
931 4075 980 4132 ποί-

166 4151 171 4164 .
202 4167 241 4222 λιν
258 4163 285 4220 δὲ
296 4162 436 4242 διοριστέον
451 4162 512 4242 περὶ
528 4164 614 4222 αὐτῶν
626 4163 821 4243 ἀκριόέστερον.

243 4250 310 4278 *****
313 4251 380 4310 Επεὶ
390 4250 442 4331 γὰρ
453 4254 479 4310 oi
490 4249 537 4327 μίν
549 4255 600 4310 τῶν
609 4253 707 4322 ἡδονῶν
717 4253 860 4332 ἀναγκαῖαί
871 4255 946 4332 είσιν,
956 4259 985 4314 αἱ

202 4339 230 4398 δὲ
242 4339 307 4416 οὔκ,
321 4340 331 4375 ¹¹
346 4341 443 4420 ἐρρήθη
458 4340 486 4398 δὲ
502 4339 561 4419 περὶ
576 4341 660 4398 αὐτῶν
673 4341 796 4420 πρότερον
810 4341 876 4410 τίνες
894 4344 984 4414 ἡδοναί

202 4429 339 4508 καὶμέχρι
354 4429 420 4496 τίνος
433 4427 575 4506 ἀναγκαῖαί
594 4429 667 4486 εἰσιν·
691 4433 719 4488 αί
731 4429 759 4488 di
778 4429 921 4510 ὑπερθυλοιὶ
936 4435 982 4492 οὐκ

104 4571 108 4580 ,
202 4519 267 4577 είοὶν
278 4521 434 4596 ἀναγκαῖαι,
451 4517 509 4578 οὐδὲ
524 4517 664 4597 ἐλλείψεις,
682 4518 777 4596 ὁμοίως
790 4521 817 4578 δὲ
833 4523 878 4580 καί
890 4526 917 4582 αἱ
928 4525 984 4583 ἐπι·

201 4607 359 4684 θυμίαικαί
379 4613 406 4668 at
431 4610 514 4668 λῦπαι
536 4605 675 4688 ἔχουσιν-δ
696 4609 743 4686 μίν
768 4610 816 4676 τίις
839 4611 986 4690 ὓπερθολδις

202 4697 303 4756 διώκων
315 4699 367 4756 τῶν
382 4699 498 4774 ἡδονῶν,
515 4697 560 4756 καὶ
572 4697 590 4770 ἡ
602 4697 647 4766 τὰς
661 4699 737 4779 φύσει
750 4699 867 4777 μεγύλας
883 4699 925 4760 ἀεὶ
940 4704 985 4774 ζη-

203 4790 254 4844 τῶν
268 4785 377 4862 ἡδονοίς,
393 4783 410 4855 ἢ
424 4785 470 4853 τδις
490 4785 566 4865 φύσει
585 4788 693 4867 μετρίας
711 4788 925 4869 ὑπερύαλλόντως
940 4793 953 4858 ζ
972 4823 986 4834 -

202 4877 267 4948 τῶν,
278 4875 327 4954 οὐχ
341 4873 480 4950 ἑλκόμενος
492 4877 583 4953 βιαίως
597 4898 652 4942 ποις
663 4879 707 4935 ὑπ’
719 4879 821 4951 αὐτῶν,
833 4874 901 4934 ἀλλὰ
919 4875 986 4952 μετδι

836 305 1049 368 lnbaortlcl
1069 305 1209 369 aneoli

1057 452 1090 500 At
1107 428 1268 501 inhumanis
1287 449 1452 515 temperantia
1464 451 1563 500 tantum
1579 452 1605 500 et
1625 452 1821 518 intemperantia

1027 537 1150 586 versatur.
1171 538 1328 600 Quapropter
1345 539 1371 586 et
1392 534 1459 586 ieras
1480 549 1526 586 nec
1548 539 1718 600 temperantes
1735 553 1818 604 neque

1026 614 1219 684 intemperantes
1235 619 1357 678 dicimus,
1372 618 1419 669 nisi
1441 617 1506 670 forte
1524 619 1643 683 ligurate.
1665 634 1715 671 non
1732 625 1819 672 autem

1027 706 1142 772 proprie.
1158 721 1188 758 ac
1200 711 1253 757 tum
1269 705 1335 757 teras
1350 707 1414 757 inter
1434 721 1462 758 se
1475 710 1633 771 comparatas
1647 711 1820 773 temperantes

1027 799 1072 846 aut
1085 795 1279 861 intemperantes
1297 795 1470 861 appellamus.
1488 799 1587 847 namet
1605 797 1671 856 illas,
1691 801 1819 862 quantum
1928 775 1929 806 ³

1028 885 1061 935 ad
1072 887 1181 950 corporis
1197 887 1352 951 voluptates,
1368 887 1452 953 aliquo
1468 886 1544 937 modo
1557 887 1621 938 inter
1636 887 1819 939 sedifferunt:
1930 895 1931 900 ’

1028 971 1152 1036 siquidem
1168 972 1224 1022 aliae
1236 973 1329 1036 magis,
1340 971 1395 1022 allas
1409 972 1492 1022 minus
1510 973 1602 1023 talibus
1614 963 1740 1037 gaudent,
1755 987 1820 1038 pro-

1028 1054 1081 1120 prie
1090 1057 1174 1104 autem
1192 1069 1273 1120 neque
1289 1055 1483 1120 intemperantes
1497 1069 1542 1106 aec
1553 1060 1724 1121 temperantes
1737 1057 1821 1106 uomi-
1931 1055 1932 1078 ί

1029 1147 1129 1207 nentur,
1139 1146 1198 1211 quia
1210 1159 1368 1212 nequaquam
1386 1147 1481 1198 ratione
1492 1151 1552 1197 sunt
1565 1147 1690 1212 praeditas,
1707 1147 1752 1199 sed
1762 1161 1818 1199 om-

1030 1235 1088 1284 nino
1096 1235 1128 1285 ab
1141 1235 1188 1285 bac
1200 1239 1289 1286 natura
1300 1235 1468 1298 desciverunt,
1480 1238 1545 1288 sicut
1555 1238 1667 1290 nomines
1679 1239 1770 1290 insani

1061 1324 1226 1380 Quamobrem
1243 1323 1325 1374 minus
1337 1337 1438 1389 quoque
1456 1325 1549 1375 malum
1572 1324 1660 1376 teritos
1672 1328 1721 1385 est,
1738 1340 1817 1390 quam

1031 1404 1154 1454 vitiositas
1172 1405 1292 1464 bumana,
1317 1405 1428 1469 alloquin
1451 1405 1527 1456 etiam
1553 1405 1697 1456 terribilius.
1721 1406 1820 1472 Quippe

1031 1485 1139 1535 bumana
1153 1482 1277 1534 vitiositas
1293 1483 1319 1534 id
1332 1483 1400 1548 quod
1415 1484 1440 1534 in
1457 1484 1556 1535 homine
1569 1485 1694 1549 optimum
1708 1489 1748 1536 ast
1763 1499 1821 1536 cor·

1032 1564 1139 1628 rumpit,
1158 1563 1279 1614 rationem
1299 1563 1430 1624 videlicet,
1454 1562 1540 1615 tertias
1556 1578 1616 1615 vero
1632 1563 1755 1615 minime:
1774 1577 1821 1615 neo

1032 1645 1097 1694 enim
1112 1643 1188 1694 babet
1210 1645 1332 1696 rationem
1352 1646 1439 1695 :sicut
1451 1651 1475 1696 et
1497 1646 1634 1696 inanimum
1653 1647 1746 1698 malum
1762 1647 1821 1696 ani·

1031 1729 1099 1774 malo
1122 1725 1188 1774 mulo
1203 1725 1285 1775 minus
1306 1729 1344 1775 est
1364 1725 1458 1776 malum
1483 1741 1489 1775 ι
1512 1740 1621 1792 namque
1641 1727 1734 1776 malum
1750 1725 1818 1776 iilud

1031 1803 1098 1868 quod
1113 1803 1187 1853 habet
1201 1803 1357 1868 principium,
1374 1805 1446 1868 cuius
1455 1804 1529 1869 pulsu
1542 1803 1661 1868 agitatur,
1672 1804 1819 1855 damnosius

1032 1889 1070 1934 cst
1080 1898 1109 1933 eo
1120 1883 1187 1948 quod
1204 1883 1324 1948 principio
1337 1888 1405 1934 caret
1419 1903 1426 1933 ι
1441 1883 1564 1949 siquidem
1581 1884 1711 1935 immotum
1721 1884 1820 1934 malum

1032 1968 1100 2014 molo
1110 1963 1176 2014 malo
1185 1965 1256 2014 tauto
1268 1962 1421 2017 tolerabilius
1434 1964 1549 2024 babetur,
1560 1968 1654 2028 quanto
1667 1964 1750 2014 minus
1764 1962 1821 2013 elii·

1032 2057 1086 2094 cere
1096 2047 1177 2108 potest
1200 2063 1206 2091 ι
1220 2042 1428 2106 quemadmodum
1442 2057 1500 2106 erpo
1511 2044 1605 2094 malum
1620 2045 1758 2094 auimatum
1770 2043 1821 2094 ina·

1032 2123 1173 2175 nimomalo
1185 2123 1255 2187 pejus
1274 2128 1327 2186 est,
1347 2123 1406 2188 quia
1426 2123 1574 2189 principium
1591 2125 1617 2176 ia
1632 2139 1658 2176 se
1672 2141 1686 2175 a
1700 2139 1753 2190 quo
1764 2141 1820 2176 mo-

1033 2205 1113 2260 retur,
1130 2201 1210 2266 ipsum
1223 2215 1310 2266 nempe
1331 2201 1455 2264 animum,
1466 2203 1541 2254 babet
1553 2220 1559 2250 r
1570 2203 1606 2254 alc
1620 2203 1695 2254 etiam
1711 2203 1738 2255 id
1751 2205 1821 2269 qnod

1033 2281 1127 2332 ratione
1136 2284 1173 2330 est
1185 2280 1332 2345 praeditum,
1346 2281 1406 2346 quia
1420 2281 1499 2346 magis
1510 2297 1587 2349 quam
1604 2283 1628 2334 id
1640 2286 1709 2350 quod
1725 2288 1822 2338 ratione

1032 2366 1099 2412 caret
1112 2362 1259 2426 principium
1275 2361 1358 2420 babet,
1374 2361 1519 2414 damnosius
1529 2369 1554 2414 et
1566 2365 1637 2429 peius
1648 2371 1686 2416 est
1698 2386 1705 2416 ε
1717 2367 1822 2419 intinilis

1033 2445 1099 2492 certe
1109 2439 1222 2505 partibus
1232 2441 1302 2505 plura
1318 2441 1383 2492 mala
1394 2441 1507 2494 intulerit
1520 2442 1594 2494 homo
1607 2443 1735 2509 improbus
1743 2461 1822 2512 quam

1034 2519 1092 2572 iera.
1105 2521 1137 2570 lit
1150 2520 1204 2570 baec
1216 2519 1316 2584 quidem
1333 2521 1454 2572 hactenus
1468 2541 1473 2571 :
1491 2521 1534 2574 sed
1548 2522 1658 2589 reliqua,
1675 2539 1733 2591 quaa
1748 2527 1823 2578 nobis

1032 2597 1157 2664 proposita
1169 2601 1240 2652 sunt.
1255 2613 1442 2664 persequamur.

1064 2680 1092 2727 ln
1103 2677 1206 2742 singulis
1220 2691 1289 2742 ergo,
1311 2691 1367 2741 quae
1379 2693 1454 2744 supra
1471 2683 1735 2744 commemoravimus,
1750 2701 1823 2752 gene

1032 2762 1102 2813 ribus
1114 2759 1204 2826 singuli
1214 2751 1314 2826 quoque
1326 2767 1385 2814 sunt
1395 2762 1503 2815 habitus.
1516 2767 1544 2816 ln
1556 2765 1726 2832 voluptatibus
1735 2776 1822 2824 autern

1033 2849 1148 2900 humanis
1170 2853 1196 2900 et
1223 2848 1350 2900 doloribus
1372 2852 1552 2914 temperantia,
1566 2857 1595 2902 ut
1613 2853 1735 2914 diximus.
1760 2857 1821 2908 item

1032 2932 1181 2982 coutinentia
1204 2934 1230 2982 et
1244 2931 1362 2996 patientia
1386 2937 1509 2996 versatur,
1534 2937 1561 2984 et
1574 2949 1632 3000 quae
1646 2937 1687 2987 his
1699 2940 1822 3004 opposite

1033 3019 1111 3068 sunt:
1127 3017 1249 3066 humanas
1266 3029 1326 3066 rero
1346 3015 1488 3080 voluptates
1507 3031 1549 3068 eas
1561 3025 1658 3070 roooet
1671 3021 1786 3085 dolores,
1796 3025 1822 3075 iu

1032 3099 1125 3166 quibus
1134 3099 1296 3166 temperantia
1310 3101 1434 3159 cernitur,
1446 3115 1504 3166 quse
1524 3101 1572 3153 sub
1586 3106 1682 3155 lactum
1697 3111 1723 3158 et
1734 3113 1821 3170 gusta-

1034 3189 1088 3236 tum
1099 3185 1200 3236 cadunt.
1219 3185 1256 3236 sb
1271 3185 1312 3236 his
1324 3190 1409 3236 autem
1426 3185 1469 3236 alii
1479 3187 1558 3250 magis
1577 3189 1725 3254 vincuntur,
1743 3207 1820 3258 quam

1033 3269 1137 3334 vulgus,
1163 3274 1189 3320 et
1214 3268 1246 3320 ad
1272 3283 1314 3319 eas
1340 3268 1464 3333 seruntur,
1495 3271 1560 3320 sicut
1585 3274 1657 3336 pauci
1681 3275 1792 3340 improbi
1814 3298 1820 3325 ;

1033 3348 1075 3398 alii
1087 3362 1145 3398 vero
1160 3362 1203 3398 eas
1214 3351 1347 3412 superant,
1364 3363 1378 3398 a
1394 3349 1488 3413 quibus
1506 3349 1598 3414 vulgus
1619 3359 1758 3418 superatur.
1772 3357 1821 3407 Sed

1032 3440 1110 3492 quum
1122 3425 1220 3477 dolores
1230 3425 1279 3476 sint
1295 3431 1321 3476 et
1335 3425 1475 3491 voluptates
1492 3442 1506 3477 a
1523 3428 1616 3492 quibua
1630 3437 1781 3495 superantur
1796 3441 1821 3485 et

1033 3519 1096 3570 quas
1105 3509 1235 3570 superant,
1251 3505 1297 3570 qui
1309 3504 1451 3570 voluptates
1463 3511 1580 3570 superant
1594 3509 1759 3572 continentes,
1777 3513 1822 3577 qui

1032 3584 1064 3635 ab
1077 3582 1108 3634 iis
1124 3587 1287 3649 superantur,
1306 3584 1485 3636 incontinentes
1505 3588 1563 3636 sunt
1578 3607 1584 3636 τ
1598 3589 1643 3652 qui
1659 3602 1720 3640 vero
1731 3591 1767 3642 ita
1782 3607 1822 3644 res

1032 3661 1149 3714 molestas
1167 3663 1286 3726 vincunt,
1302 3667 1331 3713 ut
1348 3664 1379 3714 iis
1404 3679 1452 3715 non
1470 3671 1626 3728 moveantur,
1649 3671 1773 3734 patientes
1797 3679 1821 3724 et

1033 3745 1077 3812 qui
1093 3745 1229 3796 vincuntur
1242 3743 1363 3810 lactisque
1384 3745 1416 3797 iis
1429 3751 1568 3806 morentur,
1589 3748 1678 3799 molles
1694 3752 1821 3816 appellan-

1033 3830 1095 3878 tur:
1118 3825 1263 3890 plerumque
1285 3829 1368 3876 tamen
1393 3839 1474 3891 neque
1495 3827 1617 3892 patientes
1635 3843 1715 3894 neque
1733 3833 1822 3884 molles

1035 3912 1094 3959 sunt
1106 3905 1230 3966 homines,
1245 3904 1324 3957 sedin
1338 3904 1421 3958 medio
1430 3906 1534 3968 horum,
1544 3909 1660 3974 quamuis
1668 3909 1701 3960 ad
1712 3913 1822 3976 pejorem

1033 3993 1129 4056 partem
1144 3986 1221 4050 magis
1238 3990 1341 4050 vergant
1357 3987 1512 4053 :eodemque
1528 3987 1637 4040 modoet
1647 3990 1672 4040 ln
1685 3991 1740 4040 aliis
1749 3991 1821 4041 babi-

1033 4069 1101 4120 tibus
1113 4081 1140 4118 se
1154 4079 1195 4116 res
1207 4065 1282 4116 babet
1298 4084 1303 4114 :
1319 4064 1363 4116 sed
1376 4065 1408 4116 de
1425 4065 1456 4116 iis
1469 4081 1558 4118 rursus
1578 4068 1715 4119 accuratius
1727 4069 1818 4134 dispu-

1033 4147 1136 4200 tandum
1149 4146 1204 4197 erit.

1063 4240 1126 4289 llam
1149 4235 1268 4300 quonlam
1290 4234 1433 4301 voluptates
1445 4237 1501 4287 alis)
1516 4238 1660 4289 necessaria
1674 4241 1746 4300 sunt,
1762 4241 1820 4292 alles

1033 4352 1081 4388 non
1092 4335 1236 4388 necessaris
1250 4349 1257 4380 ε
1275 4333 1337 4398 (iam
1351 4334 1409 4382 ante
1421 4330 1487 4380 enim
1496 4343 1553 4396 quae
1563 4334 1589 4381 et
1601 4334 1726 4394 quatenus
1738 4345 1822 4383 neces

1034 4425 1106 4478 saria
1122 4426 1171 4478 sint
1183 4424 1324 4490 voluptates
1352 4421 1496 4481 diximuszl
1508 4433 1594 4500 earum
1607 4434 1667 4471 rero
1685 4435 1767 4486 aeque
1787 4423 1821 4473 ni-

1032 4517 1110 4567 mium
1125 4529 1205 4579 neque
1230 4527 1319 4579 parum
1337 4515 1396 4563 sunt
1417 4509 1567 4569 necessaria,
1589 4509 1727 4576 eodemque
1747 4509 1821 4562 modo

1032 4605 1180 4670 cupiditates
1191 4618 1292 4670 quoque
1306 4605 1332 4653 et
1341 4601 1440 4652 dolores
1454 4613 1481 4652 se
1497 4599 1590 4651 habent
1603 4615 1609 4648 :
1621 4599 1665 4664 qui
1680 4599 1821 4664 uoluptates

1033 4693 1210 4744 immoderatas
1230 4692 1351 4758 sequitur,
1370 4695 1395 4742 et
1414 4693 1458 4740 aut
1476 4703 1518 4740 ess
1536 4701 1595 4754 quae
1619 4692 1710 4739 natura
1725 4703 1820 4752 magna

1033 4790 1091 4838 suut
1110 4799 1207 4852 semper
1226 4784 1344 4850 requirit,
1360 4787 1404 4834 aut
1422 4795 1480 4849 qua
1497 4785 1586 4832 natura
1609 4785 1668 4831 sunt
1682 4781 1821 4833 mediocres

1034 4892 1108 4943 supra
1123 4875 1225 4928 modum
1240 4875 1318 4940 petit,
1331 4873 1368 4925 ita
1389 4876 1486 4935 umen,
1510 4875 1540 4922 ut
1558 4870 1755 4938 haudquaquam
1768 4873 1820 4922 vio-

234 5096 247 5122 *
259 5095 358 5144 Τούτων
373 5097 400 5146 δὲ
413 5098 467 5162 περὶ
478 5097 521 5155 τὰς
535 5099 633 5163 πρώτας
649 5097 794 5163 σωφροσύνη
806 5099 858 5146 κτλ.
872 5121 904 5132 -
915 5096 941 5122 *¹¹
957 5095 1075 5146 Έλαττον
1088 5097 1114 5146 δὲ
1126 5095 1236 5160 θηριότης
1248 5097 1300 5146 κτλ,
1320 5117 1352 5132 -
1365 5094 1406 5122 ***
1420 5093 1479 5158 Gap.
1494 5097 1517 5145 7.
1538 5094 1594 5160 περὶ
1612 5093 1638 5144 δὲ
1654 5092 1697 5150 τὰς
1717 5094 1747 5142 δι1
1760 5093 1820 5154 aper

202 5166 243 5214 καὶ
254 5164 360 5225 γεύσεως
374 5169 426 5216 κτλ.
442 5193 473 5204 -
485 5167 540 5194 ****
551 5168 620 5218 Ἐπεὶ
630 5170 651 5217 δ’
665 5169 726 5218 ἔνιαι
740 5173 787 5216 τῶν
798 5169 892 5227 ἡδονῶν
906 5167 1037 5230 ἀναγκαῖαί
1051 5169 1111 5217 εἰσιν
1126 5168 1176 5216 κτλ.
1215 5239 1219 5247 Ι
