3938 5968
245 356 305 416 522
864 349 1081 412 ANDRONICI
1105 349 1239 412 nuonu

242 487 288 555 τδις
308 483 403 569 φιλίας,
429 483 447 558 ἢ
471 485 526 564 μή·
546 485 665 568 έχοιγδιρ
680 485 807 566 ἀπορίαν,
831 488 854 546 εί
875 485 931 545 δέον
951 486 1024 547 ἐστίν
1076 495 1126 545 sint
1140 493 1271 552 amicitiae,
1287 507 1319 544 an
1333 492 1443 544 oonsint
1459 489 1668 542 :dubitorienim
1684 489 1785 553 potest,
1807 501 1863 537 num
1944 473 1945 476 ¹

243 575 323 636 ἀνίοτε
340 581 384 634 τοῦ
398 573 474 656 φίλου
485 574 637 658 στέργοντας
659 574 697 635 έτι
716 575 761 635 καλ
778 576 930 657 φιλοῦντος,
948 576 1026 635 αὐτόν
1074 583 1131 648 quia
1144 583 1205 634 dnm
1215 583 1248 634 ab
1261 583 1340 634 amico
1358 581 1518 632 vehementer
1530 578 1615 630 adhuc
1628 579 1771 628 amaturae
1786 575 1863 640 diligi-

242 687 301 723 τινα
316 663 447 723 παύεσθαι
460 665 508 735 τῆς
526 663 622 745 φιλίας.
1076 675 1125 732 tur,
1139 671 1260 723 desistere
1275 671 1307 722 ab
1321 669 1430 720 araricitia
1441 669 1540 720 debeat.

282 752 424 832 *Λίγομεν
439 750 535 826 τοίνυν,
547 751 588 814 δτι
598 753 661 834 πρὸς
673 752 721 832 μέν
734 752 793 822 τούς
801 752 843 813 διδ
855 753 883 814 εδ
895 753 1028 834 χρήσιμον
1106 761 1218 812 Dicimus
1232 761 1315 826 igilur,
1334 759 1470 810 amicitiam
1481 774 1539 810 cum
1549 758 1580 810 iis
1592 757 1636 824 qui
1651 759 1758 824 propter
1773 757 1863 806 nolu·
1946 778 1947 792 ι

243 839 261 915 ἢ
275 841 323 914 ἡδὺ
339 841 527 922 φιλουμένους,
542 843 604 904 δτοιν
618 841 714 918 μηκέτι
731 843 805 901 ταῦτ’
824 841 940 924 ἔχωσιν,
956 843 1029 900 οὐδὲν
1076 845 1188 892 mentum
1210 845 1254 891 aut
1273 839 1444 890 delectationis
1463 853 1538 889 causa
1560 841 1677 888 amantur
1692 839 1861 894 eontractam,

245 931 341 990 ἅψῃ,
357 929 526 990 δωηύωηω.
548 936 593 990 ron
615 930 690 1002 ,γδέκ
712 929 763 1010 γὰρ
786 929 803 1003 ἢ
826 937 870 990 ,οη
894 929 1029 1010 χρησίμου
1075 935 1154 986 quum
1181 920 1254 972 utiles
1274 923 1317 970 aut
1339 919 1443 985 jucundi
1466 931 1521 969 esse
1536 917 1669 975 desierint,
1697 917 1864 1010 dissolutivum

245 1019 423 1092 διαλιπόντος,
438 1015 472 1082 ὧν
486 1013 553 1093 ἦσαν
574 1017 784 1100 φίλοι,ἐῦλογον
802 1019 839 1097 μὴ
858 1021 953 1101 φὼῖψ
967 1017 1029 1078 ὅταν
1077 1015 1130 1052 esse
1143 1001 1299 1052 absurdum:
1319 1003 1453 1067 postquam
1471 999 1539 1050 enim
1560 1001 1676 1064 voluptas
1693 999 1733 1050 vel
1758 999 1863 1062 utrium,

245 1106 272 1168 δὲ
288 1111 311 1168 01
328 1109 370 1168 δςη
386 1108 417 1168 τὸ
477 1107 485 1132 '
576 1107 649 1168 arg*
709 1113 755 1170 γυ
951 1113 968 1128 ω
1076 1095 1182 1148 quarum
1202 1095 1286 1132 rerum
1309 1081 1381 1133 amici
1402 1083 1489 1144 erant,
1506 1080 1670 1142 eosdeiecit,
1690 1081 1782 1144 silam
1804 1079 1864 1129 desi·

432 1131 591 1218 xpnffflovr'
607 1135 624 1183 η
642 1135 656 1170 υ
680 1132 708 1190 φι
726 1133 813 1220 ομνῖις
834 1133 1031 1192 “mmmm
1126 1167 1230 1214 tamare
1250 1176 1298 1212 nou
1310 1161 1343 1212 sit
1356 1161 1462 1212 mirum:
1475 1175 1553 1226 quum
1564 1165 1647 1212 autem
1660 1161 1696 1211 illi
1708 1161 1758 1225 qui
1772 1165 1865 1224 propter

244 1197 287 1256 M
301 1195 331 1257 τὸ
351 1189 411 1270 ἦθος
425 1201 525 1282 φίλω
547 1197 592 1258 καὶ
613 1223 658 1258 του
685 1201 783 1279 &ww
806 1197 899 1274 ἕνη
917 1199 963 1259 καὶ
988 1197 1031 1258 διὰ
1077 1177 1275 1294 Ιάίίίιυίυιιιειιίίιιιι
1288 1245 1332 1294 aul
1351 1243 1522 1294 delectationis
1534 1257 1609 1292 eausa
1624 1247 1717 1301 amant,
1739 1243 1777 1292 ob
1792 1253 1865 1290 ιιιυιεε

245 1292 321 1347 ‘⁰3¹⁰
340 1287 506 1366 διίδδίίθίδῑίθί
523 1289 700 1369 ίδέίλίωδτδῑι
718 1291 853 1366 ἀδικοῦσίν
868 1292 914 1351 καί
925 1291 1031 1358 δικαίως
1078 1325 1252 1374 ethonestatis
1269 1337 1344 1376 cansa
1359 1339 1443 1376 amare
1462 1339 1488 1375 se
1500 1325 1629 1383 simulant,
1646 1328 1722 1390 atqua
1739 1324 1866 1374 idcircum

246 1379 271 1437 δ*
284 1377 448 1456 elilim&
464 1379 538 1437 ²3⁶²*
554 1375 644 1477 ⁰0³⁸?
658 1377 706 1460 pdp
719 1379 746 1438 ἐν
759 1381 828 1460 ἀθλῇ
852 1379 974 1456 Egmliii,
989 1381 1031 1459 ίί·
1077 1403 1180 1456 dissidio
1191 1403 1420 1468 deprehenduntur,
1439 1404 1530 1470 injuste
1549 1408 1625 1468 agunt
1637 1404 1781 1469 meritoque
1798 1417 1866 1452 aecu-

244 1463 389 1542 κλημάτων
401 1468 428 1526 αί
441 1471 580 1527 rorensem
595 1467 679 1548 φιλίαι
695 1467 836 1547 γέμουσιν,
856 1465 918 1528 ὅταν
935 1467 973 1546 μὴ
988 1465 1032 1527 διά
1079 1485 1173 1532 sanlur.
1189 1484 1252 1532 llam
1265 1481 1334 1547 qnod
1354 1481 1425 1532 initio
1440 1481 1598 1540 dicebamus,
1620 1481 1698 1547 plenae
1708 1483 1866 1546 querelarum

245 1553 276 1612 τδ
289 1553 352 1613 αὖεδ
364 1554 409 1614 κοιλ
430 1555 527 1634 ὁμοίως
541 1557 669 1638 φιλῶνται
689 1557 734 1617 καί
750 1560 860 1639 φιλῶσιν
878 1557 1026 1634 ἀλλήλους,
1078 1563 1223 1627 hujusmodi
1243 1565 1358 1618 amicitiae
1380 1571 1452 1628 sunl,
1466 1569 1566 1634 quando
1584 1581 1632 1618 non
1651 1565 1737 1617 eadem
1752 1563 1787 1614 de
1798 1573 1868 1610 caum

247 1640 314 1720 μηδθ
329 1641 435 1704 οἴωνται
449 1647 580 1725 φιλεῖσθαι
598 1642 687 1726 ὥσπερ
706 1647 855 1726 φιλοῦνται,
874 1646 943 1706 ἀλλά
960 1649 1032 1705 ἀπα·
1080 1642 1250 1708 ³¹q¹¹0⁰⁰d0m
1261 1641 1340 1697 '¹¹¹⁰d0
1355 1653 1472 1700 &minius
1482 1653 1558 1716 atque
1569 1651 1634 1700 ⁵⁰2⁰?
1646 1647 1774 1702 δίδωθι
1789 1653 1868 1705 “⁰¹¹¹ae

246 1734 353 1790 ςῶςτης,
368 1735 522 1804 'smmum
536 1731 586 1812 γὰρ
602 1734 776 1814 γηγφρομέηγς
793 1739 840 1806 ,ἧς
857 1734 961 1806 ἀπάτης
978 1736 1027 1813 ἐγ.
1080 1724 1221 1775 existimant
1232 1726 1332 1791 sediligi
1346 1743 1375 1780 ea
1391 1731 1546 1796 rationeque
1560 1731 1703 1794 diliguntur.
1718 1723 1763 1776 sed
1778 1723 1869 1773 fallun-

247 1821 370 1879 καλοῦσιν
386 1820 519 1892 ἀλλήλοις.
533 1819 621 1881 Ὅταν
645 1823 692 1898 μὲν
713 1814 758 1882 οὖν
773 1825 917 1904 διαψευσθῇ
931 1847 969 1890 τις
985 1821 1030 1882 καί

247 1907 369 1987 θπολάθῃ
385 1910 515 1989 φιλεῖσθαι
531 1908 573 1968 διδ
593 1909 622 1968 τδ
643 1901 721 1983 ἦθος,
737 1909 817 1987 μηδίν
831 1917 947 1972 τοιοῦτον
963 1911 1032 1972 έκεί-

248 2017 292 2053 νου
308 1997 497 2075 πράττοντσςῆ
513 1997 640 2076 λέγοντος,
656 1997 671 2056 θ
682 1999 811 2077 προσήκει
824 2003 863 2080 τῷ
873 1999 916 2058 διδι
928 1999 958 2059 τὸ
971 1993 1031 2072 ἦθος

249 2084 382 2161 φιλοῦντι,
397 2085 489 2144 ἑαυτὸν
512 2083 544 2144 ἀν
559 2087 687 2166 αἰτιῷτοο
705 2087 833 2156 δικαίως·
851 2087 912 2147 δταν
938 2087 965 2147 δέ
981 2091 1033 2150 ὑπὸ

249 2176 296 2242 τῆς
313 2174 411 2234 ἐκείνου
424 2175 623 2257 προσποιήσεως
637 2179 776 2256 ἀπατηθῇ,
799 2177 897 2236 δίκαιον
912 2178 1032 2256 ἐγκαλεῖν

249 2265 287 2342 τῷ
296 2261 464 2334 ἀποτίσαντι
475 2309 484 2340 ,
497 2263 541 2322 καί
556 2265 656 2341 μᾶλλον
671 2265 754 2337 ἢτοῖς
765 2265 795 2324 τδ
805 2265 923 2344 νόμισμα
937 2265 1033 2340 κιθδη-

249 2347 381 2420 λεύουσιν,
397 2351 451 2432 dorp
464 2351 526 2434 περὶ
539 2351 573 2411 τδι
588 2352 732 2433 τιμιώτερα
744 2358 761 2426 ἡ
778 2355 934 2434 κακουργία.
946 2354 958 2390 ‘¹
972 2357 1035 2424 Τοῖς

250 2435 297 2513 μὲν
310 2431 354 2498 οὖν
370 2439 413 2498 διὰ
426 2439 457 2500 εδ
471 2440 603 2522 χρήσιμον
617 2442 662 2502 καί
674 2442 724 2515 lit
739 2442 823 2526 φίλοις
842 2443 911 2504 οὕτω
925 2443 1032 2514 δικαίως

249 2526 390 2604 συμύαίνει
404 2528 567 2593 διαλύεσθαι.

289 2618 320 2654 **
334 2619 368 2680 Et
382 2619 410 2678 δι’
425 2643 463 2686 τις
476 2618 519 2679 διά
533 2617 563 2678 τὸ
573 2609 635 2692 ἦθος
646 2617 725 2701 φιλεῖ,
735 2619 823 2689 καλῶς
834 2619 931 2700 ἀγαθδν
942 2621 1036 2681 ἀποδέ-

235 2735 240 2742 ·
260 2730 341 2780 ,εται,
357 2705 456 2788 γίνοιτο
472 2707 499 2767 δέ
515 2708 662 2788 μοχθηρός,
678 2707 694 2780 ἢ
712 2707 757 2768 καί
773 2708 845 2767 δοκεῖ
857 2709 894 2788 τῷ
910 2708 1037 2788 φιλοῦντι,

249 2729 301 2874 δρα
314 2805 324 2832 ·
338 2796 461 2877 φιλητέον
478 2795 563 2868 drmit
580 2797 833 2878 διαλυτέονςρητέον
849 2796 891 2868 δή,
904 2795 944 2855 δτι
959 2796 1018 2857 σῦδί

251 2883 359 2944 δυνατόν
373 2889 428 2944 ἐστι
442 2884 485 2945 τδν
508 2883 546 2962 μὴ
569 2884 667 2962 ἀγαθὸν
682 2888 809 2946 δοκοῦντα
825 2885 933 2968 φιλητὸν
951 2876 1035 2946 εἶναι·

249 2971 280 3032 τδ
293 2973 344 3053 γάρ
356 2973 464 3056 φιλητὸν
480 2973 576 3053 ἀγαθόν
587 3019 595 3048 ,
608 2975 638 3034 τὸ
652 2972 680 3034 δέ
695 2975 807 3056 πονηρὸν
827 2974 885 3034 οὐδὲ
899 2981 912 3021 ⁸
927 2973 1035 3034 δίκαιον·

250 3062 423 3144 φιλοπόνηρον
438 3063 489 3144 γάρ
511 3064 540 3122 ού
560 3063 614 3144 χρή
626 3089 685 3124 τινα
701 3054 783 3136 εἶναι,
807 3063 860 3123 οὐδ’
882 3067 1036 3140 ὁμοιοῦσθαι

251 3149 360 3232 φαύλῳ·
372 3153 395 3209 εί
412 3151 439 3210 δέ
455 3153 538 3230 φιλεῖ,
560 3159 634 3210 πᾶσα
649 3151 752 3231 ἀνάγκη
778 3153 931 3228 ὁμοιοῦσθαι
944 3176 951 3192 ·
966 3154 1036 3233 ιίρη-

250 3238 874 3410 Μίῗθύτζιῗ.θίιῗζλζί.ἶί.ῗῖξίίθῖἶι...
890 3327 962 3399 ιιι.
975 3331 1035 3390 ι...

251 3413 429 3495 λύεσθαιχρή,
441 3416 510 3476 ἀλλά
525 3427 579 3484 τοῖς
592 3419 706 3487 ἀνιάτοις
722 3420 755 3477 δι’
771 3417 920 3499 ύπερύολῆν
934 3425 1034 3500 μοχθη-

172 3535 202 3544 ῆ-
218 3503 327 3582 -ρίαες
339 3507 394 3572 τοῖς
408 3503 435 3564 δὲ
451 3503 545 3582 ἰάσιμα
560 3511 666 3566 νοσοῦσι
680 3506 726 3566 καί
750 3506 902 3581 δυναμένοις
920 3507 1033 3588 ἐπανόρ-

251 3596 330 3652 θωσιν
352 3591 491 3666 δέξασθαι,
517 3597 546 3655 οὐ
569 3595 717 3669 διαλυτέον,
744 3593 814 3654 ἀλλά
842 3597 880 3657 δεῖ
906 3601 1035 3676 βοηθῆσαι

251 3679 326 3762 πάσῃ
341 3683 457 3764 σπουδῇ,
477 3682 523 3741 καί
542 3682 571 3742 τδ
587 3675 646 3756 ἦθος
669 3686 866 3765 ίπανορθῶσαι,
892 3685 937 3746 καλ
953 3689 1037 3746 σῶσαι

253 3773 341 3838 αὐτοῖς
355 3769 402 3843 τὴν
417 3770 513 3852 ἀρετὴν
528 3775 628 3849 μᾶλλον
641 3771 659 3845 ἢ
672 3773 720 3848 τὴν
737 3773 825 3834 οὐσίαν
840 3797 846 3812 ·
862 3775 918 3835 ἐπεὶ
935 3775 1036 3855 βέλτιον

253 3861 299 3928 τῆς
314 3859 402 3926 οὐσίας
422 3865 440 3932 ἡ
462 3859 562 3940 ἀρετή,
579 3861 624 3921 καί
644 3863 674 3921 τὸ
691 3865 726 3932 είς
743 3863 840 3936 ταύτην
862 3868 964 3944 βοηθεῖν
985 3869 1038 3932 τοῖς

253 3948 336 4027 φίλοις
355 3949 540 4029 φιλικώτερον,
562 3947 579 4023 ἢ
598 3949 642 4012 τδν
662 3955 773 4013 πλοῦτον
799 3953 999 4014 διασώσασθαι·
1015 3959 1038 4015 εί

254 4036 282 4096 δὲ
303 4038 394 4095 πενίαν
415 4038 571 4099 ἀπελαύνειν
590 4042 628 4101 δεῖ
652 4045 699 4114 τῆς
723 4048 767 4103 τοῦ
790 4043 865 4126 φίλου
893 4045 976 4112 οἰκίας
995 4045 1037 4104 τδν

254 4125 414 4203 δυνάμενον,
431 4128 505 4211 πόσῳ
524 4130 685 4212 δικαιότερον
700 4130 748 4205 τὴν
768 4131 861 4210 ἀρετὴν
881 4133 1035 4212 ἐπανάγειν,

255 4213 341 4281 άλλως
355 4239 382 4275 τε
401 4215 447 4274 καί
461 4217 615 4298 οἰκειότερον
631 4219 674 4294 ὄν,
690 4218 731 4280 ίίτι
748 4221 790 4280 διδι
812 4223 860 4294 τὴν
875 4223 970 4302 ἀρετήν
986 4225 1037 4282 είσι

255 4302 324 4384 φίλοι
337 4322 343 4335 ·
358 4302 388 4363 τδ
401 4305 449 4382 μέν
467 4296 511 4365 σύν
525 4306 644 4387 βέλτιον,
656 4307 686 4367 τδ
699 4309 744 4368 καί
758 4310 890 4389 μοχθηρὸν
903 4309 1039 4388 γενόμενον

254 4391 298 4450 τδν
313 4391 386 4472 φίλον
398 4394 481 4474 φιλεῖν
496 4392 547 4466 ἔτι,
573 4394 618 4453 καί
633 4398 719 4466 ζητεῖν
737 4399 910 4475 ίπανορθοῦν,
924 4399 948 4456 εἰ
962 4395 991 4456 δέ
1002 4421 1040 4466 τις

255 4477 327 4548 εὐθὺς
340 4481 480 4559 διαλύοιεο,
496 4486 525 4544 ού
539 4483 611 4542 δοκεῖ
624 4484 707 4543 ποιεῖν
723 4483 771 4553 ἔξω
786 4485 879 4563 λύγου·
895 4488 924 4544 οὗ
938 4483 989 4566 γδιρ
1003 4489 1041 4568 τῷ

255 4575 382 4651 μοχθηρῷ
403 4569 475 4653 φίλος
497 4564 551 4646 ἦν,
568 4571 635 4632 ἀλλά
654 4577 696 4654 ’τῷ
721 4576 829 4656 ἀγαθῷ·
850 4573 893 4634 τὸν
912 4573 939 4634 δί
968 4579 1041 4652 ἀγα-

256 4661 298 4720 θὸν
320 4662 415 4739 μηκέτι
430 4661 494 4721 ὄντα
514 4662 552 4741 μὴ
572 4665 655 4744 φιλῶν
686 4661 779 4723 οὐδένα
803 4664 904 4724 ἀδικεῖ·
922 4663 967 4724 τὸν
990 4665 1042 4725 τοί-

256 4773 300 4809 νυν
315 4751 412 4830 ἀγαθδν
436 4750 614 4813 ἀλλοιωθέντα
628 4755 763 4813 ἀδυνατῶν
779 4754 914 4814 ἀνασῶσαι
929 4753 1042 4832 ἀφίστα-

256 4861 299 4898 ται
311 4843 357 4913 τῆς
370 4839 435 4919 πρδς
447 4842 524 4902 αὐτὸν
538 4841 638 4924 φιλίας·
656 4844 679 4902 εί
695 4843 742 4920 μέν
756 4834 799 4903 σύν
819 4843 833 4903 θ
846 4842 919 4926 φίλος
931 4843 958 4914 ἐξ
973 4847 1040 4924 ἀγα-

257 4931 301 4988 θοῦ
315 4930 428 5008 πονηρὸς
439 4930 554 5007 γίνοιτο,
569 4931 637 4990 οὕτω
652 4931 782 5013 χρηστέον
797 4935 831 5011 τῇ
850 4932 978 4994 διαλύσει.

1081 1803 1129 1851 tur.
1143 1800 1286 1850 Tuncenim
1303 1817 1383 1868 quum
1398 1804 1523 1870 detegitur
1538 1805 1617 1862 trans,
1637 1802 1815 1854 alteralterum
1831 1811 1869 1846 ae-

1083 1878 1161 1926 cusat.
1191 1877 1274 1934 Quum
1301 1878 1375 1940 igitur
1406 1895 1452 1931 sua
1484 1881 1593 1946 aliquem
1620 1877 1734 1929 telellerlt
1771 1874 1867 1938 opinio,

1081 1951 1279 2016 existimaritque
1292 1967 1318 2004 se
1330 1959 1430 2020 propter
1443 1969 1525 2008 mores
1536 1955 1617 2020 diligi,
1637 1953 1756 2020 quamvis
1773 1951 1815 2000 ille
1830 1947 1867 1997 al-

1086 2029 1123 2076 ter
1139 2025 1200 2076 nihil
1224 2027 1274 2077 tale
1297 2033 1356 2093 agat
1381 2030 1419 2080 rel
1449 2031 1531 2090 dicat,
1555 2030 1624 2095 qnod
1648 2029 1718 2078 ducet
1744 2021 1866 2076 honrinem

1085 2101 1185 2162 propter
1197 2111 1278 2150 mores
1295 2106 1419 2152 amantem
1429 2143 1434 2162 ,
1446 2103 1535 2154 merito
1549 2115 1576 2152 se
1586 2102 1639 2167 ipse
1656 2102 1760 2150 accuset
1775 2119 1781 2148 :
1795 2110 1866 2160 quum

1087 2189 1146 2224 vero
1159 2173 1226 2224 illius
1244 2176 1401 2229 simulatione
1415 2179 1532 2244 deceptus
1551 2177 1638 2234 suerit,
1656 2175 1748 2226 merito
1761 2174 1783 2223 is
1799 2185 1865 2222 acen·

1081 2250 1174 2301 modos
1186 2255 1225 2302 est
1247 2253 1292 2318 qui
1310 2251 1413 2316 fefellit,
1431 2259 1552 2320 tantoque
1564 2254 1642 2318 magis
1651 2265 1728 2317 quam
1740 2249 1788 2315 qni
1801 2261 1870 2298 num·

1083 2340 1138 2378 mos
1149 2326 1307 2388 adulterant,
1322 2333 1416 2394 quanto
1434 2330 1460 2380 in
1475 2345 1501 2380 re
1515 2330 1660 2395 pretiosiore
1672 2331 1697 2378 et
1708 2325 1807 2376 cariore
1819 2337 1870 2374 ma·

1083 2399 1190 2452 leticium
1216 2403 1367 2455 admittitur.
1412 2407 1494 2470 Atque
1521 2405 1553 2456 iis
1577 2403 1679 2469 quidem
1705 2401 1752 2466 qui
1777 2401 1870 2464 propter

1084 2476 1278 2528 emolumentum
1291 2483 1335 2528 aul
1350 2477 1522 2530 delectationis
1542 2492 1617 2529 cansa
1634 2475 1775 2528 amicitiam
1791 2473 1871 2522 colunt

1082 2556 1117 2607 ita
1129 2557 1263 2622 contingit,
1283 2561 1313 2609 nt
1329 2559 1419 2610 merito
1438 2559 1611 2612 dissocientur.

1112 2649 1138 2699 Si
1150 2647 1208 2712 quis
1226 2661 1285 2698 vero
1295 2653 1396 2714 propter
1410 2663 1492 2701 mores
1503 2651 1613 2716 aliquem
1626 2652 1694 2699 amal
1706 2651 1732 2697 el
1743 2649 1775 2695 ut
1790 2644 1868 2693 rtrum

1082 2725 1174 2776 bouum
1189 2723 1215 2775 in
1234 2725 1368 2776 amicitiam
1385 2728 1480 2792 recipit,
1494 2727 1536 2778 ille
1553 2731 1638 2778 autem
1650 2723 1783 2789 improbus
1804 2723 1870 2785 post·

1083 2813 1112 2850 en
1125 2799 1223 2858 evadat,
1237 2803 1282 2850 aut
1295 2803 1388 2852 amanti
1402 2802 1460 2852 talis
1480 2802 1603 2861 videatur,
1616 2805 1702 2851 utrum
1715 2799 1795 2848 eliam
1808 2810 1870 2845 nunc

1082 2874 1204 2924 amandus
1218 2878 1264 2934 est,
1275 2890 1306 2926 ao
1322 2877 1425 2928 dissolri
1438 2877 1547 2929 amicitia
1559 2877 1652 2929 debeli
1662 2871 1869 2939 Respondendnm

1084 2964 1149 3009 sane,
1164 2964 1194 3000 ne
1204 2951 1256 3000 fieri
1269 2952 1371 3016 quidem
1388 2967 1467 3018 posse,
1487 2959 1515 3005 nt
1529 2954 1572 3020 qui
1586 2969 1635 3004 non
1649 2953 1730 3004 bonus
1745 2952 1868 3010 rideatur,

1085 3029 1118 3077 sit
1132 3026 1245 3076 amabilis
1261 3043 1267 3076 :
1285 3027 1311 3076 id
1328 3029 1392 3078 enim
1420 3029 1489 3094 quod
1509 3029 1616 3080 amabile
1633 3032 1680 3087 est,
1701 3030 1740 3078 est
1761 3027 1868 3078 bonum.

1083 3104 1151 3168 quod
1166 3119 1225 3154 vero
1242 3105 1382 3169 improbum
1398 3108 1444 3162 est,
1467 3118 1499 3154 ne
1517 3105 1615 3168 justum
1632 3103 1734 3168 quidem
1751 3105 1792 3152 est
1808 3121 1814 3150 ι
1830 3113 1870 3148 ne-

1083 3177 1175 3226 minem
1186 3177 1251 3226 urim
1270 3165 1315 3226 adl
1329 3191 1412 3226 rerum
1429 3177 1551 3226 malarum
1572 3175 1656 3225 studio
1674 3174 1755 3224 teneri
1767 3177 1814 3222 ant
1825 3172 1871 3221 im-

1083 3247 1152 3312 probi
1166 3247 1273 3298 hominis
1287 3249 1392 3298 similem
1406 3247 1470 3299 ellici
1482 3251 1580 3312 oportet
1596 3267 1602 3297 :
1620 3261 1678 3297 nam
1696 3248 1719 3296 si
1740 3250 1818 3303 amet,
1837 3244 1870 3291 illi

1083 3317 1234 3368 assimiletur
1247 3332 1345 3368 necesso
1359 3323 1397 3368 est
1415 3339 1420 3367 :
1434 3320 1485 3382 jam
1496 3318 1561 3369 enim
1576 3317 1778 3383 supradiximus
1798 3314 1870 3365 simili

1083 3390 1191 3440 amicum
1199 3390 1349 3440 ossesimile.
1364 3393 1452 3439 lsstrum
1460 3389 1535 3453 igitur
1543 3387 1807 3440 statimdiscindendae
1813 3389 1868 3436 sunl

1085 3461 1148 3510 tales
1159 3461 1283 3518 amicitiae,
1295 3476 1326 3510 au
1338 3475 1385 3510 non
1398 3463 1510 3511 omnium
1521 3499 1527 3522 ,
1539 3461 1584 3510 sed
1598 3474 1684 3510 eorum
1702 3459 1794 3508 sallem
1809 3471 1871 3520 quo-

1084 3545 1141 3580 rnm
1154 3531 1297 3581 insanabilia
1319 3536 1357 3582 esl
1373 3533 1526 3596 improbitas,
1549 3533 1609 3596 qnia
1632 3529 1737 3580 modum
1754 3529 1870 3579 excedit?

1085 3605 1110 3655 Si
1126 3619 1183 3654 vero
1199 3603 1234 3652 ita
1249 3604 1307 3666 {egri
1327 3608 1399 3666 sunl,
1412 3609 1440 3654 ul
1455 3605 1537 3653 curari
1550 3609 1632 3653 tamen
1643 3602 1740 3668 possint
1752 3603 1779 3650 el
1789 3611 1870 3648 corre·

1084 3676 1191 3726 ctionem
1201 3673 1343 3732 admittant,
1352 3674 1453 3724 minime
1468 3675 1626 3724 dissolvenda
1637 3673 1758 3730 amicitia,
1772 3670 1817 3722 sed
1830 3683 1870 3733 φο·

1084 3748 1136 3798 tius
1147 3747 1213 3797 onrui
1229 3745 1314 3796 studio
1334 3745 1425 3796 talibus
1449 3745 1589 3796 hominibus
1611 3743 1813 3795 subveniendum
1825 3744 1869 3795 est.

1084 3833 1215 3884 moresque
1247 3831 1333 3868 eorum
1355 3821 1414 3867 suut
1439 3817 1601 3875 emendandi,
1624 3819 1654 3866 ut
1674 3816 1762 3880 potins
1784 3826 1871 3864 eorum

1087 3891 1166 3942 virtus
1182 3903 1258 3953 qnam
1283 3903 1321 3940 res
1344 3888 1472 3938 laruiliaris
1485 3892 1646 3940 coraserretur
1665 3904 1671 3936 :
1688 3887 1812 3952 siquiden
1832 3884 1871 3934 di-

1086 3963 1153 4013 vitiis
1169 3961 1250 4010 virtus
1269 3965 1307 4011 est
1331 3959 1496 4024 praestantior,
1519 3963 1595 4023 atque
1619 3959 1727 4010 adeam
1748 3972 1799 4007 rem
1816 3956 1872 4019 opi-

1086 4032 1161 4084 tulari
1175 4031 1262 4082 amicis
1276 4031 1393 4082 arnicitiae
1413 4030 1599 4082 convenientius
1621 4031 1668 4087 ast,
1687 4041 1760 4093 quam
1781 4040 1870 4076 eorum

1087 4118 1146 4168 opes
1166 4117 1313 4154 conservare
1328 4103 1435 4168 :quodsi
1451 4105 1624 4168 paupertatem
1639 4099 1670 4150 ab
1692 4097 1761 4148 amici
1772 4095 1870 4145 seruilia

1086 4175 1230 4242 propulsare
1249 4175 1323 4226 debet
1337 4176 1381 4240 qui
1402 4177 1492 4239 potest,
1511 4177 1608 4238 quanto
1621 4170 1697 4235 magis
1720 4169 1790 4218 decet
1816 4169 1871 4217 rir-

1086 4251 1167 4297 tutem
1191 4247 1263 4312 quasi
1295 4247 1327 4297 ds
1350 4247 1436 4296 exsilio
1463 4245 1593 4302 reducere,
1623 4241 1758 4312 praesertim
1790 4254 1873 4304 quum

1086 4309 1229 4360 hominibus
1261 4309 1470 4360 accommodatius
1499 4307 1545 4366 sit,
1574 4306 1633 4370 quia
1665 4305 1764 4377 virtutus
1798 4317 1873 4376 cansa

1087 4371 1160 4422 amici
1180 4374 1239 4422 sunt
1256 4375 1380 4435 :prestat
1395 4372 1477 4436 igitur,
1500 4369 1607 4420 amicum
1624 4381 1738 4432 qnamrrs
1755 4379 1807 4429 jam
1827 4379 1874 4414 rm-

1087 4443 1180 4507 probus
1194 4443 1301 4494 evaserit
1316 4441 1398 4492 adhuc
1415 4455 1498 4492 amare
1519 4453 1626 4504 eumque
1643 4437 1768 4501 corrigere
1789 4435 1871 4486 conari

1088 4514 1177 4579 siquis
1192 4527 1252 4564 vero
1263 4513 1348 4564 statim
1361 4514 1433 4565 abeo
1445 4511 1569 4575 discedat,
1581 4511 1642 4560 nihil
1656 4513 1748 4574 praeter
1754 4509 1873 4558 rationem

1088 4585 1169 4636 lacere
1184 4585 1284 4636 videtur
1302 4603 1308 4634 ι
1325 4599 1406 4649 neque
1423 4585 1489 4636 enim
1504 4583 1618 4648 improbo
1629 4583 1735 4653 xamicus
1747 4585 1819 4642 erat,
1834 4577 1874 4630 sed

1087 4656 1152 4706 bono
1166 4675 1173 4706 ε
1188 4656 1288 4721 qnando
1312 4661 1468 4706 autemeam
1487 4655 1532 4720 qni
1546 4668 1593 4704 nou
1611 4651 1720 4718 amplius
1740 4651 1823 4701 bonus
1839 4653 1873 4700 est

1088 4741 1173 4778 amare
1194 4727 1300 4788 desinit,
1312 4726 1533 4796 neminijnjuriam
1546 4724 1606 4776 tacit
1619 4745 1625 4776 ι
1643 4737 1723 4788 quum
1736 4723 1803 4772 enim
1820 4736 1874 4772 enm

1087 4799 1131 4864 qui
1144 4813 1174 4849 en
1188 4800 1253 4850 bono
1269 4799 1293 4848 in
1308 4798 1449 4864 improbum
1462 4801 1576 4848 mutatus
1588 4799 1626 4847 est
1641 4809 1743 4846 serrare
1759 4797 1874 4860 nequeat,

1088 4869 1120 4920 ab
1134 4870 1187 4934 ejus
1198 4871 1308 4920 amicitia
1323 4883 1350 4920 se
1363 4873 1475 4921 removet
1494 4870 1535 4919 :si
1554 4868 1631 4934 igitur
1645 4866 1742 4917 amicus
1763 4879 1796 4916 er
1815 4865 1875 4916 bono

1087 4941 1217 5006 improbus
1230 4939 1329 5000 evadat,
1346 4939 1382 4992 ita
1393 4939 1497 4990 dissolri
1511 4939 1620 4990 amicitia
1636 4937 1719 4990 debet.

295 5133 306 5158 ί
319 5132 353 5182 Ἢ
365 5135 424 5199 πρὸς
437 5135 480 5198 μὲν
495 5139 551 5187 τοὺς
564 5139 604 5187 διὰ
617 5139 645 5190 τδ
661 5140 781 5204 χρήσιμον
791 5141 843 5190 κτλ.
862 5167 889 5176 -·
903 5139 933 5170 θ*
952 5137 1010 5190 ’Eds
1024 5141 1051 5192 θῖ
1071 5140 1223 5207 ἀποδέχηται
1241 5143 1274 5198 ὡς
1289 5139 1391 5205 ἀγαθάν,
1408 5142 1460 5191 κτλ.
1475 5165 1507 5177 -
1519 5139 1567 5170 *ί*
1584 5137 1633 5206 Ἆρ’
1648 5138 1691 5191 οὖν
1706 5139 1775 5196 εὐθὺς
1793 5138 1874 5188 διαλυ-

262 5205 334 5268 τέονς
349 5207 364 5268 ἡ
382 5206 417 5270 ούΙ
423 5211 509 5270 πᾶσιν,
521 5211 575 5262 κτλ.
