3938 5968
441 309 669 372 nuurcosuu
692 305 1028 372 urcouacuuoouu
1053 306 1335 371 clanesmeis
1631 293 1696 369 'aar

84 447 185 524 καὶγὰρ
199 447 213 503 δ
227 444 325 511 δίκαιος
342 444 424 503 δεῖται
438 443 502 522 πρὸς
519 444 563 510 οθς
577 444 797 525 δικαιοπραγήσει
819 444 863 502 καὶ
911 451 1015 504 cendam
1029 453 1084 516 eget
1096 472 1102 503 ε
1117 451 1209 503 etenim
1219 452 1259 503 vir
1274 453 1359 517 justus
1375 465 1432 515 erga
1445 465 1508 516 quos
1529 453 1554 501 et
1571 465 1627 500 cum
1640 450 1698 514 qui-

84 527 197 614 μεθ’ῶν,
211 533 256 594 καὶ
267 532 399 614 δσῶρρων
412 581 419 608 ,
431 533 503 592 καὶὸ
518 535 646 614 ἀνδρεῖος,
654 533 700 592 καὶ
712 536 763 591 τῶν
777 531 864 591 ἀλλων
912 540 960 592 bus
976 540 1044 606 juste
1064 544 1129 604 agat,
1150 541 1261 606 itemque
1279 544 1420 604 temperans
1436 542 1461 589 et
1481 539 1554 590 sortis
1573 540 1598 588 et
1614 538 1698 588 caeleri

84 627 208 693 ἕκαστος·
232 627 246 680 b
267 621 295 680 bl
320 622 415 701 σορός,
432 621 477 682 καὶ
492 625 550 681 καθ’
579 622 672 681 ἑαυτὸν
694 621 741 695 ῶν,
757 621 867 680 δύναται
912 628 1090 680 desiderabunt
1106 633 1151 680 :at
1171 629 1276 694 capiens,
1287 630 1363 679 etiam
1381 643 1460 694 quum
1479 642 1563 679 secum
1581 628 1636 687 erit,
1659 640 1699 677 res

83 718 197 793 θεωρεῖν,
209 710 254 770 καὶ
266 711 367 778 οὐδενὸς
388 711 472 770 δεῖται
496 712 561 791 πρὸς
585 716 681 787 τοῦτο,
700 711 745 769 καί
766 712 867 786 μᾶλλον
913 719 1004 782 poterit
1030 719 1199 783 contemplari,
1225 733 1305 782 neque
1331 718 1383 768 ullo
1406 719 1504 769 bomine
1528 717 1560 768 ad
1584 719 1631 768 boc
1659 715 1696 766 ia-

83 789 135 883 δσιρ
145 801 308 883 σοφώτερος·
328 802 352 858 εί
366 799 393 858 δὲ
405 799 489 858 δεῖταί
502 824 558 868 πως
572 800 618 859 καὶ
631 800 706 868 αὐτὸς
718 799 816 871 ἀλλων,
828 799 868 858 ὅτι
914 810 1029 861 ciendum
1046 814 1102 873 eget
1118 824 1216 874 :eoque
1229 809 1309 874 magis
1322 824 1373 876 quo
1387 813 1422 858 ost
1438 809 1570 873 sapientior
1588 828 1594 859 ι
1610 806 1700 872 quodsi

83 892 140 968 μετ’
164 891 252 950 ἄλλοιν
275 889 377 970 βέλτιον
393 887 537 969 θεωρήσει,
549 889 612 968 πρός
636 912 666 968 γε
687 888 718 948 τὶν
731 889 777 960 τὴν
796 886 869 968 ἐνέρ·
915 901 1011 965 etipse
1033 899 1218 964 quodammodo
1228 898 1284 948 aliis
1304 901 1374 961 eget,
1389 898 1448 962 quia
1464 913 1521 948 curn
1543 899 1599 947 aliis
1611 896 1700 945 melius

82 1005 154 1060 γειαν
168 979 274 1046 τελείως
301 981 442 1060 ἐνεργῆσαι
470 977 528 1037 καθ’
544 977 636 1038 ἑαυτὸν
658 975 870 1061 αὐταρκέστατιίς
915 988 1132 1054 contemplabitur,
1144 991 1227 1040 tamen
1241 987 1274 1038 ad
1288 986 1409 1038 virtutem
1420 969 1529 1051 perlecto
1539 985 1700 1036 exercendam

83 1073 161 1129 ε’στιν.
916 1094 942 1130 se
953 1081 1007 1144 ipso
1019 1084 1150 1131 contentus
1161 1083 1206 1130 est.

92 1187 94 1190 ·
122 1159 211 1220 *Ἔτι
224 1157 268 1218 καὶ
284 1159 316 1216 δι’
332 1155 428 1230 ἔαυτήν
454 1155 560 1238 αἱρετὴν
574 1156 620 1218 καὶ
644 1155 787 1236 ἀγαπητήν
803 1145 869 1214 εἶναι
948 1169 1110 1226 Quinetiam
1134 1182 1178 1232 per
1203 1181 1230 1217 ee
1255 1166 1419 1232 expetendam
1439 1171 1465 1218 et
1485 1167 1622 1232 jucundam
1648 1176 1700 1214 esse

82 1248 120 1310 δεῖ
151 1246 199 1318 τήν
230 1245 408 1321 εὐδαιμονίαν.
449 1244 581 1306 Φαίνεται
623 1243 650 1304 δὲ
678 1249 696 1316 ἡ
723 1245 870 1326 θεωρητικὴ
915 1260 1013 1321 oportet
1033 1257 1223 1308 beatitudiuem.
1242 1255 1349 1306 Videtur
1368 1259 1454 1306 autern
1478 1256 1531 1306 vita
1551 1255 1701 1320 contempla-

81 1335 135 1408 ζωή
152 1333 219 1406 αιἰτή
244 1335 277 1393 δι’
294 1334 389 1406 ἑαυτὴν
412 1333 569 1414 ριλουμένη.
598 1333 652 1394 Καὶ
667 1332 718 1413 γὰρ
735 1332 807 1393 οὐδὲν
825 1333 871 1392 ἀπ’
917 1347 969 1396 tiva
987 1359 1032 1410 per
1047 1359 1074 1395 sc
1097 1345 1175 1408 diligi.
1198 1344 1297 1394 Etenim
1321 1344 1383 1395 nibil
1403 1344 1472 1395 aliud
1502 1348 1557 1396 infla
1578 1345 1705 1410 petimus,

82 1426 162 1494 αὐτῆς
177 1425 244 1482 ἄλλο
255 1425 398 1500 ζητοῦμεν,
413 1421 472 1482 οὐδέ
487 1445 513 1480 τι
523 1421 622 1501 γίνεται
638 1425 701 1500 ἡμῖν
715 1418 802 1499 ἕτερον
817 1445 870 1480 πα·
917 1449 997 1500 neque
1019 1434 1158 1500 quidquam
1171 1433 1241 1484 aliud
1264 1435 1421 1498 assequimur
1441 1436 1532 1499 praeter
1555 1435 1703 1500 contompla-

82 1512 115 1592 ρά
129 1511 159 1570 τθ
169 1516 276 1590 θεωρεῖν
290 1533 296 1547 ·
310 1513 355 1591 ἀρ’
370 1509 483 1584 ἑκάστης
500 1508 527 1567 δὲ
539 1514 592 1569 τῶν
602 1512 757 1590 πρακτικῶν
769 1513 871 1588 ἀρετῶν
918 1523 1010 1572 tionem
1026 1536 1059 1572 :e
1078 1521 1181 1584 singuiis
1193 1534 1253 1571 vero
1270 1521 1359 1570 activis
1375 1534 1439 1586 quas
1457 1523 1547 1570 vocant
1567 1521 1703 1570 virtutibus

82 1601 137 1660 ἐστί
148 1625 173 1660 τι
190 1599 300 1681 ἄλλο,ἳή
313 1599 405 1680 μικρὸν
418 1599 435 1670 ἠ
449 1600 546 1677 μεῖζον,
564 1597 667 1659 λαθεῖν.
685 1597 740 1658 Καὶ
750 1597 802 1678 γάρ
819 1598 871 1656 ἀπὸ
917 1611 986 1660 aliud
1007 1610 1069 1675 quid
1089 1613 1133 1660 aut
1152 1609 1235 1659 minus
1251 1612 1296 1659 aut
1313 1610 1395 1674 majus
1415 1609 1532 1671 consequi
1553 1608 1701 1660 nobislicet.

83 1688 187 1767 μὲντῆς
204 1689 323 1770 ἀνδρείας
335 1687 406 1761 νίκη,
425 1687 516 1747 ἀπὸδὲ
529 1687 724 1768 σωρροσιίνηςὴ
740 1689 807 1746 κατὰ
819 1691 870 1770 ψυ-
918 1699 1092 1750 Etortitudine
1109 1699 1175 1748 enim
1194 1697 1308 1758 victoria,
1328 1697 1518 1761 etemperoutia
1537 1697 1614 1748 animi
1636 1701 1705 1748 tran·

80 1777 132 1857 χὴν
150 1776 267 1858 ἠρεμία,
283 1775 335 1836 ἀπὸ
352 1776 378 1835 δὲ
396 1775 545 1859 φρονήσεως
559 1777 589 1835 τὸ
614 1777 696 1858 εὑρεῖν
711 1775 745 1834 τά
759 1776 824 1858 πρὸς
843 1778 873 1838 τὸ
917 1788 1037 1854 quinitas,
1052 1802 1066 1836 e
1079 1787 1210 1852 prudentia
1226 1786 1336 1836 inventio
1353 1800 1435 1836 rerum
1450 1785 1482 1836 ad
1498 1785 1616 1837 altianum
1631 1787 1704 1838 tinem

82 1865 194 1947 ἔσχατον
211 1865 323 1946 φέροντα
336 1866 427 1938 τέλος,
445 1865 498 1924 ἀπὸ
512 1865 540 1926 δὲ
554 1869 646 1924 πασῶν
662 1865 812 1938 ἡπολιτική
825 1869 872 1924 εὖ·
918 1875 1094 1940 spectantium,
1107 1889 1138 1924 ex
1149 1874 1265 1924 omuibus
1283 1877 1368 1925 autem
1384 1873 1465 1924 civilis
1481 1875 1587 1925 felicitas
1601 1876 1701 1928 oritur:

82 1956 209 2032 δαιμονία
225 1959 279 2034 ·τῇ
299 1956 326 2014 δὲ
349 1955 444 2036 θεωρία
460 1954 531 2013 οὐδὲν
557 1957 710 2028 ἀκολουθεῖ,
727 1954 761 2013 δι’
776 1953 790 2013 θ
803 1956 873 2014 δοκεῖ
919 1969 1005 2016 contra
1028 1978 1088 2014 vero
1104 1964 1166 2015 nibil
1190 1978 1291 2028 prorsus
1319 1963 1434 2028 sequitur
1457 1964 1703 2028 contemplationem,

82 2047 140 2106 δέον
157 2037 225 2106 εἶναι
240 2047 393 2118 ζητεῖσθαι,
408 2046 477 2106 ἀλλά
488 2045 554 2117 αὐτὴ
566 2046 599 2102 δι’
615 2045 710 2116 ἑαυτήν
723 2048 869 2122 ἀγαπᾶται,
918 2057 1019 2119 propter
1045 2052 1113 2117 quod
1139 2052 1244 2116 peteuda
1260 2066 1313 2102 esse
1336 2051 1460 2112 rideatur,
1483 2053 1526 2103 sed
1547 2053 1600 2118 ipsa
1619 2067 1663 2117 per
1679 2069 1705 2106 es

82 2135 218 2196 Φαίνεται
235 2132 287 2214 ἀρα
300 2135 398 2208 ταύτην
420 2126 547 2206 εἶναιτὴν
562 2133 728 2215 ἀνθρωπίνην
750 2136 872 2215 εὐδαιμο-
919 2146 1025 2194 amatur.
1046 2145 1116 2192 Hanc
1134 2141 1211 2204 igitur
1233 2141 1369 2192 humanam
1386 2141 1566 2193 beatitudinem
1589 2158 1643 2194 esse
1663 2159 1704 2210 ap·

83 2223 153 2286 νίαν.
837 2235 840 2242 ’
919 2234 998 2296 paret.

123 2311 229 2373 **Ἔτι
241 2312 285 2371 καὶ
295 2313 321 2370 ἐν
335 2312 432 2392 ἠρεμία
447 2311 497 2371 τινὶ
512 2311 557 2370 καί
568 2313 652 2390 σχολῇ
662 2311 819 2370 συνιστάναι
835 2314 872 2372 δεῖ
950 2323 1072 2369 Praeterea
1093 2319 1117 2368 in
1138 2317 1320 2382 tranquillitate
1338 2317 1446 2383 quadam
1461 2321 1486 2368 ει
1500 2319 1551 2367 οιὶο
1571 2319 1705 2372 beatitudi-

81 2402 130 2473 τήν
158 2399 337 2477 εὐδαιμονίαν.
354 2401 437 2467 Τέλος
462 2400 513 2478 γάρ
536 2399 561 2458 τί
583 2401 652 2456 ίστιν
667 2403 683 2470 ἡ
700 2401 802 2479 σχολή,
828 2403 872 2460 καὶ
918 2423 975 2460 nem
991 2407 1125 2458 consistere
1144 2410 1249 2472 oportet.
1271 2406 1338 2456 Finis
1359 2407 1424 2457 enim
1441 2407 1533 2472 aliquis
1558 2408 1637 2458 otium
1658 2412 1705 2471 est,

83 2486 327 2568 άσχολοιίμεθαίνα
352 2488 502 2562 δυνηθῶμεν
528 2485 677 2565 σχολάσαι,
692 2489 737 2545 καὶ
758 2488 872 2566 πόλεμον
920 2501 996 2561 atque
1023 2497 1049 2545 in
1073 2495 1148 2546 rebus
1172 2495 1286 2558 gerendis
1311 2509 1448 2553 versamur,
1474 2501 1501 2544 ut
1528 2497 1602 2546 otiari
1630 2499 1706 2561 possi·

85 2575 232 2656 αῖροάμεθα
252 2573 295 2633 did
310 2573 358 2646 τήν
378 2574 495 2656 εἰρήνην.
512 2577 548 2635 Al
561 2573 608 2650 μὲν
619 2565 663 2634 οὖν
680 2573 807 2656 ἐνέργειαι
821 2581 872 2636 τῶν
920 2600 984 2646 mus,
996 2585 1061 2634 sicut
1072 2584 1140 2648 pacis
1153 2597 1226 2633 causa
1246 2583 1339 2633 bellum
1351 2584 1508 2648 suscipimus.
1525 2587 1606 2643 Quare
1618 2587 1706 2636 activae

83 2669 239 2746 πρακτικῶν
253 2667 353 2745 ἀρετῶν
374 2668 400 2724 ἐν
413 2672 466 2731 τοῖς
481 2667 625 2731 πολιτικοῖς
638 2667 688 2723 εισι
702 2664 748 2722 καὶ
761 2668 873 2744 πολεμι-
921 2674 1022 2725 virtutis
1037 2672 1179 2724 functiones
1190 2673 1216 2722 in
1230 2671 1346 2722 civilibus
1358 2673 1383 2720 et
1401 2670 1495 2721 bellicis
1511 2671 1586 2722 rebus
1603 2685 1706 2722 cernuo·

86 2763 164 2822 κοῖς·
184 2755 211 2812 αὶ
228 2755 385 2813 δὲτοιαῦται
402 2751 508 2831 πράξεις
529 2753 647 2828 μάλιστα
663 2753 768 2811 δοκοῦσι
783 2755 873 2834 πόρρω
920 2769 982 2814 tur:
1001 2762 1064 2812 tales
1085 2775 1144 2811 vero
1158 2761 1266 2810 actiones
1285 2760 1317 2810 ab
1329 2760 1395 2809 omni
1414 2760 1594 2824 tranquillitate
1615 2765 1639 2810 et
1656 2761 1707 2810 otio

83 2845 173 2914 πάσης
198 2842 309 2922 ἠρεμίας
332 2843 374 2900 καὶ
399 2830 497 2920 σχολῆς
516 2831 602 2900 εἶναι·
619 2841 646 2899 σί
668 2840 714 2917 μὲν
731 2843 873 2913 πολεμικαὶ
921 2849 1061 2912 longissime
1076 2849 1162 2898 abesse
1174 2847 1291 2897 ridentur
1305 2865 1311 2896 τ
1327 2851 1353 2897 et
1365 2847 1465 2896 omuino
1478 2848 1579 2912 quidem
1592 2849 1705 2900 bellicae:

84 2934 240 2999 παντελῶς·
256 2930 393 3008 οὐδὲνγὰρ
410 2931 436 2986 ἐν
450 2931 542 2994 αὐτοῖς
558 2932 628 2988 ἐστιν
643 2929 767 3008 ἠρεμίας·
788 2933 810 2989 εἰ
823 2930 874 3012 γὰρ
921 2939 983 2988 nibil
1006 2937 1072 2987 enim
1098 2936 1133 2986 ibi
1153 2939 1191 2985 est
1216 2935 1403 3000 tranquillitatis
1424 2955 1430 2984 ι
1449 2936 1551 3000 quodsi
1568 2940 1642 3000 esset,
1663 2951 1708 3002 per

85 3013 129 3094 ἠν,
147 3021 182 3078 δι’
194 3021 273 3079 ἑαυτὸ
285 3018 316 3077 ἀν
332 3023 345 3076 b
360 3017 479 3095 πόλεμος
491 3020 616 3088 ἐζητεῖτο.
638 3018 731 3085 Οὐδεὶς
748 3021 774 3078 δὲ
792 3021 873 3099 αὶρεῖ-
922 3041 948 3076 se
974 3024 1067 3075 bellum
1094 3023 1204 3088 optabile
1230 3022 1301 3073 toret.
1327 3026 1404 3073 Nemo
1420 3027 1503 3074 autem
1532 3025 1625 3076 bellum
1650 3025 1708 3076 belli

83 3134 129 3168 ται
141 3109 173 3167 τὸ
189 3109 312 3182 πολεμεῖν
339 3113 385 3165 τοῦ
402 3107 526 3183 πολεμεῖν
543 3105 639 3183 ἕνεκα,
657 3106 723 3166 οὐδέΙ
738 3131 777 3172 τις
792 3108 873 3167 ἐθέλει
923 3128 998 3166 causa
1007 3113 1121 3176 suscipit,
1141 3126 1221 3178 neque
1229 3111 1363 3177 quisquam
1376 3125 1421 3161 sua
1434 3111 1512 3178 ipsius
1523 3126 1597 3164 causa
1614 3115 1708 3164 bellum

84 3199 118 3256 δι’
131 3197 225 3256 ἑαυτὸν
240 3195 283 3254 τὸν
306 3192 422 3272 πόλεμον
437 3196 666 3274 παρασκευάζειν·
682 3193 760 3262 δόξειε
776 3195 826 3276 γάρ
843 3193 874 3255 ἀν
923 3217 1010 3269 parare
1032 3201 1088 3250 ruit
1109 3201 1247 3251 :videatur
1267 3202 1332 3250 enim
1355 3201 1419 3250 latro
1437 3205 1462 3250 ot
1482 3202 1586 3252 sicarius
1605 3217 1666 3261 esse,
1688 3202 1709 3252 si

86 3285 226 3366 μιαιφόνος
240 3308 280 3352 τις
295 3274 380 3350 εἶναι,
397 3285 420 3341 εί
427 3283 486 3350 τοὺς
498 3283 586 3364 φιλους
602 3282 744 3361 πολεμίους
757 3285 871 3354 ποιοῖτο,
923 3307 979 3342 cum
994 3289 1080 3340 amicis
1089 3288 1231 3339 inimicitias
1243 3289 1369 3352 suscipiat,
1382 3291 1411 3338 ιιι
1421 3289 1506 3352 praelia
1520 3291 1709 3341 committantur

84 3373 128 3432 ἵνα
142 3373 232 3452 μάχαι
246 3373 291 3432 καὶ
304 3369 375 3452 ρόιοι
395 3373 528 3452 γίνωνται.
546 3371 607 3432 Εἰσὶ
623 3371 649 3431 δὲ
662 3372 707 3430 καὶ
727 3373 754 3430 αὶ
769 3381 814 3433 τοῦ
824 3396 874 3432 πο·
922 3389 948 3434 et
977 3385 1058 3436 caedes
1081 3383 1148 3433 bant.
1174 3381 1222 3432 Sed
1249 3383 1274 3429 et
1303 3392 1387 3428 rerum
1418 3377 1574 3442 publicarum
1607 3378 1710 3429 rectoris

86 3461 191 3519 λιτικοῶ
215 3459 322 3538 πράξεις
344 3463 460 3538 φανερῶς
475 3459 604 3539 ἄσχολοι,
626 3460 671 3519 καὶ
685 3463 750 3541 παρ’
767 3460 830 3520 αὐτὸ
846 3461 876 3520 τὸ
923 3474 1032 3524 actiones
1045 3469 1175 3522 manifesto
1187 3468 1319 3532 negotiosae
1334 3471 1401 3525 suut,
1414 3465 1457 3530 qui
1467 3465 1710 3531 praeterquamquod

85 3545 274 3609 πολιτεύεσθαι
299 3547 516 3626 περιποιουμένου
534 3548 689 3615 δυναστείας
710 3549 755 3607 καὶ
780 3550 874 3628 τιμάς,
925 3558 1277 3626 rempublicamadministrat‚
1285 3555 1504 3620 potentiametiam
1516 3558 1541 3604 et
1554 3555 1658 3604 bonores
1666 3559 1710 3605 aut

85 3636 103 3708 ἠ
116 3635 168 3708 τήν
183 3657 213 3712 γε
227 3634 396 3711 εὐδαιμονίαν
412 3637 514 3715 ἑαυτῷ,
533 3636 577 3695 καὶ
588 3637 640 3704 τοῖς
650 3637 783 3706 πολίταις·
802 3639 876 3718 ἑτέρα
925 3651 1105 3701 beatitudinem
1115 3649 1188 3699 simul
1200 3646 1247 3697 sibi
1254 3645 1328 3695 simul
1336 3643 1432 3694 civibus
1440 3643 1634 3706 compereuntis
1644 3645 1710 3693 onim

85 3724 139 3804 γὰρ
159 3726 177 3794 ἣ
194 3721 345 3797 αὐτῶνκαὶ
362 3725 431 3795 ἄλλη
451 3725 808 3804 ἦῒῆιπολῑωιεῦδαιμονία.
825 3727 877 3788 Καὶ
925 3740 1010 3806 ipsius,
1033 3739 1081 3788 alia
1108 3735 1251 3800 reipublicae
1272 3737 1311 3784 est
1333 3731 1469 3782 beatitudo.
1495 3730 1523 3779 ld
1542 3729 1583 3780 uel
1606 3745 1637 3779 ox
1663 3731 1710 3780 boc

86 3816 194 3884 δῆλον·
218 3811 348 3889 εὐδαίμων
368 3812 418 3892 γάρ
434 3813 511 3878 αὐτὸς
533 3811 670 3891 γενόμενος
694 3816 741 3873 οὐκ
763 3817 872 3896 ἀγαπᾷ,
925 3829 1085 3878 manifestum
1097 3830 1135 3876 est
1148 3847 1154 3876 :
1167 3824 1294 3890 quodnon
1309 3823 1333 3871 in
1347 3834 1463 3884 eaquam
1482 3819 1533 3883 ipse
1553 3819 1599 3868 sibi
1615 3820 1710 3882 peperit

87 3900 160 3958 atila
182 3899 227 3958 καὶ
256 3897 303 3970 τὴν
329 3900 466 3971 πολιτικὴν
497 3903 594 3974 ζητεῖ,
625 3904 703 3975 δῆλον
732 3906 767 3972 ὡς
787 3903 876 3985 ἑτέραν
926 3916 1080 3966 beatitudine
1095 3913 1243 3978 acquiescit,
1257 3911 1300 3960 sod
1310 3908 1453 3973 reipublicae
1469 3907 1545 3957 otiam
1555 3905 1708 3972 felicitatem,

86 3979 185 4047 θῦσαν·
927 4009 956 4056 ut
971 4005 1003 4055 ab
1023 4005 1066 4054 illa
1090 4003 1205 4052 videlicet
1236 4000 1374 4057 diversam,
1399 3996 1498 4062 quaerit.

128 4075 269 4136 ***'F1¹l⁸l
282 4077 367 4137 τοίνυν
381 4081 433 4137 τῶν
448 4077 496 4156 μίν
511 4077 581 4137 κατὰ
591 4079 638 4148 τὰς
653 4077 879 4160 &palermitana
957 4097 1042 4151 Quum
1060 4092 1137 4154 igitur
1149 4089 1235 4140 civiles
1256 4090 1282 4138 et
1299 4087 1393 4138 bellicae
1412 4085 1520 4135 actiones
1538 4084 1653 4134 omnibus
1670 4084 1709 4144 iis,

87 4171 115 4228 αὶ
132 4165 271 4228 πολιτικαὶ
290 4168 334 4226 καὶ
349 4168 492 4245 πολεμικαὶ
508 4168 599 4228 κάλλει
621 4169 667 4228 καὶ
685 4169 789 4247 μεγέθει
803 4169 880 4249 προέ.
926 4179 983 4230 quae
995 4163 1133 4213 virtutibus
1145 4162 1313 4211 consentaneae
1329 4161 1395 4216 sunt,
1410 4157 1551 4207 actionibus
1569 4155 1710 4220 pulchritu-

86 4281 196 4336 χουσιν,
213 4245 292 4312 eico
303 4253 329 4314 δὲ
346 4255 465 4335 ἄσχολοι,
481 4257 526 4316 καὶ
549 4256 638 4325 τέλους
660 4257 728 4324 τινὸς
749 4259 878 4338 ἐφίενται,
927 4237 1033 4372 ἓὲῗιθοὲ
1045 4227 1458 4369 ιμμμῐιμχμιέἰιρρῑμμθῑμμεὲὶρρὲρωμρρ
1469 4229 1712 4362 ngrtrlrltloemprgrlptternam-3

87 4347 135 4405 καὶ
152 4347 183 4404 Οὐ
198 4343 230 4402 δι’
248 4344 343 4412 ἑαυτάς
358 4346 422 4404 ‘¹⁶⁸⁹
440 4345 560 4426 αἱρεταίι
581 4346 640 4417 ἡδὲ
655 4351 700 4405 τοῦ
711 4346 880 4424 νοῦένέρίεῑα
927 4384 977 4433 sint
997 4379 1150 4446 expcteudae,
1172 4377 1263 4428 mentis
1282 4391 1341 4426 vero
1366 4375 1459 4424 iunctio
1487 4373 1576 4422 melior
1593 4373 1635 4431 sit,
1652 4372 1712 4436 quia

88 4434 332 4516 ῦπῡυὸαῑθῖέθατὲ
348 4439 437 4515 ἐστὶν,
460 4441 499 4496 ὅτι
519 4443 565 4497 τοῦ
584 4437 721 4517 βελτίστου
737 4441 881 4520 ῑῆςψυχῆς
926 4457 1139 4523 praestantissimae
1166 4455 1242 4506 animi
1275 4452 1354 4516 partis
1385 4453 1438 4510 est,
1469 4462 1550 4512 ucque
1572 4447 1648 4497 ullius
1674 4447 1711 4497 rei

89 4529 150 4585 ἔστι
167 4525 275 4604 μέρους,
291 4523 337 4582 καὶ
360 4526 461 4594 οὐδενὸς
477 4527 554 4587 ἕνεκα
569 4527 703 4602 ζητεῖται,
720 4526 778 4585 οὐδὲ
801 4529 881 4585 ἄλλου
927 4517 1002 4582 cause
1022 4531 1156 4596 appetitur,
1171 4543 1250 4594 neque
1272 4528 1351 4578 ullum
1366 4527 1442 4576 alium
1462 4527 1553 4588 praeter
1571 4523 1650 4588 ipsam
1664 4521 1712 4572 sibi

88 4616 158 4692 παρ’
188 4613 270 4684 αὐτὴν
297 4613 396 4694 ἐφίεται
412 4613 518 4688 τέλους,
537 4615 592 4696 ἔχει
608 4639 635 4674 τε
651 4615 881 4686 οὶκείοινΰήδονήν
928 4607 1001 4658 sfflssffl
1028 4605 1152 4670 P¹⁰P0¹¹llr
1178 4603 1351 4668 Pl⁰llll³ml¹¹⁰
1378 4599 1514 4666 quamdam
1544 4602 1569 4648 θῑ
1593 4599 1712 4662 m³l⁰fem

350 4702 357 4726 ι
510 4704 518 4730 ι
640 4703 646 4728 ι
741 4704 765 4728 ιι
869 4705 876 4730 ι
944 4696 1003 4731 uam
1027 4680 1116 4731 activae
1141 4677 1280 4728 functiones
1306 4677 1381 4726 babet
1402 4675 1564 4739 voluptatem,
1582 4686 1639 4737 quaa
1656 4672 1712 4722 tun-

90 4700 690 4872 &jffiogfflzttgggs3³²}ssssss{⁵3³3ss
706 4702 881 4871 εῖνεῖρηγῖἓδίᾜ
927 4698 1035 4807 tultionem
1057 4756 1187 4819 promovet
1201 4756 1277 4817 atque
1291 4751 1397 4802 intendit
1421 4770 1427 4799 :
1449 4763 1523 4814 porro
1542 4748 1601 4814 quia
1622 4748 1712 4800 mentis

928 4833 1022 4882 iunctio
1041 4831 1149 4880 maxime
1162 4843 1188 4880 se
1206 4828 1258 4893 ipsa
1273 4831 1388 4878 contenta
1402 4831 1427 4876 et
1439 4825 1573 4890 tranquilla
1585 4828 1631 4884 est,
1650 4839 1711 4888 qua·

90 4881 231 4959 αὐτάρκη(
252 4879 308 4939 ἐστὶ
324 4880 439 4958 μάλίσῗθ
457 4881 502 4938 καί
526 4879 661 4958 ipsuum,
688 4883 722 4949 ὡς
738 4883 883 4962 ἀνθθωπθῑί
929 4911 1002 4958 tenus
1034 4906 1152 4956 nimirum
1184 4904 1209 4954 id
1238 4904 1291 4954 ficri
1313 4904 1338 4953 in
1362 4903 1461 4952 homine
1488 4904 1582 4966 potest,
1607 4905 1632 4951 et
1653 4901 1712 4965 quie

92 4968 367 5040 escendebamus,
385 4967 431 5028 καὶ
447 4967 496 5026 ὅσα
511 4969 579 5028 ἄλλοι
595 4971 632 5050 τῷ
651 4968 773 5050 μακαρίῳ
786 4970 882 5028 ἀπονέ-
929 4983 1025 5046 reliqua
1047 4981 1130 5032 omnia
1148 4994 1205 5044 quae
1222 4979 1289 5030 felici
1310 4978 1463 5038 tribuuntur,
1486 4978 1511 5026 in
1522 4977 1569 5028 lrac
1587 4975 1712 5027 iunctione

125 5171 139 5198 *
153 5169 237 5226 Δὸξειε
250 5170 271 5219 δ’
286 5172 315 5219 ἀν
329 5171 392 5230 αὐτὴ
408 5169 467 5234 μάνη
478 5171 531 5220 κτλ.
545 5193 577 5206 -
588 5169 617 5196 ⁴¹*
628 5173 705 5220 Δοκεῖ
718 5187 745 5219 τι
757 5172 772 5228 ἡ
786 5169 927 5232 εὐδαιμονία
938 5170 990 5219 κτλ.
1006 5191 1038 5204 -
1047 5165 1087 5194 ***
1101 5168 1131 5217 El
1145 5165 1173 5225 δὴ
1189 5166 1238 5214 τῶν
1250 5165 1292 5228 μὲν
1303 5165 1368 5216 κατὰ
1377 5163 1419 5220 τὰς
1434 5163 1522 5227 ἀρετὰς
1531 5162 1642 5230 πράξεων
1659 5169 1710 5214 κτλ.
