3938 5968
472 368 700 431 Erfllcoaum
721 368 1055 434 Nicomacaaoautt
1075 373 1360 439 alatrinensis.
1658 389 1721 450 too

102 525 177 562 νεται
192 501 279 584 ίτιρα·
295 501 335 563 διδ
349 502 451 583 ταχέως
464 501 581 580 γίνονται
596 502 667 582 φίλοι
683 501 728 563 καί
743 501 885 562 παύονται·
934 513 1010 563 otium
1020 513 1131 579 jucunda
1149 519 1279 568 mutantur
1292 535 1298 566 ι
1313 517 1476 582 quamobrem
1494 519 1607 573 celeriter
1617 526 1643 574 et
1658 526 1724 579 liunt

103 592 313 669 μεταπίπτοντος
327 591 379 672 γὰρ
391 595 436 651 τοῦ
450 591 525 664 ἡδίος
538 591 612 664 καὶὴ
627 591 701 674 φιλία
718 592 886 672 μεταπίπτει·
934 601 1041 654 amiciet
1056 617 1110 655 esso
1120 603 1236 655 desinam
1249 625 1255 654 :
1268 609 1366 657 mumto
1382 607 1447 658 enim
1458 607 1502 658 illo
1515 610 1582 674 quod
1591 611 1622 664 iis
1632 613 1719 677 incuu-

103 681 265 758 μεταπίπτει
285 683 314 742 δὲ
335 680 365 739 τὸ
384 685 499 740 τοιοῦτον
514 681 564 752 ἡδύ
579 680 696 762 ταχέως,
710 679 778 744 ὥστε
803 683 850 742 καί
868 686 885 756 ἡ
933 694 994 747 dum
1008 701 1061 760 est,
1073 698 1181 750 amicitia
1192 713 1293 764 quoque
1305 715 1391 751 corum
1404 704 1539 754 mutatur:
1559 703 1618 754 talis
1634 708 1718 758 autem

102 772 188 850 φιλία.
213 772 268 832 Καί
285 769 405 851 ἐρωτικαὶ
418 771 444 830 δί
459 773 483 831 ci
495 770 547 830 νίοι
557 772 627 832 κατὰ
642 771 724 840 πάθος
734 772 780 831 καί
790 771 885 845 ἡδονὴν
933 784 1048 850 voluptas
1059 786 1273 846 citoimmutatur‚
1287 787 1393 854 ideoque
1404 792 1430 840 st
1439 789 1556 840 amicitia.
1566 792 1632 850 Quin
1643 793 1718 844 etiam

101 865 204 930 ζῶντες·
219 859 250 920 τδ
264 863 316 942 γὰρ
329 861 451 946 πλεῖστον
463 864 510 932 τῆς
526 862 653 940 ἐρωτικῆς
665 861 735 921 κατὰ
747 861 828 930 πύθος
841 862 886 921 καὶ
932 872 964 922 ad
981 887 1090 925 amorem
1104 875 1226 939 proclives
1241 877 1430 942 molimense,
1449 881 1536 943 utpote
1554 880 1599 945 qui
1617 879 1718 932 allecti-

100 949 206 1024 ἡδονήν·
222 948 262 1008 διδ
276 950 396 1028 φιλοῦσι,
409 947 455 1006 καί
475 948 576 1028 ταχέως
589 949 719 1009 παύονται
736 951 885 1032 φιλοῦντες,
932 961 979 1011 bus
1000 965 1025 1013 cl
1048 963 1172 1028 voluptati
1194 963 1220 1015 in
1245 965 1298 1016 vita
1319 966 1430 1016 serviant
1446 983 1452 1014 ι
1470 968 1579 1019 maxima
1601 970 1667 1022 enim
1682 971 1717 1022 rei

101 1038 230 1106 πολλάκις
247 1042 295 1110 τῆς
317 1039 396 1109 αὐτῆς
419 1035 518 1116 ἡμέρας
544 1037 770 1115 μεταπίπτοντες,
793 1037 834 1098 ὅτι
853 1040 886 1096 ού
931 1051 1130 1118 smaloriaepars
1145 1067 1177 1104 ex
1194 1052 1288 1104 affectu
1304 1057 1332 1104 et
1351 1055 1481 1120 voluptate
1499 1061 1617 1107 constat:
1633 1063 1718 1110 amant

100 1130 221 1208 λογισμῷ
243 1127 290 1186 καί
312 1125 398 1209 κρίσει
416 1125 466 1184 τινὶ
488 1129 624 1207 φιλοῦσιν,
642 1127 711 1186 ἀλλὰ
734 1128 813 1188 πείθει
836 1151 885 1208 ‹pe-
931 1139 1015 1203 igitur,
1027 1140 1127 1206 citoque
1136 1141 1235 1193 amandi
1247 1141 1320 1193 finem
1332 1142 1433 1206 facium,
1450 1145 1485 1195 ita
1497 1149 1660 1212 utsmpeuno
1674 1163 1716 1199 eo·

103 1217 218 1298 ρύμενοι.
245 1213 440 1296 Συνημιρεύειν
456 1213 483 1272 δὲ
500 1215 546 1274 καὶ
563 1219 642 1288 συζῆν
665 1208 734 1278 οῦτοι
749 1216 885 1296 βούλονται
930 1225 1037 1292 demque
1051 1228 1092 1278 die
1105 1229 1259 1280 uoluntatem
1271 1233 1385 1291 mutent,
1398 1232 1715 1301 quianonratiouealiqua

101 1304 234 1376 ἀλλήλοις·
248 1307 364 1364 ἐντεῦθεν
379 1303 430 1384 γδιρ
447 1303 491 1364 καὶ
510 1308 527 1376 ἡ
543 1305 612 1384 α’ρχὴ
629 1310 675 1378 τῆς
696 1305 783 1389 φιλίας
799 1307 886 1372 αὐτοῖς
931 1316 1016 1362 amant
1027 1301 1052 1364 et
1062 1315 1170 1379 judicio,
1193 1317 1236 1368 sed
1252 1323 1326 1385 prout
1344 1318 1420 1370 animi
1441 1320 1536 1386 impetu
1550 1323 1715 1388 abripiuntur.

99 1396 215 1476 γίνεται,
239 1396 286 1456 καὶ
311 1393 424 1467 ἡὴδονὴ
443 1391 491 1464 τὴν
515 1395 665 1469 συνοίκησιν
692 1402 807 1457 ἀπαιτεῖ.
847 1393 883 1458 ‘tl
931 1400 963 1450 lli
978 1405 1063 1454 utitem
1087 1407 1153 1458 totos
1174 1407 1228 1458 dies
1244 1423 1293 1458 una
1318 1409 1448 1460 traducere
1467 1410 1577 1476 vitasque
1600 1413 1717 1465 societate

100 1485 150 1562 μὲν
173 1475 217 1544 οῦν
237 1485 297 1546 καθ’
318 1481 414 1556 ἡδονὴν
438 1481 484 1542 καί
507 1483 576 1542 κατδι
601 1484 632 1544 τὸ
656 1487 787 1566 χρήσιμον
809 1485 883 1566 φιλία
931 1491 1045 1557 conjungi
1062 1494 1150 1546 volunt
1164 1516 1170 1546 ι
1182 1496 1239 1546 binc
1251 1497 1317 1548 enim
1328 1498 1445 1548 amicitiae
1456 1499 1517 1563 ipsis
1528 1499 1630 1552 dautur
1639 1516 1716 1554 exor-

98 1572 208 1647 τοιαύτη
224 1573 307 1648 ίστίν,
322 1571 434 1645 ἀτελής,
451 1569 497 1630 καί
513 1573 541 1630 ού
554 1575 611 1632 καθ’
633 1573 708 1647 uitri,
723 1573 793 1632 clla
807 1571 879 1632 κατὰ
930 1580 1014 1641 dim.
1029 1583 1074 1634 sed
1091 1583 1207 1650 voluptas
1225 1585 1414 1638 contubernium
1430 1588 1506 1639 etlam
1521 1591 1640 1653 postulat.
1654 1595 1717 1652 Qua

98 1661 276 1742 συμῦεύηκύς.
931 1670 1006 1738 igitur
1024 1673 1161 1739 voluptatis
1175 1679 1219 1726 aut
1235 1677 1352 1727 utilitatis
1366 1691 1442 1728 musa
1455 1679 1597 1732 instituitur
1608 1682 1717 1735 uuoltin

139 1753 271 1833 (Scripsi
288 1773 295 1810 ι
308 1761 319 1789 ⁸
333 1748 359 1810 oi
379 1745 430 1830 τε]
452 1747 516 1808 cod.
539 1747 605 1812 οἵτε.
632 1781 673 1796 -
692 1747 783 1810 ι’ἄλλο
807 1748 881 1831 ἐστὶ]
932 1761 988 1812 talis
1002 1765 1048 1825 est,
1063 1763 1111 1814 boc
1124 1767 1175 1822 ost,
1187 1764 1347 1830 imperfecta,
1365 1780 1446 1831 neque
1456 1781 1500 1832 per
1510 1769 1605 1829 se‚sed
1619 1783 1664 1836 pcr
1674 1785 1717 1826 ao·

97 1843 164 1901 cod.
179 1840 245 1904 ἄλλο’
257 1843 325 1901 ἐστι.
343 1845 409 1886 —0
426 1835 595 1921 πρισύῦται]
619 1839 709 1916 vulgo
722 1835 880 1919 πρεούύτοιι.
932 1851 1016 1904 cidens
1032 1857 1139 1904 mutum.

101 1937 229 2017 ίούκίτι]
245 1937 311 1998 cod.
328 1938 376 1998 ούκ
389 1934 439 1998 ἔτι.
452 1931 511 2016 -i

425 2115 493 2196 κη.
517 2111 550 2174 ν.
823 2080 824 2084 ‘
1259 2127 1319 2191 cap.
1337 2127 1380 2180 ιν.

117 2284 176 2351 fl‘ii
193 2289 234 2344 iit
247 2283 287 2334 δή
297 2283 326 2334 'iil
343 2282 433 2346 &poam
446 2279 539 2402 φῑφῖξῑίι
556 2281 592 2330 ὅτῑ
609 2280 669 2340 aina
683 2280 748 2330 ὶῦτὶν
762 2281 778 2340 δ
790 2276 869 2330 *iiiiii
967 2296 998 2340 lie
1008 2303 1035 2340 es
1046 2303 1097 2350 qua
1108 2292 1164 2340 boui
1175 2304 1243 2341 eausa
1251 2295 1397 2411 coaptabitur
1409 2295 1523 2354 anteitis,
1531 2308 1627 2355 eamque
1635 2308 1683 2346 esse

454 2370 478 2418 ρι
493 2370 527 2404 ια.
851 2394 854 2400 .
1254 2371 1391 2427 peractam.

136 2510 149 2536 *
164 2508 200 2569 ‘ll
215 2507 242 2568 δὲ
257 2495 301 2567 διδ
313 2506 345 2566 τδ
356 2510 452 2586 ἀγαθὸν
463 2505 565 2587 φιλίαὴ
580 2511 631 2567 τῶν
647 2509 750 2583 ἀγαθῶν
761 2503 807 2566 καί
822 2509 882 2566 κατ’
962 2511 1024 2568 01110
1037 2523 1097 2568 iero
1114 2509 1171 2562 boni
1189 2524 1265 2562 eausa
1280 2511 1445 2572 contrahitur,
1458 2511 1612 2564 sibonorum
1626 2513 1716 2563 estvi-

97 2597 195 2678 αἰρετὴν
209 2596 328 2670 ὁμοίωνι
342 2594 430 2654 τελεία
446 2593 502 2653 ἐστί
517 2593 561 2653 καὶ
574 2598 633 2653 καθ’
649 2595 725 2657 αύτύ.
740 2595 883 2655 Βούλονται
929 2611 1014 2648 rorum
1026 2602 1052 2650 et
1062 2600 1157 2650 virtute
1171 2599 1304 2660 similium,
1321 2615 1366 2666 per
1379 2615 1405 2652 se
1419 2605 1457 2652 est
1468 2604 1494 2652 st
1511 2600 1621 2666 perlecta
1630 2601 1717 2654 amici·

96 2687 146 2768 γδρ
161 2684 284 2758 ἀλλήλοις
296 2676 367 2744 οὗτοι
380 2684 414 2745 ria
428 2684 529 2762 ἀγαθοί,
548 2684 588 2743 ὅτι
600 2684 674 2744 αὐτοί
687 2685 782 2764 ἀγαθοί
798 2687 879 2759 εἰσιν,
929 2688 972 2738 tia.
983 2689 1016 2738 Hi
1025 2689 1092 2740 subn
1103 2689 1151 2740 sibi
1165 2693 1254 2740 mutuo
1268 2691 1332 2741 bona
1341 2693 1437 2756 optant,
1451 2691 1511 2756 quia
1520 2691 1568 2756 ipsi
1577 2693 1636 2742 suot
1648 2691 1719 2753 boni,

95 2778 125 2836 ού
144 2778 176 2834 δι’
196 2775 280 2854 ἄλλο,
295 2774 365 2834 ἀλλὰ
379 2776 437 2833 καθ’
455 2772 574 2842 ἑαυτούς·
589 2777 613 2834 oi
635 2773 663 2834 δὲ
679 2775 833 2854 βουλόμενοι
848 2775 881 2834 τὰ
929 2781 955 2828 et
963 2776 1022 2828 boni
1034 2777 1136 2843 quidem
1151 2792 1298 2844 perse,non
1311 2781 1343 2830 ob
1355 2779 1424 2830 aliud
1437 2797 1443 2829 ι
1456 2780 1571 2846 quivero
1584 2780 1718 2830 bonumi-

95 2863 182 2942 ἀγαίίδι
196 2868 249 2933 τοῖς
263 2864 347 2944 φίλοις
356 2865 406 2943 οὐχ
419 2865 517 2922 ίαυτῶν
533 2862 626 2936 ἕνεκα,
639 2862 709 2922 ἀλλὰ
724 2865 882 2947 τῶνφίλων,
928 2866 978 2926 cis,
994 2880 1043 2916 11011
1060 2867 1282 2932 1111101111110111111
1294 2882 1370 2918 musa
1380 2872 1480 2934 optabi,
1499 2869 1526 2920 hi
1540 2870 1649 2922 maxime
1658 2873 1717 2920 sunl

94 2944 168 3011 οῦτοί
182 2956 246 3012 εἶσιν
263 2955 287 3010 οἱ
312 2952 429 3029 μάλιστα
445 2949 524 3030 φίλοι·
540 2951 573 3008 δι’
586 2951 678 3019 αύτούς
692 2950 743 3030 γδιρ
760 2951 820 3020 τούς
834 2951 880 3033 φί-
929 2955 1016 3005 amici:
1029 2955 1167 3006 urbicorum
1176 2956 1243 3007 enim
1252 2970 1328 3008 causa
1339 2957 1432 3008 arnioos
1442 2957 1549 3022 diligunt
1562 2957 1643 3022 iisque
1652 2958 1716 3009 bona

92 3044 154 3108 λους
171 3045 289 3121 φιλοῦσι,
301 3040 346 3100 καί
363 3039 501 3120 βούλονται
521 3042 608 3108 αὐτοῖς
622 3043 656 3100 τδι
671 3036 772 3119 ἀγαθαί,
795 3039 841 3100 καί
853 3043 882 3102 ού
929 3046 1069 3108 precantur,
1081 3059 1129 3094 oon
1146 3045 1179 3096 ob
1195 3045 1264 3095 aliud
1279 3049 1304 3096 et
1316 3059 1361 3112 per
1372 3045 1486 3098 accidens
1501 3065 1508 3095 z
1524 3047 1583 3096 talis
1594 3050 1677 3097 autem
1692 3049 1717 3096 et

94 3131 128 3190 δι’
145 3129 210 3189 ἄλλο
224 3130 348 3190 καὶκατὰ
360 3127 538 3206 συμύεύηκύς·
556 3127 691 3202 ἡτοιαύτη
708 3127 734 3188 δὲ
746 3128 820 3212 φιλία
835 3128 881 3190 καὶ
929 3133 1000 3184 firma
1011 3138 1038 3184 et
1048 3133 1145 3184 stabilis
1162 3138 1201 3185 cst
1215 3133 1325 3186 amicitia
1341 3155 1347 3186 ε
1365 3135 1458 3200 quippe
1471 3138 1563 3194 manet,
1583 3135 1645 3186 (lum
1657 3135 1717 3186 boni

96 3217 192 3300 βεύαία
204 3218 261 3280 ἐστί
280 3218 326 3278 καί
345 3216 464 3296 μόνιμος·
486 3215 605 3294 διαμένει
624 3217 676 3300 γδρ
690 3217 739 3286 ἕως
759 3217 791 3277 δν
810 3219 879 3298 σίγα-
929 3225 1048 3291 probique
1062 3229 1121 3276 sunt
1135 3226 1222 3290 amici,
1237 3229 1263 3278 ct
1279 3226 1341 3280 dum
1353 3227 1424 3278 bonis
1438 3227 1715 3278 bominibusdelectan-

93 3308 134 3367 cot
148 3297 213 3368 ὦσιν
227 3310 251 3367 oi
264 3305 335 3389 φίλοι
348 3305 394 3366 καί
412 3305 567 3380 σπουδαῖοι,
588 3305 633 3365 καί
649 3307 757 3384 ἀγαθοῖς
777 3307 881 3388 χαίρω·
929 3317 972 3366 tur
985 3331 990 3366 :
1003 3315 1099 3366 stabilis
1112 3315 1178 3366 enim
1192 3315 1274 3368 virtus
1287 3335 1294 3366 ι
1309 3319 1398 3382 estque
1411 3320 1518 3382 uterque
1532 3330 1618 3368 eorum
1635 3319 1661 3368 et
1672 3330 1717 3381 per

93 3416 148 3457 σιν·
173 3397 255 3478 ’ἡγὰρ
271 3395 353 3478 ἀρετὴ
376 3394 486 3474 μόνιμόν
511 3397 578 3455 ἐστι·
601 3394 648 3456 καί
667 3395 738 3455 ἔστιν
762 3396 883 3476 ἑκάτερος
930 3419 958 3457 se
966 3405 1111 3470 simpliciter
1123 3405 1288 3470 absolutoque
1305 3404 1398 3467 bonus,
1414 3409 1440 3456 et
1459 3405 1626 3458 amicotalis:
1643 3406 1716 3456 nimi-

93 3488 182 3546 αύτῦιν
197 3486 242 3545 καί
263 3487 325 3545 καθ’
338 3484 432 3544 ἑαυτὸν
456 3483 547 3551 ἁπλῶς
570 3483 684 3558 ἀγαθός,
702 3483 747 3544 καὶ
762 3487 800 3566 τῷ
815 3485 884 3567 φίλῳ
931 3507 987 3546 rum
1001 3493 1058 3546 boni
1071 3499 1097 3546 et
1109 3509 1153 3560 per
1162 3495 1257 3548 seboui
1268 3497 1328 3546 sunt
1338 3498 1364 3546 et
1375 3494 1483 3547 inuicem
1492 3495 1560 3548 boni.
1573 3495 1729 3560 Eodemquet

94 3573 202 3655 ἀγαθός·
212 3577 235 3633 oi
246 3573 296 3654 γδρ
310 3572 403 3650 ἀγαθοί
415 3570 461 3632 καί
471 3571 530 3632 καθ’
544 3573 651 3640 ἑαυτοὺς
665 3571 759 3653 ἀγαθοί
774 3577 827 3634 εἶσι
838 3573 883 3634 καὶ
929 3583 1003 3634 modo
1023 3584 1098 3636 utiles
1110 3599 1212 3650 quoquo
1225 3587 1284 3636 sunt
1301 3587 1327 3634 et
1337 3584 1442 3649 jucundi
1458 3603 1465 3634 :
1482 3585 1527 3650 qui
1538 3585 1604 3636 euim
1621 3584 1717 3649 simpli·

94 3665 231 3738 ἀλλήλοις.
250 3661 368 3738 Ὁμοίως
380 3659 408 3721 δὲ
425 3661 471 3722 καὶ
488 3661 617 3743 ὠφελιμοί
640 3663 691 3724 εἰσι
705 3663 751 3724 καί
764 3663 843 3733 ἡδεῖς·
858 3665 882 3720 oi
930 3673 991 3724 citer
1005 3677 1030 3724 et
1041 3687 1086 3739 per
1098 3673 1189 3724 seboni
1201 3677 1274 3733 sunt,
1285 3675 1361 3724 etiam
1372 3673 1420 3724 sibi
1429 3677 1518 3724 mutuo
1526 3673 1632 3738 jucundi
1645 3677 1713 3726 eunt.

94 3754 146 3832 γύιρ
170 3756 229 3814 καθ’
255 3751 363 3820 ἑαυτοὺς
388 3750 435 3812 καί
449 3751 542 3820 ἁπλῶς
565 3753 659 3830 ἀγαθοὶ
685 3750 731 3812 καί
759 3753 884 3822 ἀλλήλοις
928 3762 1177 3828 llempesuaecuiqmt
1185 3764 1294 3815 arbones
1302 3763 1516 3828 placentiamque
1526 3763 1601 3812 etiam
1611 3763 1716 3812 allorum

94 3845 166 3914 ἡδεῖς
183 3845 257 3904 εἰσιν.
272 3841 408 3909 Ἕκαστος
419 3841 471 3921 γδιρ
482 3840 571 3922 χαίρει
584 3848 642 3908 ταῖς
653 3842 748 3900 ἑαυτοῦ
762 3839 883 3920 πράξεσι,
929 3849 1069 3902 actionibus
1079 3850 1226 3908 delectatur,
1242 3867 1322 3917 quum
1335 3855 1380 3902 aut
1398 3851 1491 3902 similes
1508 3855 1567 3901 sunt
1578 3851 1717 3902 actionibus

91 3933 141 3992 καὶ
153 3931 197 3992 διδ
211 3938 289 3992 τοῦτο
300 3931 393 4005 ἥδεται
403 3933 449 3989 καῖ
464 3933 522 3998 ταῖς
529 3934 580 3990 σῦν
595 3930 701 4004 ἄλλων,
715 3928 778 3988 ὅταν
794 3928 883 4007 ύμοιαι
930 3939 983 3990 suis
992 3942 1036 3988 aut
1048 3939 1160 3992 eodem:
1183 3941 1304 3991 bonorum
1323 3953 1382 3989 vero
1400 3938 1585 4004 proborumque
1603 3937 1715 3990 uirorum

94 4011 146 4080 ὦσι
159 4025 215 4088 ταῖς
230 4023 311 4080 αὐτοῦ
324 4019 468 4098 πράξεσιν,
483 4019 501 4092 ἡ
519 4021 546 4079 αἱ
561 4019 647 4080 αὐταί·
663 4021 691 4078 αἱ
704 4017 732 4078 ii
743 4021 796 4078 τῶν
808 4041 884 4080 σπου·
930 4026 1024 4078 eaedem
1037 4031 1081 4077 aut
1091 4027 1184 4078 similes
1194 4031 1253 4078 suut
1264 4027 1375 4078 actiones
1389 4045 1395 4076 ι
1410 4027 1476 4078 unde
1492 4029 1608 4092 apparet,
1625 4027 1717 4092 probos

76 4108 175 4170 ·δαίων
191 4109 362 4190 samaiim
379 4106 486 4190 πράξεις
506 4110 533 4168 αἱ
552 4108 630 4168 αὐταί
643 4107 688 4178 καί
699 4105 790 4184 ὅμοιαί
807 4109 880 4168 εἰσιν·
929 4113 1193 4166 ιίιυοοίοίίιίοίίιιιει
1203 4113 1358 4178 sojucundos
1367 4127 1430 4168 esso.
1442 4114 1609 4174 Quamobrem
1620 4113 1718 4166 stabilis

94 4201 165 4260 ὥστε
188 4200 297 4283 φανερόν
306 4245 315 4274 ,
333 4197 374 4259 ὅτι
392 4200 417 4258 oi
433 4198 571 4260 σπουδαῖοι
592 4199 664 4269 ἡδεῖς
686 4200 738 4258 εἶσι
757 4197 803 4258 καὶ
818 4199 882 4258 iau·
929 4203 1072 4268 huiusmodi
1086 4203 1195 4254 amicitie
1213 4207 1260 4254 est.
1274 4205 1337 4262 Quae
1356 4203 1422 4256 enim
1439 4203 1597 4268 peculiariter
1613 4202 1716 4268 reliquo

93 4298 149 4356 τοῖς
163 4291 208 4348 καί
223 4289 353 4362 ἀλλήλοις,
367 4284 423 4348 'att
443 4293 521 4348 τοῦτο
544 4293 562 4362 ἡ
585 4285 695 4362 τοιαύτη
717 4283 792 4369 φιλία
806 4284 883 4364 μύνι-
930 4292 1046 4346 amicitia
1061 4292 1168 4352 babent,
1182 4293 1324 4358 quibusque
1338 4293 1447 4358 indigent
1461 4293 1547 4354 maloi,
1564 4291 1717 4343 haecomnia

95 4377 144 4457 μύς
161 4380 240 4436 ἐστιν.
264 4376 296 4438 Ἃ
321 4377 374 4459 qap
396 4377 451 4460 ἰδία
470 4379 498 4437 ui
514 4377 593 4438 ἄλλοι
607 4377 698 4456 ἔχουσι
721 4373 821 4456 φιλίαι,
837 4373 882 4434 καὶ
929 4383 981 4434 sola
993 4381 1047 4432 baee
1060 4381 1169 4432 amicitia
1181 4382 1207 4432 in
1227 4396 1253 4433 so
1265 4381 1375 4434 continet
1392 4395 1399 4428 ι
1417 4396 1474 4432 nam
1492 4385 1518 4432 et
1528 4380 1621 4432 bonum
1634 4383 1661 4430 et
1674 4381 1717 4443 jn·

95 4459 133 4528 civ
146 4470 207 4540 Ιἐστι
220 4465 298 4547 χρεία
312 4471 366 4536 τοῖς
380 4468 483 4548 φίλοις,
500 4472 586 4526 ταῦτα
601 4466 688 4526 πάντα
702 4465 770 4542 μόνη
784 4461 882 4537 αύτηὴ
931 4471 1039 4522 cundum
1061 4471 1137 4523 babet
1157 4476 1184 4523 et
1196 4471 1259 4524 utile
1281 4471 1364 4524 :bono
1376 4470 1468 4536 quippe
1486 4473 1511 4520 et
1519 4467 1660 4534 jucundum
1671 4467 1716 4518 al-

96 4555 173 4636 φιλία
199 4555 355 4637 συνείληφεν
379 4557 406 4616 ἐν
427 4559 517 4637 ἑαυτῇ·
533 4555 580 4616 καί
600 4553 652 4635 γδιρ
674 4553 720 4614 καί
740 4552 771 4612 τδ
786 4551 883 4632 αἰγαθδν
927 4561 1043 4625 junctum
1056 4574 1110 4612 csse
1132 4563 1238 4625 patetet
1256 4560 1336 4612 utile:
1359 4547 1447 4624 estque
1464 4555 1608 4622 hujusmodi
1623 4555 1716 4608 bouum

96 4644 166 4726 ἔχει,
186 4645 232 4704 καί
250 4645 281 4705 τὸ
294 4645 362 4720 ἡδύ,
382 4644 474 4705 καὶτὸ
494 4645 637 4727 χρήσιμον·
654 4647 693 4726 τῷ
719 4643 770 4722 γὰρ
790 4645 880 4722 οἰγαθῷ
929 4664 978 4702 non
992 4663 1036 4713 per
1048 4651 1182 4702 setantum
1197 4647 1297 4708 bonum.
1310 4647 1440 4700 sedetiam
1454 4645 1531 4711 siqui
1546 4647 1615 4696 amat
1631 4643 1717 4696 :simi-

95 4733 141 4793 καί
155 4731 186 4792 τδ
199 4733 249 4806 ἡδύ
260 4732 354 4794 ίπεται
369 4732 415 4794 καί
431 4733 461 4793 τδ
472 4735 616 4816 ὠφέλιμον·
630 4733 676 4794 καί
687 4733 743 4792 ἔστι
757 4730 788 4791 τὸ
799 4738 883 4792 τοιοῦ-
930 4739 1038 4805 litcrquo
1052 4742 1077 4790 et
1096 4736 1237 4804 jucundum
1247 4741 1274 4790 et
1292 4739 1354 4790 utile
1374 4751 1423 4787 non
1437 4749 1481 4800 per
1496 4749 1523 4786 se
1544 4736 1656 4794 mutum,
1672 4731 1716 4784 sed

94 4847 139 4882 τον
155 4823 253 4900 ἀγαθὸν
263 4827 293 4884 ού
308 4827 369 4884 καθ’
384 4823 463 4884 lucri
481 4824 559 4901 μόνον
574 4825 687 4903 apetie,
702 4822 770 4882 atla
785 4821 883 4901 καὶτῷ
929 4829 1005 4881 etiam
1016 4829 1039 4878 ei
1054 4827 1100 4893 qui
1118 4829 1186 4878 amat
1202 4827 1265 4879 :sed
1279 4831 1305 4879 et
1327 4827 1483 4892 voluptatem
1497 4821 1637 4876 similitudo
1656 4821 1716 4874 tuli-

95 4914 223 4994 φιλοῦντι·
237 4913 285 4973 καί
294 4914 345 4986 ἡδὶν
359 4913 406 4974 καί
419 4913 553 4994 ιὐρίλιμον
565 4912 676 4992 ὁμοίως,
689 4913 719 4972 ού
730 4915 788 4972 καθ’
805 4909 883 4972 ίαυτὸ
929 4919 977 4970 bus
992 4917 1080 4968 amicis
1097 4915 1188 4980 aiiort3
1208 4920 1234 4968 et
1242 4917 1297 4970 baee
1306 4917 1415 4968 amicitia
1426 4915 1564 4980 plurimum
1577 4915 1632 4964 tum
1644 4911 1716 4964 volu·

96 5001 191 5079 μόνον,
206 5003 276 5064 atil
285 5003 331 5064 καί
344 5006 383 5084 τῷ
399 5004 524 5084 φιλοῦντι·
542 5003 587 5062 καί
602 5006 619 5074 ἡ
634 5001 757 5081 ὁμοιότης
771 4999 799 5062 ii
813 4999 883 5061 ποιεῖ
929 5007 1006 5072 piatis
1017 5009 1071 5060 tuna
1088 5005 1205 5060 utilitatis
1221 5005 1305 5060 babet.
1317 5009 1341 5058 A
1352 5008 1424 5070 cujas
1442 5001 1604 5056 similitudine
1613 5001 1716 5068 reliquas

131 5237 146 5266 ⁴
163 5236 222 5301 Gap.
239 5241 262 5288 3.
275 5237 360 5288 Τελεία
370 5237 391 5288 δ’
406 5236 473 5288 ἐστὶν
486 5237 561 5296 ἡτῶν
575 5235 672 5300 ἀγαθῶν
686 5233 752 5300 φιλία
760 5235 812 5284 κτλ.
