3938 5968
509 354 735 418 ETHIGORUM
755 348 1092 415 NICOMACHEORUM
1107 349 1391 414 britanniensis,
1697 355 1755 414 aba

139 496 193 556 τοῖς
207 489 313 567 ἀγαθοῖς
323 487 461 568 ὑπερέχει,
478 487 523 548 διά
535 493 613 549 τοῦτο
624 493 641 562 ἡ
652 487 726 570 φιλία
739 489 854 548 ἐνταῦθα
868 485 924 568 χύι-
972 495 1021 544 bus
1033 492 1104 544 bonis
1114 491 1253 554 antecellit,
1267 492 1361 543 idcirco
1378 493 1462 544 locum
1477 493 1512 544 ibi
1526 494 1634 544 amicitia
1647 508 1696 544 non
1713 495 1758 547 ba·

141 599 189 655 ραν
204 585 214 612 ⁸
227 577 275 636 ούκ
290 575 355 656 ἔχει·
379 577 457 649 δῆλον
480 577 507 636 δὲ
524 577 570 638 καί
592 577 636 638 ἐπὶ
655 581 708 638 τῶν
733 575 876 658 βασιλέων·
896 577 925 636 ού
970 583 1013 636 bct
1026 596 1033 631 ι
1048 581 1207 647 perspicuum
1221 581 1287 632 idem
1297 583 1372 634 etiam
1384 583 1410 633 iu
1424 582 1524 648 regibus
1533 587 1573 634 est
1587 599 1593 634 ι
1609 598 1667 635 nam
1678 599 1759 649 neque

141 663 193 743 γὰρ
212 663 271 722 οὐδὲ
288 665 389 731 τούτοις
410 665 524 734 ἀξιοῦσιν
541 690 607 726 ενσι
621 665 729 750 φίλοισί
750 665 819 726 πσλὺ
838 689 925 726 κατα·
973 671 1006 722 ad
1031 671 1122 722 horum
1151 671 1288 722 amicitiam
1310 673 1420 738 aspirare
1442 676 1564 725 conantur
1579 674 1597 724 ii
1611 675 1656 740 qui
1679 675 1759 725 multo

142 751 283 833 δεέστεροι·
297 754 355 813 οὑδὲ
371 757 423 821 τοῖς
438 753 551 834 ἀρίστοις
570 753 588 828 ἢ
608 754 768 837 σοφωτάτοις
779 756 803 814 ci
816 753 926 832 μηδενός
970 765 1030 812 sunt
1043 760 1187 820 interiores,
1205 775 1286 827 neque
1298 764 1559 826 praestantissimorum
1571 767 1616 814 aut
1628 764 1759 829 sapientis-

141 842 217 911 ἄξιοι.
230 846 266 905 Οἱ
279 833 383 921 μὲνούν
400 843 501 925 σφόδρα
523 845 688 927 διαφέροντες
703 847 733 904 ού
748 843 873 904 δύνανται
888 832 927 902 εἶ·
971 850 1091 900 simorum
1118 849 1230 900 virorum
1263 850 1397 902 amicitiam
1420 855 1541 917 expetunt
1565 852 1659 904 nultius
1684 853 1759 918 pretii

141 953 185 990 ναι
199 929 280 1012 φίλιοι·
292 934 319 990 ἀν
333 931 361 991 δέ
376 932 471 1015 μετρίφ
490 937 609 1018 ὑπεροχῇ
627 934 745 996 δυνατόν.

184 1017 197 1044 *
207 1018 256 1080 Ἐν
270 1019 339 1101 πόσῃ
353 1018 380 1082 δέ
393 1023 546 1103 ὡρισμένως
560 1025 659 1100 εἰπεῖν,
671 1025 716 1084 καὶ
730 1022 827 1102 ἀκριόῆ
839 1023 928 1082 δούνοιι

142 1105 218 1186 λόγον
239 1109 411 1170 brixinensi
433 1101 484 1194 γάρ
501 1114 607 1172 πολλῶν
633 1111 832 1195 ἀφαιρουμένων
854 1109 928 1189 παρά

142 1197 252 1280 θατέρου
266 1202 304 1280 τῷ
319 1200 421 1282 φίλων,
439 1201 508 1261 ὥστε
522 1201 629 1283 θάτερον
641 1201 796 1283 ὑπερέχειν,
813 1199 928 1279 συμύοιέ-

142 1309 180 1346 νει
195 1287 242 1364 μὲν
260 1287 307 1362 τὴν
319 1289 408 1371 φιλίαν
425 1289 465 1350 ἔτι
481 1291 585 1370 μένειν,
609 1291 750 1370 ουμόαίνει
765 1289 793 1350 bt
807 1289 926 1360 brisebare,

144 1374 207 1434 ὅταν
222 1375 289 1438 πολὺ
303 1379 411 1458 γένηται
430 1378 571 1458 μεταξύτὸ
586 1379 738 1461 διάστημα,
753 1383 871 1461 καθάπερ
886 1379 926 1458 ἐφ’

142 1466 421 1541 ἡώωώω.

184 1553 274 1616 “Asis
288 1564 363 1618 τοῦτο
376 1558 422 1617 καί
438 1560 588 1640 ἀπορεῖται,
607 1559 712 1638 μήποτε
723 1559 732 1596 ¹
745 1563 774 1620 ού
790 1558 928 1638 βούλονται

144 1648 169 1704 oi
183 1643 254 1726 φίλοι
270 1655 322 1716 τοῖς
345 1646 428 1729 φίλοις
443 1647 477 1706 τδι
503 1648 616 1728 μέγιστα
629 1655 681 1710 τῶν
704 1654 819 1730 ἀγαθῶν·
839 1651 862 1708 εί
876 1647 928 1727 γάρ

146 1734 299 1813 βούλονται,
332 1737 498 1806 συνεύξονται
518 1741 605 1807 αὐτοῖς
628 1739 674 1799 καὶ
697 1743 764 1806 θεοῖς
791 1736 923 1820 γενέσθαι·

144 1832 221 1886 τοῦτο
235 1827 263 1886 δέ
274 1827 348 1887 λύσει
360 1827 407 1899 τὴν
421 1827 520 1911 φιλίαν·
545 1828 614 1889 ὥστε
635 1831 658 1888 εἰ
681 1828 818 1911 βούλονται
839 1829 928 1894 αὑτοῖς

144 1913 178 1972 sir
193 1913 307 1994 μέγιστα
322 1921 374 1978 τῶν
390 1919 512 1997 ἀγαθῶν,
537 1917 678 1999 βούλονται
703 1917 740 1994 μὴ
757 1909 826 1978 εἶναι
842 1921 928 1987 αὑτοῖς

146 2003 244 2084 φίλους·
256 2012 334 2066 τοῦτο
352 2007 380 2066 δέ
399 2006 516 2067 ἐναντίον
540 2009 596 2068 ἐστί
611 2011 649 2090 τῷ
665 2008 736 2090 λόγῳ
757 2013 805 2081 τῆς
819 2009 926 2089 φιλίας,

146 2092 185 2152 ἔτι
200 2094 242 2167 δέ,
258 2095 316 2156 ebat
340 2097 430 2164 αὑτοῖς
448 2094 553 2156 ἔσονται
574 2097 684 2178 ἀγαθοί,
703 2098 740 2175 μὴ
760 2097 832 2164 ὄντες
847 2096 926 2180 φίλοι·

145 2185 192 2242 ούκ
207 2181 260 2264 ἀρα
284 2183 450 2254 συναύξονται
472 2188 559 2254 αὑτοῖς
573 2185 607 2245 τά
627 2191 738 2246 τοιαῦτα
753 2187 847 2264 ἀγαθά.
863 2185 929 2260 Ῥη-

144 2277 202 2330 cion
223 2271 250 2332 δὲ
265 2273 331 2354 πρὸς
346 2280 438 2348 τοῦτο,
458 2273 498 2334 ότι
515 2277 529 2334 ὑ
546 2273 618 2356 φίλος
635 2279 673 2356 τῷ
688 2276 757 2358 φίλῳ
773 2276 929 2358 συνεύχεται

144 2361 177 2422 nir
194 2364 301 2442 ἀγαθέ,
317 2363 414 2424 ἐκείνου
432 2363 520 2424 ἕνεκα·
533 2366 557 2424 εί
571 2364 599 2424 δὲ
611 2365 710 2425 ἐκείνου
724 2365 820 2438 ἕνεκα,
833 2369 873 2426 δεῖ
886 2367 931 2425 τδν

144 2451 220 2531 φίλον
235 2452 336 2530 μένειν,
352 2452 396 2512 καί
412 2455 483 2533 αύτῷ
505 2452 641 2530 συμόῆναι
653 2454 686 2514 τά
702 2453 800 2534 ἀγαθοί·
819 2456 892 2532 μένοι
908 2456 930 2515 δ’

145 2540 192 2614 ἄν,
204 2542 226 2600 εί
246 2541 381 2620 ἅνθρωπος
404 2540 462 2619 εἴη,
478 2541 576 2620 καὶμὴ
593 2542 649 2610 θεὸς
667 2543 769 2639 γένοιτο
788 2542 815 2612 ἐξ
830 2544 930 2626 ἀνθρώ·

971 939 1091 990 homines.
1105 939 1154 1000 Qui
1163 953 1221 1004 ergo
1232 940 1341 990 multum
1354 941 1419 991 inter
1432 955 1458 990 se
1466 940 1603 1001 dillerunt,
1619 941 1693 993 amici
1706 953 1760 992 esso

972 1043 1021 1079 non
1035 1031 1153 1094 possunt:
1166 1028 1192 1078 in
1201 1028 1318 1080 mediocri
1336 1033 1418 1080 tamen
1438 1030 1585 1082 excellentle
1597 1031 1714 1083 amicitie
1727 1032 1761 1082 lo·

972 1131 1017 1168 cns
1026 1121 1072 1170 cst.
1086 1123 1114 1170 ln
1126 1121 1219 1184 quamn
1230 1132 1290 1168 vero
1299 1119 1444 1170 excellentia
1461 1120 1580 1170 amicitias
1590 1121 1659 1170 locus
1673 1121 1720 1178 sit,
1735 1119 1761 1170 id

972 1205 1073 1258 desinite
1084 1207 1166 1258 dicere
1179 1210 1204 1258 et
1222 1211 1365 1258 accuratam
1378 1209 1499 1258 rationem
1513 1208 1618 1260 reddere
1630 1223 1703 1259 nomo
1717 1223 1763 1274 po-

974 1299 1022 1345 test
1038 1316 1044 1346 :
1058 1310 1116 1346 nam
1137 1297 1158 1347 si
1175 1297 1255 1348 multa
1268 1298 1339 1352 alteri
1360 1299 1497 1348 amicorum
1516 1298 1661 1363 eripiantur.
1678 1299 1713 1348 ita
1733 1301 1762 1349 ut

974 1385 1164 1446 excellntalter,
1176 1390 1274 1437 constat
1290 1387 1451 1438 nihilominus
1466 1387 1549 1438 adhuc
1560 1387 1695 1438 amicitiam
1708 1399 1763 1438 ma·

975 1488 1048 1532 nere,
1068 1473 1172 1524 dissolvi
1185 1479 1269 1526 autem
1290 1491 1370 1541 quum
1383 1477 1456 1526 nirnis
1469 1491 1587 1539 magnum
1604 1476 1712 1542 spatium
1724 1477 1764 1526 in·

974 1564 1107 1628 terjectum
1119 1567 1170 1624 est,
1185 1565 1256 1616 velut
1267 1566 1332 1616 inter
1345 1581 1390 1616 nus
1402 1570 1428 1616 et
1442 1566 1524 1620 deum.
1625 1561 1626 1564 ’

1006 1657 1160 1719 Quapropter
1175 1655 1251 1705 etiam
1270 1656 1349 1721 quaeri
1364 1656 1438 1712 solet.
1451 1658 1601 1719 exoptentne
1612 1655 1684 1705 amici
1700 1655 1765 1706 ami-

974 1743 1011 1793 cis
1023 1743 1131 1793 maxima
1140 1743 1217 1804 bona;
1229 1759 1286 1794 nam
1298 1745 1319 1796 si
1331 1758 1359 1795 ex
1370 1745 1452 1795 animo
1461 1744 1523 1794 bene
1535 1745 1571 1794 eis
1582 1743 1679 1804 volunt,
1688 1745 1764 1795 etiarn

975 1836 1005 1882 ut
1018 1831 1054 1883 dii
1066 1833 1129 1883 deut
1142 1833 1284 1897 optabunt:
1299 1835 1346 1884 hoc
1360 1837 1444 1884 autem
1466 1833 1602 1884 amicitiam
1619 1832 1757 1884 dissolvet:

975 1921 1061 1986 itaque
1079 1922 1099 1972 si
1114 1923 1222 1974 maxima
1238 1923 1287 1973 illis
1308 1923 1372 1974 bona
1391 1927 1523 1988 exoptant,
1550 1923 1638 1973 nolunt
1653 1937 1696 1972 eos
1710 1937 1765 1973 arn·

976 2009 1041 2076 plius
1057 2009 1105 2060 sibi
1119 2023 1173 2060 esse
1185 2009 1279 2060 amicos
1297 2028 1304 2059 ι
1321 2011 1369 2060 hoc
1385 2024 1445 2060 nero
1457 2024 1515 2060 cunr
1536 2010 1654 2062 amicitiae
1671 2013 1768 2062 ratione

976 2101 1085 2164 pugnat,
1099 2097 1143 2148 sed
1158 2113 1188 2150 ne
1204 2098 1261 2149 boni
1272 2099 1374 2164 quidem
1385 2099 1434 2149 illis
1445 2099 1496 2164 jam
1509 2103 1594 2158 eruut,
1612 2099 1691 2150 sinon
1707 2103 1765 2150 sunt

976 2187 1049 2238 amici
1067 2205 1073 2237 ι
1086 2201 1164 2252 quare
1179 2189 1238 2240 talia
1250 2189 1314 2239 bona
1327 2189 1359 2239 iis
1372 2203 1421 2239 non
1439 2189 1570 2254 optabunt.
1587 2189 1624 2239 td
1642 2189 1710 2255 qnod
1725 2205 1766 2240 re·

976 2274 1146 2342 spondendum
1159 2279 1211 2336 est,
1224 2291 1270 2328 suo
1286 2291 1411 2343 quemque
1422 2277 1502 2327 amico
1514 2281 1600 2342 optare
1611 2277 1683 2336 bona,
1698 2278 1767 2328 illius

977 2381 1053 2418 causa
1065 2385 1072 2418 ι
1086 2366 1176 2432 quodsi
1191 2366 1258 2417 illius
1271 2381 1353 2426 causa,
1368 2381 1468 2416 manere
1485 2369 1583 2430 oportet
1597 2365 1718 2424 amicum,
1736 2369 1765 2416 ut

976 2457 1040 2509 bona
1053 2458 1090 2509 illi
1105 2456 1204 2508 evenire
1213 2455 1308 2521 possint
1324 2470 1331 2504 ι
1348 2455 1459 2506 manebit
1471 2457 1570 2514 autem,
1592 2454 1613 2504 si
1626 2454 1701 2504 homo
1713 2454 1761 2514 sit,

977 2561 1057 2613 neque
1070 2546 1134 2598 deus
1145 2545 1190 2595 liat
1201 2557 1233 2594 ex
1250 2543 1350 2594 homine
1370 2562 1376 2592 :
1397 2543 1491 2594 bomini
1507 2556 1567 2592 vero
1585 2542 1695 2592 maxima
1712 2543 1766 2606 qui·

144 2651 206 2690 που·
220 2627 389 2712 ἀνθρώπῳδὺ
409 2630 465 2689 όντι
482 2628 642 2710 βουλήσεται
658 2632 759 2713 ὑφίλος
771 2632 804 2692 τδι
818 2634 932 2714 μέγιστα
977 2637 1035 2689 dem
1052 2638 1116 2687 bona
1140 2633 1237 2684 amicus
1256 2634 1398 2698 contingere
1419 2633 1501 2692 volet,
1521 2632 1565 2682 sed
1589 2630 1694 2682 sortasse
1718 2647 1766 2682 non

144 2717 264 2796 γενέσθαι
291 2718 393 2796 ἀγαθοί,
418 2717 482 2788 ἴσως
505 2719 531 2778 δὲ
562 2722 591 2779 ού
621 2720 726 2794 πάντα,
760 2724 879 2804 καθάπερ
908 2727 932 2784 οἱ
977 2725 1073 2782 omnia,
1091 2721 1303 2789 quemadmodum
1317 2722 1429 2788 plerique
1445 2719 1518 2773 amici
1531 2735 1538 2770 ι
1551 2719 1673 2772 sibienim
1683 2721 1766 2771 maxi·

146 2807 252 2876 πλείους
265 2811 317 2868 τῶν
335 2809 418 2890 φιλων
438 2809 552 2889 ἔχουσιν·
574 2811 646 2892 αὐτῷ
660 2809 712 2892 γάρ
732 2811 850 2889 μάλιστα
871 2813 933 2874 taa-
978 2826 1018 2864 me
1032 2813 1088 2865 vuli
1100 2811 1209 2878 (luitque
1223 2810 1288 2862 b⁰¹11t
1301 2809 1408 2862 sttuite·

146 2919 206 2964 στος
222 2896 346 2976 βούλεται
365 2897 399 2956 τά
414 2897 511 2978 ἀγαθοί.

185 2986 314 3068 (Scripsi
329 3010 335 3047 :
348 2993 359 3023 ⁸
372 2987 501 3070 γίνηται]
515 2989 703 3070 compilasset.
719 2995 780 3038 -i
795 2993 930 3074 σώζηται]

147 3076 212 3138 cod.
231 3077 352 3146 σώζεται.
375 3087 436 3125 -1
459 3076 508 3138 ιιδν
530 3080 631 3161 σφόδρα
643 3083 683 3159 τῷ
705 3085 781 3160 ποσῷ
804 3083 930 3166 διαφέρῃ]

146 3167 211 3228 cod.
221 3165 271 3248 κᾷν
285 3166 385 3247 σφόδρα
399 3169 438 3247 τῷ
452 3190 529 3250 ποσεγι
544 3169 671 3250 διαφέρει.
687 3205 727 3214 -
741 3174 753 3210 ‘¹
766 3171 929 3253 διαφέρωσι]

147 3255 211 3316 cod.
225 3256 393 3335 διαφέρωσιν.
406 3289 446 3300 -
459 3273 470 3301 ⁶
484 3255 597 3340 χώραν]
612 3259 679 3320 cod.
693 3259 792 3341 χώραν.
808 3295 848 3306 -
858 3261 867 3297 ¹
879 3261 931 3339 μή·

148 3346 233 3422 ποτε]
249 3346 316 3402 cod.
331 3343 369 3422 μή
383 3366 459 3410 ποτε.
471 3345 528 3428 -)

481 3512 550 3592 Κεφ.
574 3507 603 3572 ι’.
1325 3511 1385 3576 Cap.
1403 3513 1433 3561 x.

1049 3679 1117 3736 lingis
1130 3681 1154 3724 tn
1166 3691 1201 3734 co,
1214 3683 1239 3726 ut
1249 3685 1310 3726 amet
1320 3680 1378 3735 uuis.
1389 3691 1457 3734 qnam
1468 3680 1494 3724 ut
1503 3677 1601 3730 ametur,
1615 3675 1699 3722 versari

169 3679 226 3742 Περὶ
241 3681 283 3737 τῆς
294 3678 318 3727 ἓν
329 3681 364 3741 τῷ
378 3679 454 3742 φιλεῖν
470 3679 575 3742 μᾶλλον,
590 3681 605 3740 ἢ
623 3681 647 3730 ἐν
662 3683 696 3742 τῷ
707 3680 826 3742 φιλεῖσθαι
844 3679 918 3738 οὔσης
1305 3739 1426 3786 amicitiam

500 3743 586 3804 φιλίας.

188 3891 228 3918 “’
243 3893 278 3951 Oi
295 3891 388 3950 πολλοὶ
404 3890 430 3949 δὲ
446 3892 550 3950 δοκοῦσι
566 3888 609 3950 διά
621 3889 775 3970 φιλοτιμίαν
793 3888 934 3968 βούλεσθαι
1010 3895 1107 3959 Vulgus
1128 3900 1212 3946 antem
1226 3895 1327 3946 honoris
1347 3893 1432 3946 studio
1446 3891 1550 3944 ductum
1571 3893 1646 3944 malle
1667 3891 1767 3945 videtur

149 3982 250 4055 μᾶλλον
266 3977 443 4061 φιλεῖσθαι,ἢ
464 3981 561 4058 φιλεῖν·
579 3977 618 4036 διδ
638 3977 808 4058 φιλοκύλακες
830 3979 854 4037 oi
868 3986 934 4038 nol·
979 3983 1057 4034 amari
1084 3997 1161 4048 quarn
1187 3997 1271 4034 amare
1298 4003 1305 4034 ι
1332 3981 1437 4048 ideoque
1467 3983 1580 4049 plerique
1602 3985 1767 4034 assentatores

149 4069 210 4138 λοί,
232 4067 278 4127 καί
299 4067 409 4140 ἥδονται
432 4065 524 4136 κόλαξι
545 4064 678 4139 συνόντες,
700 4063 740 4125 ότι
763 4064 933 4147 ὑπερέχωσιν
979 4073 1064 4123 amant
1082 4086 1111 4122 ac
1125 4071 1230 4124 libenter
1250 4087 1307 4122 oum
1329 4071 1360 4122 iis
1379 4075 1518 4131 versantur,
1541 4073 1601 4138 (pria
1627 4073 1767 4138 superiores

150 4159 252 4233 αὐτῶν,
268 4153 414 4217 δοκούντων
429 4145 495 4214 εἶναι
517 4154 611 4236 φίλοιν·
629 4154 659 4214 τὸ
674 4151 702 4213 δέ
724 4152 863 4235 ὑπερέχειν
880 4159 933 4215 τῶν
978 4161 1028 4212 illis
1050 4161 1120 4220 sunt,
1136 4175 1216 4227 quum
1238 4164 1322 4212 tamen
1336 4161 1409 4212 amici
1433 4149 1566 4212 rideantur
1585 4180 1591 4212 ι
1614 4162 1766 4227 superiorem

119 4268 120 4272 ¹
149 4247 230 4326 φίλων
244 4247 297 4315 τοῖς
311 4245 457 4329 φιλοτίμοις
472 4243 531 4317 ἡδύ·
553 4246 598 4303 καί
613 4243 665 4324 γάρ
688 4245 712 4303 σί
727 4243 837 4312 κόλακες
850 4239 932 4325 προσ.
979 4265 1038 4301 rcro
1052 4264 1106 4302 esse
1120 4249 1221 4310 amicis,
1245 4249 1383 4302 ambitiosis
1397 4255 1497 4315 gratum
1517 4255 1556 4302 est
1577 4272 1584 4302 ι
1602 4266 1710 4319 namque
1724 4267 1766 4304 as-

149 4343 284 4396 ποιοῦνται
314 4335 402 4396 πάντα
428 4341 480 4396 τῶν
502 4333 631 4396 συνόντων
654 4338 800 4410 ἡττᾶσθαι,
821 4334 867 4394 καί
890 4334 933 4395 διδι
979 4343 1117 4391 sectatores
1130 4353 1157 4390 se
1172 4339 1198 4390 in
1217 4340 1284 4390 omni
1300 4354 1387 4405 genere
1401 4338 1565 4391 familiaribus
1586 4341 1674 4393 cedere
1693 4343 1767 4393 simu·

149 4429 227 4484 τοῦτο
248 4428 332 4506 φιλεῖν
348 4427 467 4503 μᾶλλον,
489 4423 507 4498 ἢ
533 4425 678 4506 φιλεῖσθαι·
698 4425 729 4484 τὸ
752 4422 781 4484 δὲ
800 4424 934 4506 φιλεῖσθαι
978 4429 1046 4489 lant,
1061 4433 1089 4480 'et
1104 4427 1196 4480 idcireo
1209 4443 1292 4480 amare
1313 4429 1403 4492 magis.
1420 4443 1496 4495 quam
1512 4429 1589 4480 amari
1605 4445 1611 4480 :
1627 4431 1704 4480 amari
1720 4446 1767 4480 au·

149 4511 226 4591 ἀγγὺς
251 4505 316 4574 εἶναι
339 4515 411 4575 δοκεῖ
434 4519 480 4575 τοῦ
511 4519 656 4593 τιμᾶσθαι,
678 4504 708 4573 οὑ
730 4513 762 4587 δὴ
788 4517 811 4574 οἱ
836 4516 934 4576 πολλοὶ
979 4523 1072 4571 temet
1089 4518 1181 4570 bonore
1202 4519 1299 4582 ornari,
1321 4519 1393 4584 crpus
1409 4517 1445 4569 rel
1466 4518 1674 4586 pleriquecupidi
1694 4524 1765 4581 sunt,

148 4601 272 4683 ἐφίενται.
980 4608 1085 4659 tinltima
1100 4620 1153 4658 esse
1168 4607 1293 4658 videntur.

188 4689 243 4722 ’Ψ
254 4689 293 4752 Τὸ
304 4689 331 4749 δὲ
342 4695 469 4769 τιμᾶσθαι
481 4692 511 4749 ού
522 4693 556 4751 δι’
572 4690 648 4752 έαυτὺ
658 4694 777 4766 ζητοῦσιν
790 4694 813 4752 oi
828 4695 934 4765 ζητοῦν-
1010 4701 1104 4747 Verum
1119 4698 1212 4748 honore
1225 4697 1307 4748 ornari
1317 4712 1365 4748 non
1379 4711 1423 4762 per
1436 4711 1462 4748 se
1474 4697 1578 4763 cupiunt
1594 4698 1707 4750 homines
1722 4701 1767 4765 qui

148 4801 201 4855 τες,
214 4779 282 4840 ἀλλά
295 4779 365 4837 κατὰ
381 4779 558 4857 συμόεόηκός·
573 4779 605 4839 δι’
618 4781 684 4840 ἀλλο
697 4781 748 4860 γὰρ
764 4781 836 4840 δοκεῖ
848 4781 934 4848 αὐτοῖς
980 4797 1035 4836 σιω
1047 4799 1101 4838 rem
1115 4789 1249 4851 expetunt,
1267 4785 1311 4837 sed
1331 4799 1374 4851 per
1387 4785 1501 4836 accidens
1525 4790 1623 4836 tantum
1645 4806 1652 4838 ι
1666 4791 1767 4858 propter

150 4867 247 4946 ἀγαθὸν
268 4867 378 4945 ἡτιμή·
391 4871 444 4936 τοῖς
460 4867 508 4944 μὲν
529 4870 636 4936 πολλοῖς
654 4869 705 4930 ὑπὸ
722 4872 774 4928 τῶν
790 4869 934 4951 ὑπερεχόν-
980 4875 1048 4926 aliud
1072 4877 1137 4926 enim
1153 4875 1247 4926 bonum
1267 4876 1318 4926 illis
1332 4875 1432 4926 ridetur
1453 4889 1507 4926 esse
1529 4877 1607 4926 honor
1627 4880 1675 4927 :et
1692 4878 1767 4942 vulgo

149 4979 200 5014 των
213 4956 388 5035 τιμωμένοις,
405 4955 449 5016 brt
469 4955 517 5029 τὴν
533 4957 640 5017 ἐλπίδα·
653 4957 752 5018 οἴονται
769 4957 821 5040 γάρ
844 4968 934 5040 τυχεῖν
979 4966 1081 5032 quidem
1098 4981 1178 5032 quum
1196 4982 1212 5018 a
1230 4965 1400 5032 superioribus
1418 4967 1511 5016 honore
1532 4965 1649 5030 aiticItur,
1664 4971 1766 5034 pmpter
1800 5011 1804 5020 .

183 5171 196 5198 ι
223 5169 329 5237 ’stiffi‘
342 5171 385 5234 μὲν
399 5169 441 5220 ,ὗν
459 5171 483 5219 ἐν
498 5175 550 5228 τοῖς
566 5171 686 5228 τοιούτοις
697 5174 750 5223 κτλ,
763 5199 793 5209 -
808 5175 836 5203 ”
852 5172 925 5224 Ὅθεν
938 5177 979 5226 aul
994 5175 1123 5242 ἀπορεῖται
1139 5177 1192 5226 κτλ.
1205 5201 1237 5212 ·-
1248 5174 1293 5204 *⁴*
1310 5173 1369 5238 Cap.
1380 5177 1403 5223 a.
1417 5173 1583 5224 oleoberti
1601 5175 1698 5225 δοκοῦσ1
1710 5172 1760 5224 ati·

152 5265 173 5276 -
193 5243 253 5272 ’Μ
269 5243 306 5294 Ob
316 5245 346 5294 δι’
359 5244 455 5294 αὑτὸδὲ
467 5243 638 5294 actaeonem.
