4020 5950
282 357 302 433 ῃ·
953 346 1171 447 ruarmo.

332 486 506 556 Nimirum
537 475 676 584 optime
708 485 754 557 de
784 484 946 558 humano
972 511 1101 582 genere
1129 489 1259 561 meruit
1281 487 1526 588 philosophia,
1556 515 1576 560 e
1606 489 1707 586 cujus
1738 516 1831 590 prae-

281 612 393 710 ceptis
424 599 516 681 unus
546 597 621 682 dies
647 625 746 682 actus
767 607 937 709 'peccanti
961 611 1223 687 immortalitati
1250 614 1526 714 anteponendus
1560 631 1624 688 est.
1655 619 1833 704 Quocirca

280 735 490 835 philosophi
510 737 584 808 sive
610 737 749 808 virtutis
766 737 924 834 magistri
939 734 984 808 ab
1004 738 1126 835 aequis
1146 739 1349 812 studiorum
1362 739 1626 838 hominumque
1652 741 1834 838 judicibus

281 861 318 932 in
337 862 477 933 honore
504 886 646 960 semper
673 861 911 934 habebantur.
942 865 1078 960 Nempe
1110 863 1223 934 virtus
1260 864 1404 955 omnia,
1434 889 1514 962 quae
1541 863 1671 936 cadere
1702 867 1740 936 in
1762 865 1831 938 ho-

281 986 415 1057 minem
452 1001 624 1084 possunt,
659 983 878 1083 despiciens,
918 977 1021 1058 casus
1051 983 1232 1062 humanos
1261 991 1483 1083 contemnit,
1506 991 1695 1091 -culpaque
1733 995 1834 1065 omui

280 1133 419 1201 carens,
446 1125 574 1208 praeter
611 1133 648 1181 se
681 1111 795 1207 ipsam
825 1109 914 1182 nihil
938 1126 1060 1184 censet
1091 1113 1138 1186 ad
1171 1140 1208 1186 se
1240 1117 1431 1216 pertinere.
1468 1120 1590 1214 ltaque
1624 1117 1727 1189 multi
1760 1143 1835 1214 gra·

280 1235 428 1305 vissimis
466 1233 606 1307 casibus
648 1232 813 1306 defuncti
859 1260 1059 1334 magnaque
1106 1243 1316 1340 tempestate
1347 1242 1472 1339 jactati
1510 1242 1548 1314 in
1596 1241 1835 1342 philosophiae

279 1375 426 1458 portum
471 1385 509 1433 se
542 1359 785 1433 contulerunt.
823 1365 909 1448 Quae
940 1387 1053 1461 quum
1079 1363 1127 1434 ita
1161 1366 1253 1458 sint,
1286 1365 1374 1438 libet
1405 1366 1494 1438 mihi
1523 1390 1605 1439 cum
1639 1370 1687 1441 Μ.
1720 1366 1835 1439 ΤυΙΙίο

280 1485 515 1558 exclamare:
546 1491 617 1560 «Ο
645 1487 728 1560 vitae
751 1485 982 1586 philosophia
1013 1484 1103 1559 dux!
1137 1514 1160 1561 o
1190 1491 1333 1563 virtutis
1360 1490 1558 1588 indagatrix
1587 1491 1835 1592 expultrixque

282 1611 469 1686 vitiorum!
499 1614 588 1714 quid
621 1638 696 1686 non
729 1613 842 1686 modo
870 1639 953 1706 nos,
983 1614 1046 1687 sed
1073 1613 1224 1687 omnino
1255 1614 1325 1684 vita
1355 1612 1547 1684 hominum
1578 1613 1653 1684 sine
1688 1627 1724 1684 te
1759 1637 1836 1684 esse

280 1737 474 1834 putuisset?
504 1753 543 1809 tu
571 1737 679 1810 urbes
709 1739 878 1836 peperisti
906 1766 914 1810 ι
946 1753 984 1810 tu
1017 1738 1206 1838 dissipatos
1240 1737 1406 1811 homiues
1434 1738 1472 1808 in
1507 1737 1714 1809 societatem
1757 1737 1836 1808 vitae

283 1863 486 1936 convocasti
514 1891 521 1934 :
553 1877 591 1934 tu
613 1888 674 1935 eos
692 1863 786 1934 inter
807 1888 844 1934 se
870 1864 989 1960 primo
1018 1863 1227 1950 domiciliis,
1259 1860 1391 1935 deinde
1416 1860 1613 1958 conjugiis,
1640 1873 1718 1930 tum
1742 1857 1835 1930 litte-

280 2010 402 2058 rarum
440 2003 476 2060 et
505 2012 634 2058 vocum
657 1987 917 2060 communione
944 1987 1092 2085 junxisti
1122 2015 1130 2058 ι
1161 2003 1201 2059 tu
1229 1987 1408 2060 inventrix
1437 1984 1574 2081 legum,
1606 1998 1646 2054 tu
1670 1985 1837 2079 magistra

283 2136 426 2182 morum
452 2128 488 2184 et
517 2111 719 2211 disciplinae
744 2111 852 2185 fuisti.
881 2112 935 2185 td
956 2127 993 2184 te
1024 2111 1251 2207 confugimus
1280 2137 1289 2181 t
1315 2124 1525 2208 atetopem
1553 2110 1710 2207 petimus
1736 2132 1744 2176 :
1771 2106 1836 2178 tibi

281 2261 366 2328 nos,
396 2251 437 2307 ut
460 2250 564 2308 antea
593 2261 722 2334 magna
745 2263 788 2309 ex
813 2253 934 2336 parta,
955 2238 1005 2309 sic
1038 2263 1137 2310 nunc
1165 2237 1309 2335 penitus
1341 2249 1509 2333 totosque
1529 2231 1716 2308 tradimus.
1742 2265 1759 2300 s
1831 2325 1839 2340 ⁸

331 2367 453 2462 Neque
478 2377 597 2434 tamen
618 2388 836 2462 quemquam
864 2388 885 2434 a
917 2364 1103 2462 sapientiae
1128 2349 1471 2434 studio'doctorum
1510 2360 1672 2431 virorum
1695 2358 1741 2431 de
1765 2357 1834 2431 dis-

223 2550 228 2561 .
284 2486 450 2560 ficillimis
480 2487 740 2586 questionibus
766 2487 988 2558 dissensione
1021 2487 1196 2559 deterreri
1226 2499 1391 2585 oportet,
1420 2485 1504 2582 quia
1534 2508 1601 2556 nec
1626 2481 1755 2557 modus
1785 2499 1838 2556 est

280 2613 373 2684 ullus
406 2611 647 2708 investigandi
674 2611 768 2704 veri,
803 2612 873 2683 nisi
905 2612 1101 2702 inveneris,
1122 2625 1158 2682 et
1185 2607 1368 2706 quaerendi
1400 2607 1606 2704 defatigatio
1634 2610 1749 2708 turpis
1772 2609 1836 2680 ha·

280 2735 397 2808 betur.
423 2733 578 2824 Quando
612 2736 719 2832 igitur
740 2760 866 2807 omnes
894 2735 1073 2808 trahimur
1097 2751 1133 2808 et
1165 2734 1332 2807 ducimur
1355 2732 1401 2806 ad
1432 2734 1646 2830 cognitionis
1670 2749 1707 2805 et
1725 2733 1838 2806 scien·

282 2862 342 2936 tiae
361 2859 621 2959 cupiditatem,
646 2860 683 2931 in
712 2884 783 2956 qua
810 2857 981 2930 excellere
999 2859 1211 2958 praeclarum
1233 2873 1421 2958 putamus,
1451 2857 1524 2929 labi
1543 2873 1681 2947 autem,
1702 2882 1834 2947 errare,

281 2988 465 3082 ignorare,
486 2985 604 3083 decipi
628 3001 664 3057 et
689 2984 821 3058 malum
838 3000 874 3056 et
906 3001 1010 3084 turpe
1029 2983 1195 3056 ducimus
1223 3010 1230 3054 :
1264 3008 1373 3056 omne
1397 3007 1507 3080 genus
1533 2969 1834 3084 philosophorum

279 3110 509 3210 pervolutare
537 3111 801 3183 consuevimus.
837 3114 956 3198 Quare
989 3109 1156 3207 leguntur
1194 3104 1395 3177 avidissime
1420 3103 1519 3203 apud
1551 3129 1618 3177 nos
1657 3131 1677 3176 e
1708 3107 1838 3178 Graecis

281 3251 416 3308 naturae
435 3233 690 3334 interpretibus
713 3233 914 3334 iisdemque
929 3232 1152 3330 intelligendi
1171 3245 1205 3302 et
1225 3228 1370 3302 dicendi
1393 3229 1607 3324 gravissimis
1630 3229 1838 3302 auctoribus

281 3384 356 3430 non
383 3371 523 3428 tanturn
551 3357 732 3456 principes
760 3357 813 3430 illi
837 3357 936 3430 Plato
963 3372 998 3430 et
1026 3355 1251 3447 Aristoteles,
1272 3379 1363 3452 quos
1387 3368 1519 3453 praeter
1542 3355 1697 3427 materiae
1724 3355 1838 3451 gravi·

282 3499 392 3556 tatem
422 3507 561 3554 summa
589 3484 764 3584 sapientia
793 3499 828 3556 et
860 3509 986 3580 magna
1011 3482 1216 3581 eloquentia
1249 3479 1515 3554 commendat:
1546 3494 1608 3551 aut
1636 3479 1688 3551 illi
1715 3481 1841 3578 primis

281 3608 437 3708 proximi
469 3613 595 3680 Sextus
631 3609 850 3707 Empiricos,
887 3608 1054 3698 Proclus,
1093 3605 1264 3695 Plotinus,
1305 3620 1367 3676 aut
1398 3603 1459 3676 alii
1497 3603 1611 3676 multo
1651 3603 1840 3677 deterioris

281 3747 374 3805 notae
408 3731 602 3830 scriptores
632 3731 695 3828 qui
726 3729 815 3802 nihil
846 3746 994 3804 ornatus
1025 3731 1072 3805 ad
1102 3730 1341 3832 philosophiae
1370 3729 1644 3829 explicationem
1669 3728 1839 3802 adhibue-

278 3872 384 3948 runt,
405 3853 469 3928 sed
492 3853 598 3926 etiam
621 3853 689 3944 illi,
714 3879 870 3953 quorum
893 3853 1089 3953 fragmenta
1117 3882 1159 3928 ex
1184 3856 1335 3929 aliorum
1354 3855 1493 3954 scriptis
1516 3854 1664 3926 collecta
1689 3871 1837 3929 exstant.

329 3985 523 4075 Postquam
550 3978 657 4073 igitur
685 3975 759 4049 duo
788 3978 908 4076 priora
935 3979 1042 4082 hujus
1069 3984 1188 4082 operis
1215 3979 1419 4070 volumina,
1457 3979 1587 4078 quibus
1616 3996 1693 4052 tum
1722 3983 1838 4080 poesis

284 4103 542 4203 philosophica
564 4117 848 4200 caeterorumque
880 4105 1060 4202 quiante
1091 4113 1275 4180 Socratem
1307 4105 1506 4177 floruerunt
1539 4105 1839 4204 pbilosophorum

282 4230 461 4328 reliquiae,
489 4243 567 4300 tum
587 4227 903 4325 Pythagoreorum,
928 4230 1190 4330 Sophistarum,
1217 4232 1449 4328 Cynicorum,
1467 4230 1745 4328 Cyrenaicorum
1768 4231 1837 4302 lra-

280 4367 423 4451 gmenta
446 4351 691 4440 continentur,
710 4353 814 4424 annis
833 4357 1041 4426 MDCCCLX
1056 4370 1092 4427 et
1112 4337 1385 4429 MDCGCLXVN
1407 4353 1501 4426 edita
1522 4353 1607 4425 viris
1623 4353 1740 4426 doctis
1756 4355 1836 4454 pla-

285 4480 399 4552 cuisse
423 4476 498 4549 vidi
526 4505 533 4548 :
564 4477 653 4549 nihil
676 4477 765 4548 mihi
791 4478 912 4576 potius
947 4477 1030 4566 luit,
1065 4506 1174 4579 quam
1202 4497 1242 4553 ut
1274 4495 1434 4553 tenerem
1468 4481 1696 4579 propositum
1732 4496 1840 4579 atque

284 4603 495 4675 inchoatum
519 4627 610 4700 opus
629 4601 817 4676 absolvere
841 4627 1004 4677 conarer.

329 4728 502 4816 Quamvis
525 4743 645 4800 autem
665 4721 860 4828 sperassem
880 4728 957 4802 lore
986 4744 1025 4802 ut
1053 4731 1174 4802 omnia
1205 4731 1390 4829 sapientiae
1416 4731 1617 4803 antistitum
1640 4731 1838 4827 fragmenta

282 4852 396 4925 tribus
430 4853 672 4927 voluminibus
714 4856 1122 4957 comprehenderentur,
1163 4872 1287 4955 postea
1322 4871 1443 4929 tamen
1489 4856 1728 4930 animadverti
1766 4857 1838 4928 hoc

280 5003 373 5077 opus
408 4978 508 5075 quod
541 5004 658 5077 neque
691 4979 830 5053 molesti
868 5007 985 5080 neque
1019 4981 1209 5080 injucundi
1246 4980 1378 5054 laboris
1414 4997 1486 5074 est,
1526 4983 1633 5053 etiam
1670 4996 1839 5079 quartum

281 5101 453 5175 volumen
478 5103 696 5177 desiderare.
727 5110 847 5194 Quare
875 5106 973 5206 quid,
992 5109 1030 5179 in
1056 5109 1162 5180 tertio
1192 5107 1264 5179 hoc
1290 5121 1391 5180 tomo
1421 5107 1484 5205 qui
1508 5131 1605 5180 nunc
1635 5105 1840 5204 divulgatur

282 5228 522 5324 praestiterim,
539 5227 696 5302 breviter
717 5231 849 5330 exponi
867 5233 1048 5304 convenit.

330 5357 450 5442 Quum
478 5379 498 5426 e
523 5355 829 5456 philosophorum
849 5358 953 5428 sectis
976 5357 1244 5430 Platonicorum
1265 5371 1301 5429 et
1319 5357 1639 5456 Peripateticorum
1667 5355 1837 5430 lucubra-
