3934 5956
450 415 678 484 Etflttotttttu
702 419 1040 488 uiceritcttsottutt
1061 427 1343 490 PARAPHRASIS.

357 569 361 576 ι
420 593 488 671 lice.
514 593 557 652 ιδ’·
1241 611 1299 674 cap.
1317 611 1380 662 xrv.

98 738 156 794 Ὀτι
169 743 288 800 οὐπαντη
304 741 444 807 ἀπᾴδουσιν
460 745 483 792 ot
499 743 627 807 λεγόμενοι
638 746 693 810 περὶ
707 751 749 806 τῆς
762 747 877 812 εὐδαιμο-
921 754 976 805 Qua*
993 753 1079 796 veteres
1092 751 1121 796 de
1138 751 1243 797 felicitate
1259 751 1366 797 dixerunt
1382 753 1533 799 nonomine
1546 745 1566 798 'a
1586 755 1696 810 superiori

126 813 180 872 νίας
187 814 256 880 παρὰ
269 815 319 863 τῶν
327 815 436 864 παλαιῶν
445 815 513 878 λόγοι
521 819 557 878 τῷ
567 817 674 879 λεχθέντι
687 819 759 877 αὐτῆς
771 821 874 884 ὁρισμῷ.
1167 821 1300 867 definitione
1312 821 1437 868 dlucutiro.

136 1005 151 1036 ί*
167 1005 262 1064 Ταῦτα
281 1001 328 1080 μὲν
340 991 385 1061 οὐν
398 1001 509 1062 καθολου
521 1003 643 1084 περὶτῶν
658 1006 746 1084 ἀρχῶν
759 1005 871 1085 εέρηται.
950 1019 1093 1084 Hecigitur
1106 1020 1138 1071 de
1153 1021 1316 1085 principiisin
1333 1037 1422 1086 genere
1443 1022 1510 1073 dicta
1531 1027 1596 1074 sunt.
1611 1027 1647 1076 De
1666 1039 1696 1090 eo

96 1091 165 1171 Περὶ
179 1090 206 1151 δέ
220 1094 268 1162 τῆς
277 1090 451 1172 προκειμένης
460 1097 523 1168 ἡμῖν
539 1093 639 1172 ἀρχῆς,
651 1097 698 1164 τῆς
709 1095 874 1172 εὐδαιμονίας
919 1110 1002 1158 autem
1014 1109 1082 1174 quod
1091 1123 1157 1159 nunc
1165 1110 1323 1173 peculiariter
1338 1113 1489 1171 tractamus,
1503 1113 1574 1176 plura
1590 1113 1696 1164 videnda

97 1180 233 1252 δηλονότι,
255 1179 383 1239 σκεπτέον
396 1178 444 1239 ἐτι·
459 1182 489 1239 οὐ
513 1180 590 1258 μόνον
611 1181 654 1240 τδν
670 1182 778 1261 ὁρισμὸν
792 1187 874 1256 αὐτῆς
918 1199 991 1246 erunt
1004 1216 1010 1247 ε
1023 1196 1055 1248 de
1067 1196 1184 1247 felicitate
1199 1198 1331 1247 nimirum:
1344 1211 1423 1262 qnare
1438 1213 1487 1248 non
1500 1201 1598 1249 tantum
1609 1200 1696 1251 defini-

97 1265 283 1339 έθοτοέοοντος,
308 1268 354 1326 καί
377 1267 437 1335 τούς
456 1267 547 1346 λόγους
572 1267 631 1335 τοὺς
656 1269 874 1350 οομποροίνοοτος
918 1288 1009 1336 tionem
1021 1287 1075 1350 ejus
1090 1285 1299 1346 examinabimus,
1312 1285 1440 1336 sedetiam
1453 1286 1548 1350 singula
1560 1301 1590 1337 ex
1604 1289 1697 1352 quibus

97 1355 193 1428 αὐτόν,
219 1353 288 1415 ἀλλά
301 1355 346 1414 κοί
369 1355 428 1423 τούς
450 1357 604 1436 λεγομένους
626 1357 686 1436 περί
700 1360 781 1430 αὐτῆς
797 1359 872 1438 πορθ
918 1379 1014 1426 constat
1023 1375 1099 1426 rerba
1109 1373 1282 1438 inspiciemus,
1301 1387 1357 1423 cum
1371 1374 1462 1438 quibus
1478 1373 1565 1424 deinde
1583 1379 1696 1426 veterum

96 1446 148 1501 τῶν
168 1446 287 1502 πολοῑῶο
310 1445 414 1516 ἀληθεῖς
432 1443 543 1523 λόγους,
565 1446 588 1502 εί
603 1445 747 1526 συνᾴδουσι
760 1449 798 1526 τῷ
813 1451 873 1524 ὁρι-
918 1464 1044 1526 opiniones
1057 1461 1266 1527 comparabimus,
1281 1464 1311 1511 ut
1321 1461 1504 1512 consideremus
1513 1477 1571 1512 num
1583 1463 1642 1513 bule
1655 1478 1696 1513 no·

96 1535 168 1612 θίέῷ·
188 1535 235 1611 Τῷ
254 1530 300 1609 μέν
313 1532 363 1613 fif
381 1535 473 1606 ileos
486 1537 588 1613 ύρισμῷ
609 1535 655 1593 καὶ
668 1533 752 1592 ποίντα
769 1533 873 1616 συνᾴδει
918 1553 976 1600 strae
997 1549 1131 1601 definitioni
1151 1546 1323 1611 respondeant.
1369 1550 1441 1598 Vere
1468 1548 1531 1599 enlm
1560 1547 1695 1600 definitioni

96 1619 129 1678 τέι
144 1619 275 1699 προσόντα
288 1623 325 1700 τῷ
336 1623 444 1701 δριστῷ,
460 1623 505 1680 καὶ
520 1622 563 1681 tri
576 1627 650 1681 colico
664 1622 710 1683 καί
723 1623 746 1681 τ’
756 1623 825 1684 ἀλλα
840 1625 872 1684 τθι
917 1636 1014 1694 omnia,
1031 1649 1088 1700 qum
1107 1633 1208 1684 definito
1219 1634 1319 1692 insunt,
1338 1631 1409 1684 facile
1425 1635 1579 1698 respondent,
1601 1649 1630 1685 ac
1642 1649 1696 1700 pro-

95 1710 225 1787 λεγόμενα
240 1707 299 1787 περί
322 1711 410 1770 αὐτοῦ.
425 1712 472 1790 Τῷ
494 1709 520 1769 δέ
539 1710 633 1790 ψευδεῖ
653 1711 722 1790 ταχύ
748 1713 873 1792 διαφωνεῖ
917 1725 1001 1786 pterea
1020 1725 1045 1772 et
1065 1721 1113 1771 alia
1127 1734 1184 1785 qum
1198 1719 1230 1770 de
1245 1733 1274 1770 eo
1289 1720 1414 1770 dicuntur.
1432 1719 1527 1770 Afalsa
1541 1722 1696 1772 verostatim

93 1797 124 1856 τὸ
147 1798 254 1870 ἀληθές.
278 1801 338 1858 Τῶν
361 1801 465 1876 ἀγαθῶν
489 1797 573 1858 τοίνυν
597 1800 633 1865 είς
646 1798 706 1876 τρία
723 1799 871 1878 διαιρουμέ-
917 1809 1030 1860 dissentit
1045 1808 1144 1859 veritas.
1161 1810 1244 1870 Quum
1256 1820 1314 1870 ergo
1332 1807 1423 1858 intres
1444 1810 1528 1871 partes
1543 1808 1695 1859 distribuan-

95 1909 161 1960 νων,
173 1888 219 1946 καὶ
233 1891 286 1946 τῶν
305 1885 353 1963 μὲν
366 1884 513 1966 λεγομένων
529 1885 616 1963 ἐκτός,
635 1889 686 1944 τῶν
706 1887 733 1944 δέ
747 1887 807 1967 περὶ
820 1891 869 1970 ψυ-
917 1901 958 1946 tur
969 1897 1046 1955 bona,
1061 1895 1158 1960 aliaque
1168 1898 1283 1954 externe,
1299 1895 1348 1945 elia
1361 1895 1443 1954 enimi,
1461 1895 1509 1946 alia
1526 1897 1633 1960 οοτροτίε
1642 1911 1695 1962 per-

93 1975 156 2053 χήν,
174 1977 226 2032 τῶν
242 1973 270 2032 δύ
292 1973 354 2052 περί
375 1977 463 2051 σῶμα·
486 1973 520 2032 τά
537 1972 596 2053 περί
611 1973 698 2054 ψυχὴν
715 1974 802 2053 ἀγαθὰ
822 1999 871 2035 κυ-
916 1985 1046 2036 hibeantur
1066 1997 1138 2034 esse:
1154 1983 1309 2056 snimibone
1327 1983 1451 2048 precipue
1470 1986 1496 2033 et
1510 1979 1618 2036 maxime
1631 1985 1694 2036 bona

95 2062 209 2137 ριιίιτατα
223 2061 267 2120 καί
283 2061 400 2136 μάλιστα
414 2061 499 2139 ipset
524 2064 598 2136 κοινῇ
623 2059 720 2128 πάντες
744 2061 867 2141 λέγομεν.
915 2073 1076 2123 communiter
1090 2085 1174 2122 omnes
1183 2070 1297 2122 dicimus.
1318 2071 1399 2121 Anind
1411 2074 1495 2122 autem
1507 2072 1571 2124 bona
1584 2073 1695 2125 actiones

96 2151 160 2226 Περὶ
175 2148 264 2230 ψυχὴν
278 2147 305 2208 δὲ
322 2151 433 2226 λέγομεν
454 2147 541 2226 ἀγαθὰ
562 2148 609 2214 τάς
630 2147 736 2226 πράξεις
758 2152 803 2210 καὶ
823 2151 871 2220 τάς
916 2161 990 2211 enimi
1001 2163 1026 2211 et
1039 2160 1149 2210 muneris
1163 2157 1303 2209 functiones
1314 2158 1473 2224 appellamus.
1491 2159 1562 2210 Unde
1573 2163 1694 2224 patefac-

95 2235 222 2316 ἐνεργείας
242 2237 287 2318 τθις
301 2235 427 2316 ψυχικάς.
485 2238 587 2297 Οὐκοῦν
611 2237 639 2293 αἱ
658 2236 769 2316 ψυχικοί
792 2242 868 2318 πρά·
914 2249 993 2299 tiones
1009 2248 1062 2312 ejus
1073 2247 1199 2310 bonasque
1215 2246 1325 2296 muneris
1341 2246 1395 2307 ejus
1408 2243 1546 2296 functiones
1557 2246 1695 2310 praecipuas

92 2322 144 2390 ξεις
172 2324 217 2382 καὶ
239 2323 365 2401 ἐνέργειαι
392 2325 419 2382 αἱ
447 2321 544 2400 ἀγαθαί
569 2321 717 2400 κυριώτατα
746 2323 791 2382 καί
816 2326 869 2400 μοί·
914 2335 1160 2400 maximequebonas
1180 2347 1242 2385 esse.
1267 2335 1350 2391 Quare
1364 2331 1484 2382 inanimi
1503 2333 1566 2382 bona
1584 2333 1693 2384 muneris

91 2411 170 2468 λιστοί
187 2411 251 2470 εἰσιν
276 2411 372 2490 ἀγαθοί.
398 2409 445 2474 Ἐν
464 2434 498 2492 τῃ
514 2408 583 2469 κατθ
605 2409 693 2489 ψυχὴν
709 2409 761 2490 ἀρα
783 2414 869 2494 ἀγαθῇ
915 2421 1038 2474 functione
1052 2422 1078 2472 id
1088 2421 1154 2486 quod
1168 2421 1322 2486 precipuum
1342 2421 1499 2484 maximeque
1515 2421 1694 2470 bonumroca-

91 2499 207 2578 ἐνεργείᾳ
221 2498 252 2558 τδ
265 2498 425 2577 κυριώτατον
440 2497 485 2556 καλ
501 2497 618 2575 μάλιστα
634 2497 731 2575 ἀγαθὸν
746 2497 870 2557 συνίστα-
914 2524 986 2570 mus,
1001 2509 1120 2560 consistit.
1136 2511 1189 2558 lloc
1201 2520 1260 2558 vero
1279 2509 1317 2557 est
1327 2505 1440 2557 felicitas.
1457 2505 1538 2555 Animi
1549 2520 1607 2570 ergo
1622 2511 1692 2558 ectus

89 2609 144 2646 ται.
160 2591 243 2645 Τοῦτο
264 2587 293 2646 δι’
307 2589 377 2646 ἐστιν
400 2590 416 2658 ἡ
439 2584 601 2662 εὐδαιμονία.
620 2580 714 2646 Ἐστιν
736 2584 816 2664 ἀραὴ
831 2591 870 2644 εὐ·
915 2597 1033 2648 honestus
1046 2599 1084 2647 est
1095 2594 1213 2654 felicitas,
1228 2595 1302 2645 etium
1312 2607 1343 2644 ex
1353 2593 1399 2643 hec
1410 2592 1529 2657 opinione,
1544 2607 1601 2658 que
1612 2597 1637 2644 et
1647 2608 1693 2645 en-

90 2675 215 2752 δαιμονία
230 2677 316 2754 ψυχῆς
336 2673 450 2754 ἐνέργεια
466 2673 525 2733 κατ’
541 2673 653 2755 ἀρετήν,
668 2673 714 2734 καί
728 2673 796 2732 κατέι
806 2674 870 2734 ταύ-
914 2689 984 2752 rique
998 2688 1072 2737 estet
1091 2685 1292 2748 pbilosophorum
1310 2683 1421 2733 omnium
1433 2681 1561 2746 suffragiis
1579 2696 1692 2748 compro-

89 2786 140 2833 την
153 2763 201 2834 τὴν
224 2761 299 2831 δόξαν
322 2765 441 2824 παλαιὰν
465 2754 562 2835 οὐσαν,
586 2761 632 2821 καί
655 2763 869 2841 θμολογουμένην
913 2773 979 2823 beta.
997 2772 1073 2824 necte
1090 2772 1211 2836 preterea
1225 2769 1349 2820 actionum
1362 2768 1518 2834 quarundam
1537 2771 1563 2818 et
1582 2771 1693 2820 muneris

91 2850 145 2908 ὐπδ
158 2855 209 2909 τῶν
227 2848 447 2930 φιλοσοφούντων.
913 2860 1066 2911 functionum
1090 2870 1179 2908 nomen
1198 2855 1273 2908 babet
1292 2855 1397 2907 felicitae
1416 2856 1471 2906 :ite
1489 2856 1554 2906 enim
1571 2857 1692 2908 exanimi

134 2939 157 2963 “¹
174 2937 272 3018 Ὀρθῶς
286 2938 312 2996 δέ
323 2937 427 3019 πράξεις
438 2937 504 3004 τινές
517 2937 638 3018 λέγονται
652 2936 698 2995 καί
708 2933 834 3016 ἐνέργειαι
849 2943 865 3010 ἡ
914 2947 984 2998 bonis
1001 2960 1056 2996 enm
1071 2958 1125 2998 esse
1136 2943 1276 3009 apparebit,
1291 2957 1336 2995 uec
1354 2941 1387 2994 ad
1405 2946 1507 2994 externe
1525 2941 1687 2996 referendam.

92 3025 256 3104 εὐδαιμονία·
273 3025 340 3084 οὐιω
355 3025 405 3107 γέιρ
418 3025 448 3084 δν
463 3025 503 3098 είη
518 3030 570 3086 τῶν
583 3025 643 3106 περὶ
659 3023 746 3106 ψυχὴν
758 3027 864 3104 ἀγαθῶν
915 3036 1023 3099 Ideoque
1034 3033 1096 3086 bene
1106 3046 1159 3082 rem
1171 3045 1256 3096 gerere
1267 3035 1292 3082 et
1300 3031 1362 3082 bene
1370 3031 1455 3082 virere
1467 3030 1565 3088 dicitur,
1579 3031 1623 3094 qui
1631 3032 1692 3083 felix

89 3116 138 3176 καί
152 3117 243 3174 αὐτῶν
259 3115 340 3180 ἐκτός.
914 3125 952 3174 cst
968 3137 973 3166 :
989 3133 1047 3186 que
1066 3119 1177 3170 muneris
1192 3116 1344 3168 functionem
1364 3118 1535 3181 actionemque
1553 3117 1682 3181 designent

133 3203 181 3236 *⁴*
195 3203 246 3262 iri
260 3208 337 3264 τοῦτο
351 3203 396 3260 καὶ
411 3205 424 3260 δ
437 3199 568 3278 εὐδαίμων
583 3193 611 3260 εὐ
625 3199 748 3277 πράττειν
764 3200 868 3282 λέγεται
913 3211 1020 3274 Apparet
1029 3220 1103 3272 porro
1112 3209 1137 3257 et
1148 3220 1177 3257 ea
1187 3217 1245 3270 que
1261 3202 1415 3254 infelicitate
1432 3202 1542 3268 perfecta
1560 3205 1693 3269 requirun-

87 3293 136 3352 καέ
148 3283 176 3351 εὐ
191 3294 247 3364 ζῆν·
264 3291 282 3350 θ
297 3291 426 3371 ἐνέργειαν
440 3290 485 3350 κοιλ
498 3289 590 3369 πρᾶξιν
603 3290 720 3364 δηλοῦσι.
913 3299 963 3356 tur,
985 3297 1012 3346 in
1030 3309 1059 3348 eo
1070 3295 1166 3360 quoda
1184 3293 1255 3344 nobis
1272 3291 1366 3342 dictum
1385 3294 1430 3350 est,
1453 3291 1541 3343 inesse.
1559 3293 1691 3344 Hominum

132 3378 185 3407 *'''
201 3379 333 3440 Φαίνεται
352 3377 380 3436 di
396 3377 437 3437 δτι
453 3378 498 3437 καί
516 3377 550 3437 τέι
564 3377 709 3456 ζητούμενα
723 3378 797 3459 παρὰ
818 3383 868 3438 τῶν
913 3385 978 3436 enim
993 3383 1178 3440 eliivirtutem‚
1198 3378 1478 3444 nliiprudentiem,alii
1493 3380 1638 3444 septentiam
1651 3395 1692 3432 re-
1796 3379 1803 3388 “

88 3465 236 3549 ἀνθρώπων
259 3468 295 3534 εἷς
318 3467 365 3537 τὴν
384 3465 549 3542 εὐδαιμονίαν
570 3467 745 3545 ἐνυπάρχουσι
766 3469 803 3545 τῷ
824 3467 869 3524 λε-
913 3473 1024 3537 quirunt.
1041 3467 1264 3520 iliietiemomnie
1277 3467 1332 3517 baec
1346 3465 1489 3517 felicitatem
1503 3481 1556 3518 esse
1570 3469 1691 3532 judicent.

86 3557 190 3636 χθέντι.
210 3553 253 3614 Τέι
269 3551 459 3631 ἐπιζητούμενα
480 3553 508 3612 δέ
528 3557 582 3620 τοῖς
605 3553 652 3632 μὲν
666 3554 763 3634 ἀρετή,
776 3562 829 3620 τοῖς
841 3552 868 3614 δέ
913 3559 960 3609 ilbi
971 3557 1066 3623 aliquid
1075 3558 1165 3608 borum
1176 3570 1234 3607 cnm
1245 3555 1386 3619 voluptate.
1400 3553 1444 3605 sed
1461 3567 1518 3618 quae
1532 3569 1563 3605 er
1575 3556 1615 3606 bis
1629 3556 1691 3621 ipsis

90 3644 231 3724 φρόνησις,
254 3643 341 3708 ἄλλοις
359 3641 385 3700 δέ
401 3641 480 3722 σοφία
494 3666 542 3708 τις.
913 3646 1068 3710 potissimum
1079 3649 1203 3696 nascatur.

133 3731 218 3765 Μ’*
240 3733 303 3798 Τοῖς
318 3731 345 3789 δέ
360 3730 405 3789 καί
422 3729 508 3788 πάντα
528 3735 611 3788 ταῦτα
632 3728 784 3805 εὐδαιμονία
803 3721 868 3790 εἶναι

90 3823 174 3881 δοκεῖ.
198 3822 260 3886 Τοῖς
272 3818 299 3878 δὲ
312 3819 409 3878 τούτων
424 3841 448 3877 τι
464 3821 520 3896 μεθ’
541 3820 630 3890 ἡδονῆς
639 3861 648 3890 ,
666 3818 735 3877 ἀλλά
751 3823 797 3890 τῆς
818 3820 866 3877 ἀπ’

90 3912 177 3968 αὐτῶν
194 3907 292 3967 τούτων
306 3907 471 3986 τικτομένης.

133 3996 216 4023 *'****
230 3991 338 4076 Ἐτεροι
354 3993 381 4053 δέ
398 3993 443 4054 καί
454 3993 501 4065 τὴν
518 3995 590 4062 ἐκτὸς
604 3993 739 4074 εὐετηρίαν
759 4015 869 4070 cuprea.
945 3995 1008 4044 Sunt
1021 3993 1095 4044 etlam
1110 3992 1154 4056 qui
1164 3993 1290 4040 externam
1302 3988 1444 4039 felicitatem
1457 3987 1598 4052 adjungent.
1610 3989 1691 4052 itque

93 4085 304 4166 ραλαμύἀνουσι.
321 4081 430 4143 Τούτων
443 4081 471 4139 δέ
485 4081 518 4140 τὰ
531 4079 579 4160 μὲν
590 4081 684 4141 πολλοὶ
701 4080 747 4139 καί
759 4080 868 4140 παλαιοὶ
913 4081 1001 4132 borum
1011 4081 1059 4131 alie
1075 4079 1147 4129 multi
1158 4081 1183 4128 et
1192 4081 1289 4128 veteres
1301 4115 1306 4134 ,
1316 4076 1365 4125 elia
1379 4076 1450 4139 pauci
1463 4078 1489 4126 et
1503 4075 1563 4125 cleri
1576 4075 1624 4125 riri
1637 4079 1689 4126 sta-

89 4173 216 4247 λέγουσι,
233 4173 268 4232 τὰ
283 4171 310 4230 δέ
323 4171 405 4248 ὀλίγοι
420 4169 465 4230 καθ
484 4169 580 4238 ἔνδοξοι
601 4169 699 4248 ἄνδρες·
714 4160 750 4227 ῶν
768 4169 869 4227 οὐδετέ·
913 4171 987 4218 illuni
1010 4188 1016 4219 =
1037 4181 1143 4232 quorum
1159 4167 1260 4216 οοοίοοο
1280 4164 1431 4214 i¹10¹¹¹1¹ih¹1⁸
1450 4177 1545 4214 errasse
1558 4163 1691 4214 verisimile

90 4241 151 4342 ρούς
160 4261 266 4338 εὔλογον
281 4263 326 4332 τῆς
341 4256 463 4330 ἀληθείας
477 4254 867 4335 tessarescaedecatita
912 4259 962 4320 est,
984 4255 1028 4308 sed
1038 4255 1064 4306 in
1076 4270 1125 4306 uno
1142 4255 1247 4306 fortusse
1260 4253 1359 4316 aliquo,
1373 4251 1398 4301 in
1409 4251 1533 4315 plerisque
1549 4265 1608 4302 vero
1624 4254 1691 4302 recte

88 4353 151 4408 καθ’
166 4347 193 4406 έν
208 4372 235 4408 τι
245 4346 321 4424 μόνον
335 4347 414 4418 ἴσως,
428 4347 455 4405 ἐν
470 4353 522 4413 τοῖς
532 4346 663 4410 πλείστοις
677 4343 705 4403 δέ
718 4342 865 4415 ἀληθεύειν.
912 4348 1025 4400 sensisse.
1072 4346 1128 4394 Jam
1147 4357 1206 4393 vero
1227 4355 1284 4391 cum
1305 4339 1337 4390 iis
1359 4339 1405 4404 qui
1428 4339 1506 4390 vitam
1525 4339 1624 4391 beatam
1648 4343 1691 4389 aut

129 4437 192 4501 Τοῖς
209 4435 255 4513 μίν
275 4426 319 4495 οὐν
332 4433 438 4512 λέγουσι
458 4442 546 4492 πᾶσαν
561 4431 654 4512 ἀρετὴν
670 4431 718 4502 τὴν
742 4432 866 4506 ιύδαιμο·
912 4448 1010 4485 omnem
1023 4432 1142 4483 virtutem
1159 4443 1212 4480 esse
1225 4429 1311 4479 dicum
1323 4430 1367 4477 aut
1376 4427 1500 4477 virtutum
1513 4428 1689 4491 praestantissi-

86 4523 148 4584 νέαν
162 4513 245 4599 εἶναι,
269 4520 352 4593 ἢτῶν
374 4523 472 4602 ἀρετῶν
498 4519 545 4590 τὴν
570 4523 695 4598 ἀρίστην,
722 4517 868 4599 συνιρδδςθ
911 4537 978 4573 mem
997 4523 1109 4572 nostrum
1128 4517 1159 4568 de
1177 4531 1206 4569 ea
1221 4517 1333 4581 congrurit
1350 4515 1480 4579 judicium.
1500 4515 1598 4565 Etenim
1621 4517 1690 4563 actus

86 4610 216 4690 ἡμέτερος
230 4610 290 4689 περὶ
305 4612 384 4681 αὐτῆς
397 4608 484 4686 λόγος.
500 4607 577 4668 Κατὰ
589 4605 640 4688 γάρ
653 4607 701 4679 τὴν
712 4611 758 4678 τῆς
772 4607 867 4684 ἀρετῆς
912 4613 1030 4662 honestus
1046 4596 1150 4660 felicitas
1161 4610 1206 4658 est.
1222 4605 1271 4656 Sed
1289 4605 1354 4654 inter
1371 4604 1427 4654 illos
1436 4605 1461 4653 et
1471 4616 1517 4653 nos
1526 4603 1574 4653 boc
1583 4601 1690 4651 maxime

88 4701 222 4779 ἐνέργειαν
240 4704 255 4770 ἡ
271 4697 422 4772 εὐδαιμονία
439 4697 505 4760 ἐστί.
518 4697 642 4778 Διαφέρει
655 4697 697 4769 δέ,
719 4695 758 4755 δτι
777 4697 801 4753 οἱ
817 4695 866 4772 μὲν
911 4701 1027 4756 interest,
1038 4695 1106 4762 quod
1118 4695 1155 4744 illi
1169 4695 1194 4743 in
1206 4693 1309 4744 virtutis
1323 4691 1411 4742 babitu
1425 4694 1450 4740 et
1464 4690 1630 4754 possessione,
1646 4701 1691 4737 uos

89 4793 118 4850 ἐν
133 4793 166 4860 τῆ
179 4787 231 4858 ἐξει
248 4788 293 4847 καί
309 4787 401 4859 κτήσει
415 4789 463 4858 τῆς
482 4789 575 4867 ἀρετῆς
594 4787 641 4860 τὴν
654 4783 821 4862 εὐδαιμονίαν
834 4773 868 4842 εέ-
911 4790 937 4840 in
946 4803 995 4839 usu
1007 4791 1032 4837 et
1041 4785 1151 4836 muneris
1164 4782 1291 4835 functione
1307 4779 1451 4830 felicitatem
1461 4778 1567 4843 positam
1576 4790 1629 4828 esse
1642 4789 1691 4840 pu·

89 4878 136 4938 ναί
149 4853 246 4957 φασιν,
269 4879 345 4955 ἡμεῖς
368 4875 396 4935 δέ
418 4878 444 4936 ἐν
458 4881 490 4956 τῇ
506 4875 600 4956 χρήσει
623 4874 668 4933 καί
686 4878 719 4950 τῇ
737 4871 864 4952 ἐνεργείορ.
912 4881 1002 4927 tamus.
1022 4873 1070 4925 Sed
1082 4871 1191 4922 multum
1207 4868 1292 4926 refert,
1309 4871 1395 4916 utrum
1412 4867 1437 4916 ln
1452 4865 1603 4930 possessione
1616 4879 1648 4915 an
1664 4865 1690 4915 in

94 4967 215 5047 Διαφορά
235 4966 264 5026 δέ
278 4970 347 5027 ἐστιν
369 4967 415 5025 οὐκ
438 4964 513 5041 ὀλίγη
532 4969 576 5022 τοῦ
592 4964 617 5021 ἐν
633 4963 724 5032 κτήσει
738 4958 755 5031 ἢ
772 4959 867 5038 χρήσει
913 4979 975 5023 usu,
991 4962 1018 5013 in
1032 4961 1119 5012 babitu
1134 4971 1257 5011 summum
1267 4957 1360 5007 bonum
1376 4969 1468 5020 ponas,
1489 4968 1520 5004 an
1540 4953 1566 5005 in
1581 4951 1690 5005 muneris

90 5093 1214 5122 .........-.....-.-...-—--—-——---·

122 5187 136 5214 f
158 5186 216 5247 Gap.
231 5189 254 5234 8.
268 5185 387 5234 Σιιεπτέον
400 5185 429 5244 δὴ
441 5184 497 5249 περὶ
514 5183 586 5241 αὐτῆς
598 5182 650 5230 κτλ.
666 5205 694 5215 -
711 5180 741 5209 *ί*
755 5178 847 5242 Ὀρθῶς
859 5177 884 5226 et
893 5177 935 5226 οιαὶ
949 5176 1002 5224 κτλ.
1013 5199 1044 5210 -
1059 5173 1103 5202 *⁴¹⁸¹
1119 5168 1220 5234 Συνᾲδει
1235 5167 1325 5218 θέκελ.
1343 5189 1376 5204 ·-
1390 5165 1451 5197 *θ’*
1471 5163 1589 5214 Φαίνεται
1602 5161 1628 5212 δέ
1648 5163 1688 5211 καί

89 5255 142 5304 acci..
159 5279 189 5289 —
199 5253 276 5284 *Μ’
290 5256 349 5310 Τοῖς
362 5252 388 5302 dl
400 5257 478 5301 ταῦτα
488 5254 541 5302 κτλ.
559 5274 589 5286 -
601 5249 693 5280 *W*
708 5247 806 5311 Ἓτεροι
823 5247 848 5293 st
862 5247 903 5294 καὶ
915 5246 967 5294 ιιελ.
