3882 5954
175 291 236 350 454
802 283 1010 344 ANDRONlGl
1033 282 1168 345 anuuit

175 419 258 500 ὄρεξιν
273 423 318 478 τοῦ
335 421 443 499 ἀγαθοῦ·
461 419 491 478 τδ
506 417 532 478 δὲ
548 415 644 476 εἰδέναι
663 415 680 476 θ
699 417 739 477 δεῖ
757 416 882 498 πράττειν
910 418 953 478 τδν
1006 429 1092 478 umal:
1108 427 1151 476 illa
1163 429 1247 478 autem
1256 424 1631 478 scientiarerumrlrohonesto
1640 427 1801 490 agendarum

176 510 332 586 σπουδαῖον,
355 507 436 581 άλλης
451 507 507 568 ἐστὶ
524 506 668 584 δυνάμεως.
1004 515 1106 566 alterius
1122 514 1249 565 facultatis
1260 517 1305 565 ast.

215 597 227 624 *
238 596 351 659 Λεκτέον
363 597 394 670 δὴ
407 596 468 677 περὶ
479 594 575 667 ταύτης
586 600 632 667 τῆς
643 593 776 672 δυνάμεως
786 593 957 675 σαφέστερον.
1035 608 1072 654 De
1081 618 1132 668 qua
1143 604 1245 670 quidem
1262 603 1382 655 facultate
1397 604 1450 669 jam
1459 604 1558 668 planius
1577 603 1710 658 dicendum
1723 605 1803 656 nobis

174 687 254 750 Ἔστι
266 687 298 757 δή
313 712 351 754 τις
364 683 494 762 δύναμις,
506 683 539 756 ἣν
554 687 664 745 καλοῦσι
680 685 827 756 δεινότητα·
846 682 913 757 αὕτη
930 684 958 744 δό
1005 695 1060 744 erit.
1085 696 1131 744 list
1151 693 1226 758 igitur
1246 691 1353 744 facultas
1367 694 1484 758 quadam
1500 709 1577 761 quam
1598 695 1738 746 sollertiam
1755 709 1803 746 ro-

175 781 230 838 forr
243 775 367 848 τοιαύτη,
384 773 451 834 ὥστε
466 772 499 832 τδι
513 772 578 851 πρὸς
602 773 646 832 τὸν
673 775 832 832 ὑποτεθέντα
855 774 953 834 σκοπὸν
1006 787 1063 832 cant
1081 797 1086 828 ι
1106 783 1161 834 lamo
1179 787 1265 834 autem
1286 785 1407 848 ejusmodi
1423 789 1475 844 ast,
1505 789 1575 838 utea
1593 799 1652 851 quas
1673 785 1804 836 adfinem

175 868 338 930 συντείνοντα
353 865 478 924 δύνασθαι
493 869 577 924 ταῦτα
594 861 736 944 πράττειν,
756 861 802 921 καὶ
817 862 957 955 τυγχάνριν
1006 871 1159 937 propositum
1168 877 1280 938 spectant
1289 887 1361 938 agere
1368 879 1393 925 et
1403 877 1522 941 consequi
1529 879 1618 940 queat:
1636 874 1728 940 quodsi
1742 875 1804 924 linis

175 962 271 1020 αὐτῶν·
289 956 321 1016 δν
337 955 385 1033 μὲν
396 944 439 1012 οὖν
454 956 468 1012 ό
483 952 578 1019 σκοπὸς
594 943 721 1032 ᾔκαλός,
734 952 858 1024 ἐπαινετή
874 955 955 1029 ἐστιν,
1006 962 1180 1022 honestusest,
1194 963 1345 1028 illaquoque
1359 964 1500 1023 laudabilia.
1520 965 1558 1016 sin
1571 965 1801 1030 malusacturpis,

175 1049 206 1108 δν
220 1047 248 1107 dl
264 1047 381 1128 φαῦλος,
397 1043 555 1124 πανουργία·
576 1042 616 1101 διδ
629 1043 674 1102 καὶ
689 1042 748 1110 τοὺς
759 1042 899 1122 φρονίμους
910 1045 959 1102 δει-
1006 1051 1116 1101 versutia
1123 1052 1265 1102 nominatur
1274 1072 1280 1102 :
1290 1053 1395 1120 ideoque
1406 1054 1540 1121 prudentes
1551 1057 1606 1104 tum
1617 1055 1735 1106 sollertes
1747 1069 1805 1106 esse

174 1135 232 1204 νοὶις
243 1135 289 1195 καὶ
303 1133 467 1214 πανούργους
483 1132 570 1214 φαμὲν
586 1123 663 1191 εἶναι·
681 1129 781 1193 ἔστιδὲ
802 1135 818 1203 ἡ
837 1131 960 1212 φρόνησις
1007 1143 1061 1190 tum
1077 1145 1189 1192 versutos
1199 1139 1353 1194 aflinaamus
1368 1148 1423 1194 :eat
1434 1148 1519 1195 autem
1536 1144 1668 1210 prudentia
1680 1159 1734 1195 non
1744 1145 1801 1209 ipsa

175 1229 223 1306 ούχ
237 1223 303 1296 αὕτη
316 1227 333 1294 ἡ
348 1222 476 1297 δύναμις,
497 1226 514 1294 ἡ
537 1221 677 1298 δεινότης,
695 1222 754 1281 ἀλλ’
772 1221 819 1280 οὐκ
839 1219 900 1280 ἄνευ
913 1226 959 1294 τῆς
1007 1229 1112 1281 facultas
1123 1231 1178 1294 illa,
1190 1247 1266 1297 quam
1278 1233 1414 1284 sollertiam
1426 1233 1550 1295 diximus,
1566 1235 1610 1285 sed
1627 1249 1675 1284 uon
1685 1235 1742 1285 sine
1752 1236 1803 1285 hac

174 1313 309 1390 δυνάμεως
318 1309 423 1382 ταύτης·
433 1308 531 1381 ταύτης
542 1309 592 1389 γδιρ
600 1313 645 1382 τῆς
654 1309 788 1385 δυνάμεως
798 1311 878 1390 ἀρετή
889 1313 958 1370 ἐστιν
1007 1320 1126 1370 facultate
1143 1323 1182 1370 est
1199 1341 1204 1371 :
1226 1321 1303 1386 hujus
1317 1322 1409 1387 quippe
1422 1322 1549 1374 facultatis
1566 1324 1648 1374 virtus
1663 1324 1804 1388 prudentia

173 1401 336 1483 ἡφρόνησις.
351 1397 422 1461 Ούτε
430 1397 514 1458 τοίνυν
524 1398 585 1458 ἄνευ
598 1398 748 1480 φρονήσεως
757 1399 907 1472 τελειωθείη
927 1397 960 1458 δν
1007 1412 1054 1460 est.
1068 1412 1150 1467 Quare
1159 1423 1205 1460 nec
1221 1409 1273 1460 sina
1283 1411 1415 1475 pmdentia
1431 1413 1513 1463 uirtus
1528 1412 1629 1464 moralis
1641 1414 1802 1478 perticiatur,

173 1497 190 1565 ἡ
208 1491 287 1564 ἠθικὴ
308 1489 408 1569 α’ρετή,
426 1487 473 1559 τήν
489 1512 518 1547 τε
544 1485 667 1568 φρόνησιν
688 1489 814 1548 ἀδύνατον
838 1489 958 1568 ἓπιγενέ-
1006 1513 1087 1564 neque
1101 1498 1232 1563 prudentia
1255 1499 1288 1550 ad
1306 1504 1414 1551 mentem
1439 1501 1526 1564 agendi
1549 1503 1574 1552 ri
1586 1503 1720 1566 praeditam
1744 1505 1799 1556 sine

175 1585 235 1640 σθαι
248 1585 285 1662 τῷ
297 1579 437 1658 πρακτικῷ
453 1581 490 1658 νῷ
505 1576 565 1635 ἄνευ
581 1583 627 1650 τῆς
642 1579 723 1650 ἄλλης
748 1584 837 1654 ἠθικῆς
851 1585 956 1664 ἀρετῆς
1008 1587 1208 1652 reliquarirtute
1228 1588 1316 1638 morali
1335 1589 1452 1640 accedere
1472 1589 1574 1654 possit:
1595 1591 1802 1643 ratiocinationes

174 1675 197 1730 ol
210 1672 262 1752 γδρ
281 1668 452 1747 συλλογισμοὶ
470 1671 520 1726 τῶν
536 1673 676 1748 πρακτῶν,
704 1669 748 1738 οθς
763 1673 882 1744 δηλονότι
897 1675 957 1732 οτιλ-
1006 1677 1098 1741 quippe
1111 1689 1197 1726 eorum
1209 1691 1267 1741 quaa
1279 1675 1461 1729 subactionem
1472 1679 1578 1740 uadunt,
1596 1693 1661 1744 quas
1677 1679 1798 1731 uinrirum

174 1761 336 1840 λογιζόμενοι
358 1758 531 1838 πράττομεν,
552 1756 637 1838 ἀρχὰς
664 1757 754 1838 ἔχουσι
770 1758 882 1832 τάτελη
905 1763 956 1819 τῶν

174 1850 304 1930 πράξεων·
321 1847 374 1908 άπδ
385 1846 435 1926 γδιρ
447 1849 499 1904 τῶν
520 1849 601 1904 τελῶν
618 1849 838 1926 συλλογιζόμεθα,
858 1852 880 1908 al
896 1856 959 1926 ἀγα·

175 1936 218 1996 θαύ
232 1937 296 1996 εἰσιν
308 1936 336 1992 αἱ
347 1933 453 2013 πράξεις
465 1931 481 2004 ἢ
493 1935 617 2013 πονηραί·
628 1935 674 2003 τάς
684 1935 712 1995 δὲ
731 1936 853 2005 τοιαύτας
862 1940 956 2020 ἄρχός,

174 2026 207 2084 τδε
221 2023 283 2096 τέλη
295 2022 432 2096 δηλονότι,
449 2023 478 2080 οὐ
490 2023 651 2100 γινώσκομεν
674 2027 735 2083 ἄνευ
752 2029 799 2098 τῆς
813 2026 889 2096 ἕξεως
911 2033 957 2101 τῆς

173 2117 266 2186 ἠθικῆς
284 2115 386 2191 ἀρετῆς·
405 2111 515 2192 πονηρὸν
535 2110 587 2193 γὰρ
611 2112 735 2191 τιθέμεθα
748 2113 821 2182 τέλος
835 2117 886 2176 ὑπὸ
901 2141 957 2177 πο-

174 2212 254 2282 νηρᾶς
269 2201 360 2273 ἕξεως,
379 2202 424 2260 καλ
444 2199 507 2280 πρὸς
522 2206 600 2260 τοῦτο
620 2203 669 2270 τδις
682 2203 788 2283 πράξεις
810 2205 954 2282 τάττομεν,

175 2291 266 2372 ὥσπερ
290 2293 326 2358 εἰς
342 2287 454 2368 ἀγαθόν·
483 2288 528 2348 καλ
551 2290 692 2368 συμόαίνει
714 2292 762 2364 cllo
785 2299 881 2374 γνῶσιν
907 2299 957 2354 τῶν

174 2380 297 2442 τοιούτων
313 2382 440 2460 πρακτῶν
467 2378 504 2455 μὴ
520 2367 587 2438 εἶναι
603 2379 748 2460 φρόνησιν,
762 2385 780 2453 ἡ
794 2382 845 2461 γδιρ
860 2381 956 2464 φρόνη-

175 2493 214 2537 σις
228 2471 289 2551 περὶ
303 2468 337 2528 τδι
354 2468 439 2549 άγαθδι
453 2472 499 2528 τοῦ
522 2468 672 2550 ἀνθρώπου·
701 2468 770 2529 ὥστε
794 2469 897 2549 ἀνάγκη
914 2473 958 2534 τὸν

174 2558 300 2638 φρόνιμον
315 2556 345 2616 τὸ
361 2555 458 2634 άγαθδν
472 2556 588 2616 τίθεσθαι
604 2556 687 2624 τέλος·
704 2559 750 2618 καὶ
772 2559 815 2618 td
837 2565 913 2619 τοῦτο
930 2565 958 2622 ού

175 2647 284 2708 δυνατόν
297 2649 344 2718 τὴν
360 2645 484 2728 φρόνησιν
502 2650 629 2718 συστῆναι
651 2645 713 2707 ἄνευ
729 2652 776 2718 τῆς
793 2647 877 2719 ἄλλης
899 2653 957 2722 ἠθι-

175 2739 223 2808 κῆς
237 2738 339 2816 ἀρετῆς·
354 2735 399 2794 καὶ
413 2735 537 2794 ἀδύνατον
549 2735 672 2814 φρόνιμον
688 2727 756 2794 εἶναι
767 2735 805 2812 μὴ
821 2735 884 2797 ὄντα
898 2741 962 2817 ἀγα·

176 2826 227 2886 θόν·
244 2823 312 2884 aava
330 2823 377 2900 μὲν
398 2813 444 2882 σύν
467 2823 588 2903 φαίνεται
607 2824 655 2897 τὴν
676 2825 800 2907 φρόνησιν
828 2826 866 2904 μὴ
894 2816 961 2887 εἶναι

176 2913 237 2972 άνευ
252 2917 299 2984 τῆς
314 2913 395 2984 ἄλλης
410 2914 503 2982 ἠθικῆς
519 2916 623 2992 ἀρετῆς.

215 3001 242 3032 **
256 3001 378 3080 Φανερδν
395 2999 423 3059 δὲ
439 3000 505 3074 μηδὲ
525 3002 573 3076 τλν
586 2999 680 3080 ἀρετὴν
699 2991 766 3063 εἶναι
783 3003 846 3064 ἄνευ
861 3004 960 3086 φρονή-

176 3108 251 3157 σεως·
268 3089 313 3150 καλ
326 3088 377 3169 γδιρ
387 3091 422 3155 ὣς
432 3087 488 3178 ἔχει
503 3096 519 3162 ἡ
534 3088 658 3172 φρόνησις
672 3091 736 3170 πρὸς
751 3090 798 3162 τλν
814 3091 958 3168 δεινότητα,

175 3181 306 3239 ούταύτδν
323 3177 388 3256 με’ν,
405 3177 493 3254 ὅμοιον
511 3181 549 3240 δι’·
566 3181 611 3240 καλ
623 3182 705 3262 γδιρὴ
722 3181 769 3258 μὲν
782 3182 898 3254 δεινότης
911 3208 961 3266 φυ-

1007 1766 1175 1816 ratiocinando
1192 1767 1301 1832 agimus,
1317 1769 1436 1834 principia
1457 1769 1549 1821 habent
1569 1771 1696 1822 actionum
1708 1773 1774 1824 lines
1792 1791 1797 1823 :

1008 1853 1121 1906 eliuibus
1134 1854 1200 1904 enim
1220 1855 1405 1918 ratiocinamur,
1429 1861 1515 1908 utrum
1534 1858 1599 1908 bona
1619 1859 1668 1908 sint
1687 1858 1800 1912 facinora

1007 1965 1039 2002 an
1052 1951 1137 2002 mala:
1154 1949 1273 2016 principia
1285 1963 1344 2000 vero
1359 1947 1497 2012 ejusmodi,
1524 1947 1572 1997 hoo
1585 1951 1638 2009 est,
1652 1949 1722 2013 ipsos
1740 1949 1801 2000 lines

1007 2041 1059 2092 aine
1073 2041 1175 2091 moralis
1192 2039 1294 2090 virtutis
1307 2037 1396 2089 habitu
1412 2051 1460 2086 non
1483 2037 1654 2100 cognoscimus
1674 2055 1680 2086 :
1703 2039 1802 2104 quippe

1006 2135 1107 2198 propter
1117 2130 1211 2180 malum
1223 2117 1336 2178 habitum
1348 2125 1442 2176 malum
1453 2137 1554 2190 quoque
1572 2124 1646 2176 linem
1656 2126 1733 2177 nobis
1746 2141 1801 2192 pro·

1008 2219 1135 2284 ponimus,
1154 2220 1231 2279 atque
1244 2214 1276 2266 ad
1293 2213 1370 2264 istum
1393 2215 1512 2276 tanquam
1523 2211 1556 2261 ad
1568 2213 1661 2263 bonum
1681 2215 1797 2265 actiones

1008 2306 1105 2353 nostras
1130 2299 1261 2352 referimus
1282 2317 1288 2348 ι
1306 2311 1357 2362 quo
1375 2298 1419 2359 m,
1444 2300 1474 2346 ut
1497 2297 1620 2362 ejusmodi
1644 2311 1730 2348 rerum
1755 2300 1801 2350 sub

1007 2388 1128 2438 actionem
1146 2375 1288 2438 cadentium
1305 2384 1411 2448 cognitio
1422 2398 1471 2434 non
1487 2385 1521 2436 sit
1538 2385 1685 2449 prudentia.
1705 2399 1799 2452 nempe

1007 2473 1033 2523 in
1044 2474 1151 2524 hominis
1162 2473 1232 2524 bonis
1247 2474 1363 2522 versatur
1379 2469 1512 2535 prudentia
1525 2489 1531 2520 ε
1546 2471 1634 2536 itaque
1645 2486 1750 2524 necesse
1763 2479 1801 2526 est

1008 2560 1101 2611 bonum
1114 2561 1162 2610 sibi
1183 2559 1256 2610 finem
1278 2560 1398 2623 proponat
1412 2558 1451 2606 vir
1466 2556 1597 2621 prudens=
1620 2559 1728 2624 ideoque
1743 2575 1801 2628 pru-

1006 2646 1091 2698 dantia
1100 2645 1153 2697 aine
1165 2645 1261 2710 reliqua
1278 2643 1367 2694 morali
1382 2643 1477 2694 virtute
1497 2647 1611 2695 mnatare
1630 2648 1738 2711 nequit:
1756 2663 1801 2701 ne-

1006 2743 1057 2794 que
1068 2731 1201 2795 quisquam
1217 2727 1327 2793 prudens
1341 2741 1395 2778 esse
1411 2729 1506 2791 potest,
1518 2727 1563 2792 qui
1580 2743 1629 2778 non
1644 2730 1677 2781 sit
1693 2731 1799 2784 bonus:

1007 2822 1083 2882 atque
1094 2817 1131 2867 ita
1143 2816 1244 2880 quidem
1261 2817 1380 2879 apparet,
1400 2813 1453 2864 sine
1468 2813 1566 2879 reliqua
1583 2817 1673 2866 morali
1699 2819 1800 2870 virtute

1007 2917 1055 2954 non
1068 2915 1203 2968 possessae
1215 2900 1381 2966 prudentiam.

1039 2992 1130 3044 Sedet
1152 2989 1215 3041 illud
1233 2989 1393 3040 manifestum
1419 2991 1472 3052 est,
1498 3002 1529 3039 ne
1553 2990 1674 3042 virtutem
1694 2994 1799 3058 quidem

1007 3069 1138 3135 pmdentia
1153 3081 1236 3118 carere
1253 3085 1259 3115 ε
1274 3065 1364 3115 etenim
1383 3063 1595 3129 quemadmodum
1612 3068 1747 3131 prudentia
1768 3074 1800 3123 ad

1007 3147 1143 3197 sollertiam
1156 3158 1182 3194 se
1203 3142 1292 3200 habet,
1309 3142 1390 3191 itaut
1409 3155 1457 3191 nou
1473 3141 1560 3192 eadem
1579 3156 1618 3192 res
1635 3145 1740 3196 aitcum
1755 3163 1796 3208 aa,

1008 3222 1052 3275 sed
1076 3221 1163 3273 similis
1184 3220 1292 3285 potius:
1323 3217 1416 3283 quippe
1435 3216 1545 3268 sollertia
1569 3221 1691 3272 naturalis
1721 3225 1797 3275 animi

176 3269 236 3341 ⁶¹⁸4
255 3271 325 3328 ἱστόν
350 3268 529 3342 ἷπῑτηδῑῑόῗηθ
558 3274 604 3342 τῆς
625 3273 729 3350 tuear,
757 3271 817 3344 ll6³
839 3271 962 3352 lf6l²l⁶¹i
1007 3301 1145 3352 dexteritas
1166 3298 1281 3359 habetur,
1301 3295 1423 3360 ejusmodi
1442 3298 1527 3345 autem
1539 3295 1700 3350 dexteritatis
1715 3302 1798 3355 virtus

43 3353 529 3440 'wasseium
553 3358 775 3432 ἐπιτηδειότητος·
789 3359 858 3420 οὕτω
879 3360 962 3435 καλή
1008 3381 1046 3428 est
1061 3375 1192 3442 prudentia
1207 3393 1213 3425 ε
1229 3373 1265 3424 sio
1283 3375 1308 3424 et
1329 3371 1411 3423 virtus
1438 3371 1539 3422 moratis
1560 3373 1591 3422 ad
1614 3378 1757 3428 naturalem
1772 3393 1798 3429 se

175 3447 254 3520 ἠθικὴ
271 3445 350 3526 ιἰρετη
367 3446 431 3526 πρὸς
449 3445 497 3518 τὴν
515 3445 628 3528 φυσικὴν
641 3446 735 3522 ἀρετὴν
750 3445 814 3525 ἔχει.
1008 3453 1092 3504 habet.

215 3536 253 3563 νον
270 3539 343 3596 uffo,
375 3533 391 3592 ρ
423 3537 492 3596 δοκῇ
506 3539 698 3607 ,ῶ,,γρ,,,ῶ,ρ
718 3539 782 3594 πη,
798 3536 864 3596 ἑκά,
929 3563 960 3598 υ.
1041 3530 1237 3584 Omnibusenlm
1252 3527 1355 3593 singulae
1373 3527 1594 3602 virtuteamorales
1609 3530 1798 3604 uidenturque

356 3560 407 3616 ΥΡ
703 3561 716 3616 ρ
865 3560 927 3619 Ἣ
1011 3595 1143 3647 dammodo
1159 3592 1286 3644 naturales
1301 3605 1372 3642 esse:
1392 3590 1544 3654 namquead
1556 3592 1692 3656 justitium,
1706 3600 1797 3661 tempe·

1011 3667 1137 3740 santiam,
1151 3663 1324 3738 fortitudinem
1334 3664 1489 3726 ceterasque
1506 3663 1616 3713 virtutes
1631 3666 1684 3729 apti
1697 3681 1791 3726 sumus.

1009 3743 1088 3796 quum
1100 3743 1210 3794 primum
1222 3738 1355 3776 nascimur.

215 3801 267 3828 ’ω
282 3800 351 3861 Ἀλλ’
367 3801 437 3879 ὅμως
458 3805 586 3878 ζητοῦμεν
608 3801 696 3885 ἕτερόν
716 3803 962 3881 auscultaturus
1040 3809 1089 3860 Sed
1101 3811 1183 3858 tamen
1199 3803 1267 3856 aliud
1286 3801 1405 3868 quiddam
1426 3801 1591 3868 requirimus,
1617 3805 1666 3856 rati
1680 3822 1730 3858 non
1750 3809 1796 3860 has

176 3623 236 3696 σική
251 3647 305 3691 πως
322 3614 396 3682 εἶναι·
411 3623 457 3683 καλ
473 3623 524 3705 γάρ
539 3624 647 3698 δίκαιοι,
667 3625 712 3684 καλ
727 3627 900 3706 σωφρονικοό,
917 3627 962 3688 καλ

177 3715 305 3790 ἀνδρεῖοι,
321 3713 365 3772 καὶ
379 3712 463 3772 τάλλα
479 3713 574 3794 ἔχομεν
589 3712 662 3780 εὐθὺς
678 3715 708 3773 ἐκ
723 3718 839 3793 γενετῆς.

175 3891 272 3958 ταύτας
287 3881 353 3950 εἶναι
362 3891 408 3958 τόις
420 3891 515 3972 κυρίοις
529 3891 633 3970 ἀρετάς.
1009 3897 1135 3957 esseillas,
1146 3909 1202 3961 quc
1216 3893 1314 3960 proprie
1327 3892 1442 3944 dicantur
1461 3892 1575 3944 virtutes.

215 3979 295 4008 ******
311 3971 397 4040 Αθται
411 3979 461 4060 γὰρ
476 3980 521 4040 καλ
533 3981 609 4042 παισὶ
619 3981 664 4041 καὶ
675 3984 771 4063 θηρίοις
783 3981 961 4063 ὑπάρχουσαι,
1040 3987 1149 4039 illenim
1160 3984 1313 4050 habitusqui
1326 3983 1350 4034 in
1360 3982 1444 4047 pueris
1455 3985 1480 4031 st
1492 3982 1579 4033 bestiis
1592 3983 1791 4035 anhnadrertun-

177 4069 307 4149 βλαύτραλ
318 4067 531 4147 γύνονταιένίοτε,
542 4069 584 4129 διδ
595 4071 694 4130 τδάνευ
706 4077 749 4130 νοῦ
761 4080 904 4152 προσεῖναι·
918 4071 962 4131 καλ
1010 4071 1066 4124 tur,
1080 4076 1256 4125 ¹1⁰¹1¹¹l¹¹¹ll¹¹am
1278 4060 1457 4148 delflmfflfflln
1477 4056 1602 4148 memma
1618 4060 1789 4148 ‘lullffisslll‘

177 4158 297 4235 ,αργῃρ
313 4156 418 4234 ,mam
438 4162 539 4238 aqupq,
554 4160 699 4240 ,,,,,,,,ι,,,
717 4159 858 4236 mgnum
878 4159 963 4242 σφγλ,
1009 4142 1111 4192 tellectu
1123 4139 1173 4190 illis
1187 4138 1292 4188 insunt:
1312 4141 1338 4188 et
1351 4139 1380 4187 ut
1392 4135 1476 4188 valido
1495 4149 1594 4200 corpori
1615 4135 1712 4196 accidat,
1727 4152 1791 4202 quo-

364 4250 381 4264 „
594 4249 605 4272 ,
731 4251 747 4266 a
1010 4219 1058 4270 ties
1073 4220 1196 4275 moretur,
1224 4219 1253 4265 ut
1277 4215 1353 4280 pedes
1375 4215 1536 4265 vehementer
1562 4211 1688 4274 offendat,
1717 4229 1794 4278 quum

176 4247 809 4329 ²⁸⁰⁰⁰¹⁸1⁶1⁰9⁰³³³3wdv⁸⁰⁰4⁵w⁶m⁷¹⁷ffl⁹
831 4247 899 4307 οὕτω
917 4249 963 4309 καὶ
1009 4294 1062 4344 sine
1086 4291 1187 4342 videndi
1209 4305 1283 4342 sensu
1305 4293 1433 4347 moretur,
1460 4289 1495 4340 ita
1512 4290 1586 4340 etiam
1608 4289 1671 4340 tales
1697 4291 1795 4342 habitus

177 4337 223 4403 τὰς
238 4334 361 4402 τοιαύτας
378 4333 442 4402 ἔξεις
456 4335 516 4395 ἄνευ
532 4340 576 4394 νοῦ
587 4334 704 4416 πονηρὰς
720 4325 787 4394 Εἶναι
803 4335 962 4414 συμὸαἶνῑῑι
1009 4371 1061 4420 sino
1072 4369 1200 4418 intellectu
1218 4371 1297 4420 malos
1317 4381 1371 4418 esse
1394 4369 1505 4426 constat,
1522 4380 1579 4416 cum
1594 4367 1795 4418 intellectorem

179 4423 246 4506 μετὰ
261 4423 288 4484 δὲ
303 4428 346 4482 roi]
363 4421 471 4501 ἀγαθάς·
489 4421 517 4482 αἳ
529 4423 575 4483 καὶ
587 4425 678 4504 ἇρεταλ
699 4423 795 4504 κυρίως
809 4427 960 4489 καλῶνται·
1009 4447 1085 4498 bonos
1104 4465 1109 4495 ε
1125 4446 1227 4496 undeet
1242 4445 1341 4510 proprie
1357 4444 1466 4495 virtutes
1477 4447 1606 4494 vocantur.
1622 4445 1711 4505 ltaque
1720 4444 1796 4494 iidem

180 4514 234 4576 Kal
248 4515 275 4573 al
292 4513 369 4574 αθταλ
385 4513 449 4582 ἔξεις
463 4521 508 4575 soii
521 4514 568 4590 μὲν
586 4515 647 4574 άνευ
663 4519 709 4576 οὒκ
721 4515 787 4574 εἰσὶν
809 4515 900 4596 άρεταλ
914 4540 962 4578 au·
1008 4524 1109 4576 habitus
1130 4523 1183 4574 sine
1202 4522 1328 4572 intellectu
1342 4521 1441 4586 proprie
1455 4519 1565 4570 virtutes
1575 4533 1624 4569 non
1643 4523 1715 4578 sunt,
1738 4533 1795 4569 cum

179 4604 259 4684 ρίυις,
280 4604 350 4682 μιτδι
365 4604 393 4664 δδ
410 4613 454 4666 νοῦ
470 4606 565 4688 κυρίως
578 4603 670 4686 ἀρεταὶ
684 4606 809 4684 γίνονται·
827 4604 897 4666 ὥστε
910 4629 962 4667 κα.
1008 4596 1137 4647 intellectu
1162 4597 1247 4644 autem
1265 4592 1364 4658 proprie
1383 4591 1492 4642 virtutes
1520 4591 1583 4642 funt
1603 4608 1609 4638 :
1633 4589 1797 4655 quamobrem

178 4695 262 4776 θάπερ
278 4692 321 4754 ἐπὶ
335 4699 381 4753 τοῦ
397 4693 548 4764 δοξαστικοῦ
564 4695 610 4755 δύο
624 4694 689 4756 εἰσὶν
700 4695 772 4771 εἴδη,
789 4695 905 4768 δεινότης
917 4696 962 4756 κοιλ
1009 4668 1074 4790 :iffi
1081 4667 1322 4804 ,Ἕγὲῗθέῗᾛζῖὲθ
1331 4660 1620 4800 ,ἒῖῗΰὲἓῃῗξίῗᾶξρξυῧ
1632 4661 1722 4784 333,
1740 4662 1796 4785 23ss

179 4782 314 4864 θθόνησκι
325 4783 406 4852 Οὕτως
421 4783 463 4842 ἐπὶ
477 4791 522 4845 τοῦ
537 4787 630 4857 illim&
645 4784 691 4844 δύο
706 4783 777 4862 rat,
792 4781 823 4844 τὸ
838 4781 886 4862 μὲν
901 4785 961 4865 ἅδε·
1009 4813 1082 4871 aunt,
1093 4809 1171 4861 altera
1184 4808 1267 4860 virtus
1275 4807 1414 4869 naturalis,
1429 4805 1578 4871 alteraque
1592 4805 1692 4870 propria
1705 4804 1796 4857 dicitur

178 4870 337 4952 τὴφυσική,
351 4872 381 4934 τδ
393 4872 421 4933 δὲ
435 4877 453 4947 ἡ
466 4875 571 4956 κυρίως.
1010 4883 1099 4933 rirtm.

210 5103 340 5155 *desetor
355 5105 376 5154 δ’
391 5105 538 5166 ἐπιστήσασι
555 5107 704 5174 σαφέστερον
716 5107 808 5158 κτλ-
823 5107 850 5134 **
863 5105 921 5172 Gap.
943 5111 979 5160 θθ.
993 5108 1115 5161 Σκεπτέον
1133 5109 1163 5170 δὴ
1179 5108 1252 5160 πάλιν
1269 5109 1326 5174 κτλ.
1348 5131 1380 5144 -
1400 5105 1439 5135 '**
1456 5107 1526 5158 Πᾶσι
1545 5105 1591 5168 γὰρ
1611 5107 1681 5158 δοκεῖ
1696 5107 1749 5158 κτλ.
1764 5129 1794 5142 -

180 5173 233 5202 *m
250 5173 308 5226 Ἀλλ’
320 5175 384 5238 ὅμως
393 5179 446 5226 κτλ.
458 5202 490 5212 -
505 5177 579 5208 *Μ*
593 5179 641 5229 Καὶ
650 5179 696 5244 γὰρ
709 5179 779 5231 παισὶ
792 5179 833 5230 καὶ
846 5180 936 5246 θηρίοις
947 5181 1000 5231 κτλ.
