3976 5948
256 538 759 670 nrluroros
857 649 860 656 .
1124 544 1550 686 calumnis

241 795 767 898 ΑΠΟΣΠΑΣΜΑΤΙΑ.
1160 799 1516 899 FRAGMENTA.

413 1017 596 1070 w
1247 1034 1426 1058 -οσοοοω

156 1235 179 1274 r.
202 1213 255 1276 Τὸν
278 1215 337 1296 περί
363 1219 416 1276 τῶν
443 1216 615 1284 Ἀτλαντίνων
641 1219 782 1298 σύμπαντα
805 1226 896 1284 τοῦτον
941 1217 1170 1308 όντωςγενομίνης
1185 1233 1239 1290 ἐκεῖ
1253 1230 1333 1303 νήσου
1348 1238 1615 1317 παμμεγείίεστάτης,
1631 1241 1664 1314 ἢν
1678 1245 1722 1303 ἐπί

110 1301 186 1381 λόγον
206 1306 230 1363 οἱ
249 1302 297 1382 μὲν
314 1304 433 1386 ἱστορίαν
458 1305 548 1386 ψιλὴν
562 1299 630 1367 εἶναί
656 1331 749 1392 φασιν,
773 1311 862 1392 ὥσπερ
882 1317 896 1374 ὁ
941 1316 1040 1385 πολλάς
1051 1318 1185 1399 περιόδους
1194 1320 1523 1385 δυναστεύσαιπασῶντιῒιν
1532 1329 1558 1386 ἰν
1569 1332 1606 1388 τῶ
1614 1329 1722 1392 ’Ariar-

108 1395 213 1470 πρῶτος
227 1398 272 1453 τοῦ
293 1393 435 1464 Πλάτωνος
455 1394 584 1474 ἐξηγητὴς
606 1398 745 1480 Κράντωρ·
761 1397 787 1467 ὅς
802 1399 833 1472 δή
850 1400 895 1460 καί
940 1409 1005 1486 εικῷ
1020 1406 1130 1486 πελάγει
1149 1405 1252 1480 νήσων,
1281 1411 1442 1480 Ποσειδῶνος
1465 1414 1510 1472 καί
1532 1387 1613 1490 αὐτήν
1641 1410 1720 1479 ούσαν

109 1480 279 1541 σκώπτεσθαι
304 1481 351 1560 μίν
377 1506 456 1565 φησιν
476 1483 554 1544 αὐτὸν
569 1485 621 1545 ὑπὸ
635 1489 687 1544 τῶν
708 1485 768 1547 τότε
791 1490 826 1556 ύις
847 1489 895 1549 οὐκ
939 1494 1023 1574 ἱεράν.
1040 1498 1133 1556 Ταῦτα
1149 1496 1196 1574 μὲν
1217 1487 1261 1557 σύν
1276 1501 1290 1556 ὁ
1307 1499 1462 1578 Μάρκελλος
1481 1505 1508 1561 ir
1522 1507 1576 1572 τοῖς
1594 1505 1719 1568 Αἰθιοπι-

109 1569 190 1628 atris
205 1569 268 1630 ὄντα
283 1573 329 1642 τῆς
340 1572 472 1638 πολιτείας
484 1571 591 1654 εὑρετήν
607 1574 676 1634 ἀλλὰ
686 1577 894 1660 μεταγράψαντα
939 1585 993 1650 κοῖς
1009 1583 1147 1665 γέγραφεν.
1168 1583 1307 1645 Videmus
1325 1588 1414 1662 igitur
1428 1589 1617 1665 Creatorem,
1640 1593 1720 1653 ittar-

108 1657 331 1738 addisceretur.
383 1661 436 1722 Τὸν
460 1663 487 1722 δί
510 1670 634 1724 τοσοῦτον
657 1663 818 1736 ποιήσασθαι
841 1670 894 1726 τῶν
940 1672 1044 1730 cellum
1074 1673 1206 1751 aliosque
1228 1687 1342 1733 veteres
1366 1689 1427 1734 tum
1458 1693 1720 1756 rerumgestarum

108 1747 286 1807 σκωπτόντων
304 1749 393 1828 λόγον,
409 1749 478 1812 ὥστε
493 1751 537 1811 ἐπὶ
557 1751 717 1832 Αἰγυπτίους
734 1753 892 1836 ἀναπέμψαι
939 1762 1174 1838 pronuntiatores
1202 1775 1261 1820 turn
1291 1763 1484 1843 philosophos
1521 1787 1554 1824 ea
1589 1789 1654 1845 quae
1681 1771 1718 1828 dc

106 1833 157 1908 τήν
172 1836 232 1916 περὶ
249 1837 390 1912 Ἀθηναίων
403 1841 449 1899 καί
465 1839 636 1901 Ἀτλαντίνων
649 1839 748 1912 ταύτην
763 1843 891 1923 ἱστορίαν,
938 1850 1085 1908 Atlantide
1095 1863 1251 1908 narrantur
1264 1851 1442 1922 credidisse,
1457 1853 1635 1914 aliesauteur
1649 1857 1718 1916 salsa

104 1926 143 1991 ίις
155 1928 207 1983 τῶν
229 1925 370 2000 Ἀθηναίων
386 1927 456 1987 κατίι
475 1929 574 2002 ταύτην
600 1927 735 2003 ζησάντων
759 1929 823 1990 ποτὲ
843 1932 892 2005 τήν
937 1939 1128 2000 existimasse.
1145 1938 1189 1999 Ci.
1211 1939 1333 1997 Procius
1348 1941 1379 1997 in
1397 1939 1480 2001 Tim.
1506 1962 1535 2021 p.
1554 1943 1588 2000 31
1617 1945 1663 2022 [p.
1681 1967 1718 2017 70

105 2012 252 2078 πολιτείαν.
305 2018 477 2097 Μαρτυροῦσι
499 2015 526 2077 δὲ
541 2017 584 2078 aet
608 2020 632 2077 οἱ
648 2023 796 2102 προφῆται,
813 2021 890 2100 φησί,
937 2027 982 2090 ed.
996 2027 1187 2100 Schneider.i
1202 2029 1258 2085 Sed
1273 2028 1349 2086 utris
1364 2031 1577 2089 assentiendum
1598 2033 1653 2106 sit,
1670 2033 1720 2092 ho·

104 2105 160 2162 τῶν
173 2103 336 2182 Αἰγυπτίων,
352 2108 379 2166 ἰν
392 2105 500 2179 στήλαις
514 2115 571 2174 ταῖς
582 2106 621 2165 ίτι
633 2107 793 2184 σωζομένοις
805 2114 891 2168 ταῦτα
937 2115 985 2174 die
1008 2135 1124 2194 quoque
1139 2115 1232 2193 quaeri
1247 2115 1328 2174 solet.
1355 2115 1523 2176 Cavendum
1547 2131 1660 2192 tamen,
1682 2141 1719 2180 ne

104 2189 252 2274 γεγράφθαι
273 2191 403 2274 λέγοντες.
457 2197 492 2256 Οἱ
515 2194 544 2256 δέ
558 2217 637 2278 φασιν
653 2195 736 2270 αὐτὴν
751 2202 831 2276 μῦθον
852 2190 890 2258 εἰ·
936 2205 1082 2280 incognita
1106 2223 1162 2282 pro
1181 2204 1306 2279 cognitis
1331 2203 1501 2268 babeamus.
1529 2205 1615 2266 liiulti
1638 2211 1716 2267 enim

103 2301 161 2340 ναι.
936 2313 994 2352 non
1017 2291 1164 2351 intellecto
1183 2291 1282 2350 Procli
1302 2293 1366 2350 ioco
1386 2292 1418 2349 in
1432 2291 1509 2352 Tim.
1525 2314 1556 2372 p.
1577 2297 1614 2353 ad
1632 2310 1718 2374 puta·

150 2369 292 2447 (Procius
304 2370 468 2442 Commeat.
480 2372 511 2430 in
526 2372 658 2434 Platonis
671 2373 811 2432 Timaeum
824 2395 889 2454 pag.
936 2394 1020 2453 runt,
1045 2380 1215 2438 memoriam
1229 2379 1300 2439 belii
1321 2399 1387 2439 eum
1407 2381 1566 2442 Atlantinis
1586 2387 1660 2460 gesti
1685 2389 1716 2446 in

103 2465 157 2528 at.
170 2459 206 2520 A.
218 2459 264 2518 ed.
277 2461 366 2522 Basti.
389 2457 473 2542 [pag.
487 2460 522 2528 54
539 2461 585 2521 ed.
597 2461 781 2540 Schneider]
799 2463 889 2523 Perti·
936 2469 1135 2528 Panathenaeis
1155 2468 1294 2526 Minervae
1316 2469 1402 2546 peplo
1423 2471 1541 2548 tropaeis
1564 2473 1716 2534 Atlanticis

103 2548 348 2609 nentbaecverba
369 2550 405 2608 ad
416 2563 516 2609 notum
532 2550 615 2609 illum
631 2551 764 2611 Platonis
780 2553 888 2628 locum,
935 2571 1038 2616 ornato
1054 2568 1254 2616 conservatam
1270 2575 1342 2617 esse.
1359 2554 1470 2636 Nempe
1484 2558 1562 2634 apud
1577 2558 1715 2620 Proclum

102 2636 159 2696 ubi
174 2637 350 2698 sacerdotem
366 2639 533 2718 AEgyptium
544 2640 648 2699 Soioni
663 2656 829 2701 narrantem
844 2645 889 2703 in·
935 2645 998 2724 ejus
1013 2647 1055 2706 rei
1070 2665 1123 2705 nec
1136 2645 1204 2703 vota
1218 2663 1271 2702 nec
1285 2645 1441 2721 vestigium
1462 2659 1591 2724 apparet.
1611 2648 1715 2709 Osten-

101 2726 202 2800 ducu,
227 2727 404 2787 Atlantidcm
428 2730 554 2787 insulam
583 2742 664 2789 trans
686 2731 821 2790 Herculis
846 2754 891 2792 co-
936 2735 979 2792 dit
992 2734 1047 2816 boc
1055 2734 1116 2812 jam
1132 2733 1244 2812 pridem
1259 2733 1325 2794 Car.
1341 2731 1390 2792 Fr.
1408 2732 1591 2793 iiermannus
1606 2735 1637 2794 in
1658 2743 1714 2796 An-

101 2816 221 2875 iumnas
244 2817 329 2875 sitam
354 2817 443 2876 fuisse
468 2817 564 2896 Libya
590 2831 619 2877 et
646 2819 714 2878 Asia
743 2820 885 2899 majorem
935 2821 1034 2898 tiquit.
1049 2841 1123 2880 sacr.
1143 2820 1211 2898 §54
1230 2833 1290 2879 not.
1309 2820 1342 2877 εἰ
1358 2832 1444 2898 atque
1458 2820 1488 2878 in
1508 2821 1618 2884 ilistor.
1638 2823 1714 2899 pbil.

101 2905 374 2985 potentissimisque
398 2905 517 2983 regibus
540 2908 692 2986 paruisse,
720 2910 772 2987 qui
798 2931 889 2988 quon·
934 2911 1007 2970 Plat.
1019 2910 1105 2970 Τοιπ.
1116 2907 1143 2980 Ι,
1154 2929 1183 2988 p.
1196 2917 1264 2983 7⁰4·
1280 2911 1420 2967 Ceterum
1435 2909 1617 2987 antiquitatis
1632 2911 1716 2972 inre-

101 2993 170 3052 dam
186 2992 383 3074 Libyamque
397 2994 433 3054 ad
448 2995 601 3075 AEgyptum
617 3009 646 3055 et
662 2997 887 3076 Europamque
934 2997 1124 3074 stipatoribus
1143 2997 1282 3072 legendus
1295 3010 1339 3056 est
1353 2997 1513 3056 Alexandri
1530 2998 1716 3070 Humboidtii

102 3083 142 3143 ad
161 3083 307 3144 Etruriam
327 3083 448 3144 subacta
465 3085 585 3164 imperii
600 3085 674 3145 fines
692 3087 887 3164 protulerint,
933 3086 1075 3164 iiber-'qui
1089 3083 1264 3144 inscribitur
1281 3089 1431 3144 :Examen
1448 3093 1565 3162 critique
1578 3091 1615 3145 de
1637 3092 1716 3148 turs-

103 3172 198 3232 donec
211 3172 248 3232 ab
258 3171 500 3232 'Atheniensibus
514 3186 542 3232 et
560 3174 672 3232 caeteris
688 3173 799 3232 (iraecis
815 3193 888 3251 quos
933 3184 1002 3234 torre
1015 3180 1053 3234 du
1066 3195 1196 3232 nouveau
1212 3181 1377 3236 continent..
1397 3174 1483 3244 Quod
1497 3175 1641 3254 reliquum
1655 3193 1714 3252 est,

103 3260 182 3320 bello
194 3262 359 3339 petiverant
379 3261 452 3320 victi
473 3262 549 3333 sint3
568 3274 716 3340 postremo
731 3273 819 3319 totam
842 3263 887 3321 in·
933 3262 1093 3343 probamus
1107 3261 1293 3320 Stalibaumii
1308 3263 1496 3334 sententiam.
1516 3265 1566 3341 qui
1582 3263 1617 3323 ad
1633 3264 1712 3329 Tim.

103 3349 392 3427 sulam-vingentibus
412 3363 497 3409 terrae
514 3349 644 3408 motibus
667 3369 838 3408 concussam
860 3365 889 3410 et
933 3371 961 3430 p.
980 3371 1035 3410 roo
1053 3349 1114 3408 hac
1128 3349 1284 3428 proposuit
1301 3370 1307 3406 :
1324 3349 1494 3428 «quidquid
1506 3350 1549 3408 rei
1563 3362 1605 3408 est
1614 3397 1624 3426 ,
1640 3351 1715 3411 iiiurl

101 3441 189 3516 aquis
197 3440 490 3519 baustamsuperiuso
497 3439 571 3497 mari
579 3439 886 3502 Atlanticointeriisse.
933 3439 1050 3517 quidem
1066 3438 1166 3514 negari
1191 3457 1250 3496 non
1274 3449 1386 3516 potest,
1412 3457 1477 3514 quae
1494 3438 1530 3495 de
1547 3437 1604 3495 situ
1622 3451 1650 3496 et
1664 3459 1715 3498 re-

100 3525 215 3586 Eadem
231 3526 291 3585 iere
303 3527 468 3588 referuntur
491 3527 523 3586 in
543 3527 677 3587 Platonis
689 3529 807 3604 dialogo
822 3530 890 3598 θείη
932 3528 1034 3604 gionc,
1049 3527 1085 3585 de
1099 3526 1314 3602 magnitudine,
1326 3525 1363 3584 de
1375 3526 1508 3604 potentia
1526 3525 1653 3603 denique
1671 3542 1714 3587 at·

101 3616 156 3674 tia.
168 3614 215 3676 cu
226 3613 329 3696 Suebo
342 3614 395 3678 iib.
408 3612 449 3687 li,
464 3636 494 3695 p.
511 3637 584 3690 1023
600 3615 774 3676 Plutarchus
784 3615 885 3678 Solon.
932 3637 991 3694 que
1002 3614 1107 3696 opibus
1124 3615 1212 3693 hujus
1226 3615 1330 3674 insulae
1342 3633 1359 3673 a
1371 3613 1491 3671 Platone
1501 3627 1666 3687 narrantur,
1680 3635 1714 3676 ea

102 3703 676 3784 cap.26.Piiniusbist.nat.iib.i1,90;
689 3705 888 3766 Tertullianus
931 3707 1055 3764 uurihce
1070 3708 1102 3766 in
1117 3707 1282 3766 Americam
1300 3703 1478 3774 convenire,
1496 3713 1529 3760 ut
1544 3703 1569 3760 si
1593 3721 1653 3760 uara
1673 3724 1710 3762 ex

104 3795 260 3875 Apologet.
277 3813 342 3873 cap.
359 3801 409 3862 Ao.
428 3793 482 3852 ilia
498 3813 570 3853 vero
581 3793 617 3852 de
631 3813 663 3851 re
677 3792 799 3852 Procius
814 3795 834 3854 i.
856 3817 883 3857 c.
932 3793 1061 3852 historiae
1076 3793 1206 3853 sontibus
1216 3793 1318 3865 ducta,
1339 3803 1417 3849 certe
1432 3789 1713 3865 singulari-quadarn

101 3907 134 3964 p.
160 3885 209 3954 54.
231 3882 263 3942 F.
281 3884 370 3962 [pag.
397 3885 453 3942 126
471 3883 518 3944 ed.
536 3867 725 3962 Schneider]
740 3883 800 3940 haec
813 3884 888 3942 scri·
932 3901 965 3940 ac
978 3902 1102 3961 prorsus
1122 3881 1225 3940 divina
1249 3879 1340 3938 animi
1355 3877 1563 3957 praesagitione
1586 3877 1713 3938 conficta

103 3974 179 4052 psit:
190 3971 290 4050 ὅτιμὲν
305 3969 406 4050 ίγίνετο
414 3968 523 4044 τοιαύτη
533 3995 571 4040 τις
585 3975 664 4044 νῆσος
675 3970 720 4030 καί
731 3970 887 4044 τηλικαύτη,
908 3935 912 4022 ί
932 3971 1001 4032 sint.
1016 3972 1050 4048 ν)

102 4062 212 4133 δηλοῦσί
222 4064 350 4127 τινεςτῶν
361 4059 533 4140 ἱστορούντων
548 4059 580 4119 cd
591 4059 652 4138 περὶ
666 4063 713 4132 τῆς
727 4059 776 4129 ἔξω
790 4059 886 4120 Θαλάτ-
972 4078 995 4118 ν.
1016 4060 1052 4118 Οἱ
1067 4055 1094 4116 δὲ
1110 4056 1171 4137 περὶ
1186 4053 1327 4136 Κράντορα
1348 4055 1394 4111 τοῦ
1419 4049 1562 4118 Πλάτωνος
1586 4049 1714 4130 ἱξηγηταί

101 4173 159 4222 της.
170 4139 247 4210 iiim
261 4148 313 4230 γὶιρ
322 4147 367 4208 καί
384 4151 411 4209 ἰν
426 4155 479 4217 τοῖς
493 4151 577 4208 αὐτῶν
585 4148 687 4230 χρόνοις
697 4147 764 4210 ἔπτὰ
775 4145 823 4226 μὲν
835 4147 886 4218 νή·
933 4168 997 4227 φασι
1008 4143 1115 4224 γενητὸν
1130 4140 1309 4221 λέγεσθαιτὸν
1330 4137 1429 4218 κόσμον
1444 4142 1480 4207 ὡς
1495 4137 1541 4197 ἀπ’
1561 4139 1648 4208 αἰτίας
1663 4141 1713 4200 άλ-

102 4263 162 4305 σοος
175 4242 202 4298 ἐν
217 4239 309 4320 ἰκτίνῳ
318 4241 356 4319 τῷ
381 4237 491 4318 πελάγει
507 4237 672 4320 Περσεφόνης
687 4238 769 4319 ἱεράς,
780 4245 848 4317 τρεῖς
858 4238 886 4297 δὲ
932 4237 978 4306 λης
992 4232 1174 4313 παραγόμενον
1192 4230 1238 4289 καί
1253 4231 1301 4290 οἰκ
1314 4229 1378 4290 ὄντα
1391 4228 1532 4310 ἀύτόγονον
1551 4227 1609 4290 etti
1632 4233 1713 4291 αύθυ-

101 4329 183 4394 ἄλλος
197 4327 338 4400 άπλίτους,
353 4325 400 4400 τήν
416 4325 465 4406 μίν
480 4327 649 4400 illatrant,
665 4327 714 4400 τὴν
730 4326 757 4387 δὲ
771 4323 884 4406 Ἄμμω-
932 4321 1073 4382 πύσταεον.
1449 4337 1454 4348 ’
1504 4371 1508 4378 .
1607 4391 1612 4400 γ

100 4441 158 4491 νος,
185 4415 270 4494 μίσην
295 4416 322 4476 δὲ
346 4417 445 4477 τούτων
471 4417 554 4490 ἄλλην
580 4417 765 4492 Ποσειδῶνος,
790 4415 883 4496 χιλίων
975 4411 1115 4492 (Procius
1125 4409 1290 4488 inTim.p.
1306 4409 1355 4493 85.
1370 4409 1407 4470 A.
1424 4409 1471 4471 od.
1485 4407 1575 4469 Basti.
1591 4407 1639 4486 [p.
1658 4428 1714 4486 199

99 4503 216 4565 σταδίοιν
226 4506 257 4566 τὸ
268 4505 393 4585 μέγεθος,
412 4503 458 4564 καί
471 4503 531 4572 τοὺς
544 4506 676 4572 οἰκοῦντας
690 4506 717 4564 ἐν
734 4505 801 4585 αὐτῇ
819 4504 884 4581 μνή-
932 4502 979 4565 cd.
995 4496 1171 4581 Schneider]
1183 4497 1307 4569 τοιαύτης
1322 4478 1405 4591 ζωόν
1427 4501 1474 4569 τῆς
1487 4495 1621 4570 ζητήσεως
1635 4496 1716 4568 οὔσης

100 4618 155 4672 μην
167 4593 221 4654 αἰπύ
232 4597 285 4654 τῶν
297 4594 432 4675 προγόνων
444 4592 562 4662 διασώζεΙ
589 4593 706 4674 περὶτῆς
724 4591 886 4658 Ἀτλαντίδος
934 4588 1106 4669 Πλούταρχος
1122 4587 1168 4666 pir
1183 4588 1230 4645 καί
1249 4584 1364 4654 Ἀττικὸς
1386 4583 1431 4644 atei
1450 4585 1527 4644 ἄλλοι
1547 4582 1642 4642 πολλοὶ
1662 4587 1714 4642 τῶν

886 4708 1052 4720 —

135 4765 143 4810 t
171 4761 259 4810 Totam
277 4761 340 4811 haue
358 4761 390 4812 tle
403 4760 535 4812 Allantiuis
552 4759 715 4809 narrationem
730 4757 770 4808 alii
793 4757 884 4808 nudam
930 4755 1026 4805 aienses
1037 4754 1105 4805 harre
1114 4754 1221 4805 ctrttaus
1233 4755 1325 4804 statum
1334 4751 1458 4800 hahuisse.
1491 4751 1609 4810 ilavero,
1624 4748 1713 4810 inquit.

98 4845 229 4897 historiam
246 4859 300 4897 essa
312 4845 390 4908 aiunt,
405 4849 433 4896 ut
445 4845 539 4910 primus
550 4843 661 4895 Platonis
676 4843 797 4907 interpres
810 4843 886 4892 crau·
931 4842 1094 4894 testificantur
1109 4842 1279 4906 AEgyptiorum
1301 4851 1401 4904 quoquc
1419 4839 1504 4898 rates,
1523 4836 1578 4886 hec
1594 4835 1714 4884 columnis

97 4938 152 4994 tor3
176 4935 220 5001 qul
233 4949 290 4987 eum
310 4939 385 4988 etiarn
405 4936 437 4988 ab
453 4934 590 5002 equalibus
609 4934 717 4984 derisum
739 4945 793 4984 esse
814 4932 885 4994 dicit,
929 4946 986 4997 quaa
1003 4932 1085 4984 adhue
1103 4934 1201 4983 exstant
1221 4929 1338 4993 inscripta
1357 4941 1410 4978 esse
1430 4928 1547 4978 dicentes.
1590 4925 1638 4976 Alit
1654 4937 1714 4974 vero

97 5023 166 5089 qnod
180 5039 228 5076 uon
237 5025 289 5090 ipse
299 5026 364 5077 eset
375 5024 517 5090 reipublice
530 5024 649 5086 inventor,
662 5021 706 5072 sed
717 5022 883 5086 AEgyptiorunr
929 5020 1056 5074 historiam
1067 5021 1133 5073 iilam
1145 5035 1237 5072 meram
1251 5018 1357 5070 tabulam
1371 5029 1425 5068 esse
1439 5015 1516 5068 dunt.
1625 5011 1628 5017 ‘

99 5113 170 5163 rasin
181 5125 288 5178 graecam
299 5111 406 5176 linguam
415 5111 590 5164 transtulisset.
602 5111 672 5163 lllnm
682 5110 884 5162 autemadaonon
961 5117 984 5161 ε.
1000 5115 1030 5161 At
1046 5111 1159 5170 crantor,
1171 5107 1281 5159 Platonis
1296 5108 1425 5169 interpres,
1442 5103 1478 5154 alt
1491 5105 1646 5168 procreatum
1662 5103 1713 5154 dici

98 5197 233 5262 neglexisse
246 5198 375 5262 derisores,
390 5201 420 5248 ut
434 5200 554 5265 AEgyptiis
571 5199 635 5251 hanc
646 5199 678 5250 da
695 5198 884 5251 Atheniensibus
929 5200 1058 5262 mundum,
1073 5201 1193 5264 quatenus
1207 5197 1238 5247 ab
1249 5197 1297 5246 alia
1309 5193 1484 5245 causaoriatur
1493 5207 1523 5244 aa
1536 5206 1614 5254 neque
1625 5195 1711 5258 suapte

99 5287 125 5333 et
138 5281 272 5337 Atlantinls
292 5285 458 5336 narrationem
474 5287 623 5351 remitteret,
639 5287 709 5344 ratus
725 5287 783 5338 olira
804 5287 881 5338 Athe·
930 5291 1015 5354 sponte
1031 5289 1103 5337 iratus
1113 5287 1158 5340 sit.
1178 5297 1256 5350 neque
1270 5296 1349 5350 perse
1360 5281 1486 5340 subsistat.

888 5379 946 5439 139
