4020 5950
542 859 543 862 Ὗ
667 677 1178 822 armanno.

799 940 1086 977 ...ᾧ

213 1137 331 1232 Quum
358 1141 564 1216 Aristoteles
587 1143 640 1240 (ι)
661 1143 697 1214 in
724 1139 858 1213 Ethicis
887 1140 1134 1214 Nicomacheis
1155 1143 1214 1214 dei
1238 1143 1348 1216 vitam
1372 1159 1408 1217 et
1427 1143 1570 1218 beatam
1590 1171 1664 1218 esse
1684 1161 1720 1220 et

164 1269 200 1340 in
229 1268 537 1366 contemplatione
560 1267 754 1339 consistere
768 1265 948 1356 docuerit,
966 1291 1009 1338 ex
1030 1265 1236 1340 hominibus
1251 1285 1372 1341 autem
1389 1294 1450 1341 eos
1474 1272 1536 1368 qui
1557 1273 1719 1370 proxime

163 1393 210 1465 ad
235 1391 323 1467 deos
349 1391 562 1464 accederent
588 1393 794 1488 caeterisque
821 1388 946 1462 studiis
970 1414 1091 1464 rerum
1115 1393 1460 1494 contemplationem
1488 1397 1716 1493 praeferrent,

162 1518 305 1616 aequalis
324 1517 555 1589 beatitudinis
573 1517 763 1616 participes
791 1514 867 1586 fore
885 1515 1014 1586 dixerit
1039 1541 1046 1584 :
1072 1539 1155 1586 vere
1181 1513 1285 1586 nobis
1314 1513 1548 1616 philosophiae
1572 1519 1646 1590 vim
1668 1518 1720 1590 illi

164 1645 373 1742 expressisse
402 1642 584 1733 videntur,
610 1643 673 1740 qui
701 1666 779 1712 eam
817 1639 919 1740 quasi
942 1637 1125 1738 quandam
1159 1638 1288 1712 divinae
1318 1656 1453 1713 naturae
1483 1642 1720 1716 imitationem

164 1793 238 1841 esse
267 1769 500 1868 scripserunt.
530 1771 591 1839 Est
613 1781 732 1838 autem
753 1765 909 1836 hominis
933 1765 1126 1860 ingeniosi,
1159 1781 1222 1837 aut
1240 1765 1377 1862 majora
1400 1767 1560 1840 humano
1583 1767 1720 1868 fastigio

165 1895 293 1966 mentis
311 1894 388 1964 acie
416 1891 610 1992 dispicere,
636 1905 699 1960 aut
723 1905 820 1961 certe
844 1914 927 1960 cum
956 1889 1123 1961 humanis
1151 1891 1271 1962 divina
1298 1887 1504 1991 copulando
1532 1891 1568 1966 in
1591 1919 1719 1967 conse·

164 2016 308 2116 quenda
337 2017 500 2088 omnium
520 2017 651 2088 artium
677 2015 824 2086 scientia
848 2028 966 2085 totum
992 2039 1029 2085 se
1052 2013 1242 2090 collocare.
1270 2017 1360 2090 Hinc
1396 2033 1531 2092 veteres
1555 2019 1721 2118 sophistae

164 2143 302 2239 gloriati
328 2157 431 2231 sunt,
461 2139 550 2212 nihil
572 2165 648 2212 esse
677 2140 716 2211 in
734 2138 847 2229 coelo,
877 2137 963 2210 nihil
987 2138 1025 2209 in
1049 2153 1160 2230 terra,
1180 2139 1268 2211 nihil
1291 2141 1329 2210 in
1353 2143 1460 2232 mari,
1481 2142 1570 2214 nihil
1592 2141 1665 2215 ulla
1682 2144 1719 2215 in

162 2266 363 2364 disciplina,
384 2265 484 2364 quod
501 2265 567 2363 ipsi
590 2265 780 2354 nescirent,
804 2289 921 2361 neque
942 2264 1059 2336 solum
1073 2264 1236 2338 liberales
1252 2265 1453 2358 doctrinas,
1471 2269 1716 2364 geometriam,

163 2393 351 2482 musicam,
374 2391 563 2462 historiam
585 2414 622 2460 se
644 2387 777 2460 habere
801 2390 981 2484 cognitas,
1007 2388 1264 2486 elegantissima
1284 2405 1463 2488 poetarum
1490 2391 1719 2492 aliorumque

165 2515 389 2588 eruditorum
410 2515 601 2586 hominum
619 2513 751 2611 scripta
771 2513 950 2610 attigisse,
970 2539 1049 2611 quae
1072 2539 1182 2614 porro
1196 2515 1243 2587 de
1265 2530 1399 2586 naturae
1422 2515 1654 2610 obscuritate,
1673 2519 1719 2592 de

161 2641 353 2713 hominum
382 2639 561 2728 moribus,
593 2636 639 2710 de
678 2637 882 2710 civitatibus
913 2638 1154 2734 traderentur,
1188 2639 1372 2732 didicisse,
1405 2641 1469 2714 sed
1502 2641 1718 2716 sordidiores

162 2789 312 2865 quoque
333 2765 530 2838 cerdonum
552 2777 645 2836 artes
671 2766 879 2837 exercuisse.

213 2897 294 2980 Quo
313 2892 350 2963 in
378 2916 507 2988 genere
530 2915 644 2989 quum
663 2889 711 2961 ab
735 2889 891 2987 antiquis
921 2889 1146 2990 philosophis
1169 2887 1344 2988 usquead
1364 2893 1549 2963 Socratem
1577 2895 1720 2968 numeri

164 3015 365 3112 mundique
393 3015 547 3110 origines
576 3013 916 3111 pervestigarentur,
949 3013 1210 3110 diligenterque
1243 3009 1402 3084 siderum
1432 3013 1728 3108 magnitudines,¹

163 3140 370 3231 intervalla,
395 3165 519 3212 cursus
537 3155 574 3210 et
599 3137 752 3213 caelestia
773 3139 894 3211 omnia
917 3138 1185 3236 indagarentur,
1211 3141 1374 3212 Socrates
1406 3139 1542 3238 primus
1566 3139 1722 3239 philoso·
1749 3173 1753 3182 ·
1815 3219 1831 3244 ⁴

165 3265 289 3362 phiam
309 3291 329 3337 e
348 3251 444 3337 coelo
462 3263 649 3337 devocavit
676 3277 784 3362 atque
798 3263 846 3335 ad
868 3265 976 3336 vitam
1001 3287 1233 3336 communem
1250 3275 1287 3332 et
1301 3259 1493 3334 hominum
1512 3287 1630 3335 mores
1649 3279 1721 3336 tra·

164 3389 284 3480 duxit,
303 3389 403 3460 Plato
420 3387 465 3460 de
484 3388 630 3484 singulis
653 3387 890 3487 philosophiae
911 3389 1072 3488 partibus
1102 3388 1214 3462 multa
1232 3386 1417 3478 disseruit,
1438 3387 1500 3460 sed
1522 3389 1598 3486 ejus
1616 3387 1722 3462 disci·

165 3514 272 3612 pulus
296 3519 512 3614 Xenocrates
544 3517 683 3613 primus
720 3515 902 3616 sapientiae
930 3514 1155 3614 disciplinam
1182 3515 1219 3585 in
1245 3527 1317 3585 tres
1353 3528 1486 3613 partes,
1513 3511 1719 3612 physicam,

165 3639 324 3728 ethicen,
341 3639 562 3714 dialecticam
585 3641 715 3714 divisit.
741 3645 818 3713 lam
835 3621 921 3712 vero
937 3639 1002 3712 etsi
1017 3665 1142 3712 eorum
1161 3639 1224 3738 qui
1238 3655 1361 3738 postea
1385 3637 1624 3738 philosophati
1639 3655 1722 3712 sunt

164 3763 241 3837 aliis
259 3763 327 3834 alia
351 3763 589 3863 philosophiae
613 3763 765 3838 formula
778 3765 911 3854 arrisit,
944 3772 1065 3836 tamen
1090 3763 1291 3836 cavendum
1315 3779 1381 3853 est,
1407 3787 1452 3835 ne
1471 3763 1551 3858 quis
1575 3787 1720 3836 omnem

164 3887 430 3986 philosophiam
448 3889 610 3962 inutilem
630 3916 723 3980 esse,
759 3889 936 3992 pluraque
960 3890 1174 3963 detrimenta
1202 3913 1312 3985 quam
1345 3886 1549 3982 adjumenta
1566 3881 1721 3986 publicis

164 4011 272 4084 rebus
298 4038 317 4082 a
350 4014 432 4084 viris
457 4015 637 4112 sapientiae
666 4015 775 4113 gloria
801 4015 1055 4119 praestantibus
1089 4029 1125 4086 et
1146 4012 1309 4084 facundis
1331 4014 1524 4111 importata
1553 4037 1628 4087 esse
1649 4029 1716 4086 sta·

164 4150 255 4207 tuat.
289 4139 391 4206 Posse
420 4138 517 4209 enim
556 4137 700 4209 dicendi
729 4122 936 4212 facultatem
962 4138 1010 4212 ad
1037 4137 1323 4236 corrumpendos
1353 4131 1483 4208 civium
1513 4158 1651 4229 mores,
1674 4139 1721 4210 ad

164 4260 453 4334 labefactandam
481 4263 744 4361 rempublicam
771 4267 993 4364 omninoque
1017 4266 1061 4336 ad
1088 4262 1277 4335 hominum
1307 4259 1503 4360 perniciem
1537 4264 1717 4354 converti,

163 4385 407 4484 sophistarum
435 4385 696 4487 disputationes
728 4388 924 4462 declarant.
961 4391 1007 4460 tt
1042 4386 1173 4474 talibus
1201 4383 1371 4483 exemplis
1400 4383 1437 4456 id
1465 4384 1564 4480 quod
1595 4387 1721 4460 volunt

165 4509 332 4581 nonnulli
363 4535 436 4582 non
464 4511 710 4585 confirmatur.
738 4514 882 4613 Quippe
911 4515 1012 4586 omni
1039 4512 1172 4610 ingenii
1204 4510 1373 4584 facultate
1390 4524 1427 4582 et
1454 4507 1547 4582 bene
1568 4526 1605 4583 et
1626 4512 1720 4606 male

165 4635 221 4705 uti
240 4633 334 4706 licet.

210 4865 250 4944 (ι)
267 4866 436 4929 Aristoteles
452 4868 547 4932 Ethic.
560 4869 675 4932 Nicom.
687 4871 740 4932 lib.
759 4871 784 4930 x
798 4893 862 4953 cap.
881 4875 948 4952 8.p.
963 4875 1038 4948 1178
1053 4873 1101 4932 ed.
1118 4873 1239 4936 bekker.
1257 4872 1326 4934 ὥστε
1342 4879 1359 4947 ἡ
1375 4879 1419 4936 τοῦ
1432 4873 1615 4951 Θεοῦὶνέργεια
1632 4895 1719 4948 μοιρα-

167 4961 269 5042 ριότητι
284 4963 444 5047 διαφέρουσα
462 4968 609 5050 θεωρητικὴ
630 4969 661 5030 ἂν
685 4968 742 5043 εἴη·
756 4969 801 5030 καὶ
816 4975 868 5031 τῶν
882 4971 1050 5052 ἀνθρωπίνων
1066 4971 1099 5045 δὴ
1116 4971 1228 5053 ἡταύτῃ
1244 4972 1439 5052 ουγγενεατοίτη
1448 5021 1456 5050 ,
1482 4967 1716 5045 εὐδαιμονεστάτη.

166 5059 284 5136 Σημεῖον
303 5059 390 5122 δὲκαὶ
405 5063 489 5144 τὸμὴ
507 5067 628 5150 μετέχειν
638 5067 672 5128 τὰ
684 5065 767 5128 λοιπὰ
784 5072 839 5152 ζῷα
857 5067 1040 5146 εὐδαιμονίας,
1057 5073 1104 5144 τῆς
1125 5072 1248 5144 τοιαύτης
1266 5069 1395 5151 ἕνεργείας
1414 5069 1578 5152 εὀτερημὲνα
1597 5065 1718 5136 τελείως·

165 5163 221 5222 tais
241 5157 289 5234 μὶν
304 5159 354 5241 γὰρ
369 5166 435 5230 θεοῖς
451 5173 503 5233 τᾶς
519 5167 534 5224 ὁ
551 5165 605 5246 βίος
619 5165 764 5247 μακάριος,
778 5172 832 5238 τοῖς
845 5169 870 5228 δ’
885 5165 1031 5249 ἀνθρώποις
1047 5170 1087 5251 ἐρ’
1107 5167 1168 5230 ὅσον
1190 5169 1313 5247 ὁμοίωμά
1336 5191 1362 5228 τι
1381 5172 1428 5242 τῆς
1443 5167 1566 5240 τοιαύτης
1589 5164 1719 5248 ἐνεργείας

167 5253 284 5335 ὑπάρχει
299 5269 327 5315 et
343 5257 407 5318 aliis
421 5260 505 5323 lucia.

295 5373 479 5418 rutromaaee.
494 5377 532 5419 m.
1590 5377 1609 5417 a
1656 5387 1664 5396 ‚.
