3958 5942
810 363 1058 430 serendum.
1666 351 1744 437 lecre>

142 492 290 573 οίάφίντες
307 491 386 567 τιίνδι
410 490 459 564 τλν
481 491 587 570 φωνήν,
603 484 641 560 οἷς
657 493 807 573 ἀντείρηκεν
820 499 834 554 ό
849 495 919 578 Ἀρι·
968 497 1042 559 αύτολ
1066 497 1116 580 γὰρ
1140 499 1314 580 ἁμαρτάνοιεν
1332 501 1375 580 όν,
1393 475 1522 572 ἀξιούντες
1549 500 1586 581 μὴ
1614 507 1743 588 διαφέρειν

143 581 274 655 στοτίλης.
306 578 417 660 Ἴσχυσε
441 580 529 658 μέντοι
549 586 659 641 τοιαῦτα
683 583 767 661 λέγων
783 585 828 644 καί
844 585 922 668 Πύρ·
968 589 1048 650 αὐτά.
1094 589 1149 650 Καί
1173 589 1226 668 μὴν
1246 592 1271 650 εἰ
1294 591 1340 650 και
1361 591 1495 669 δοίημενθ
1519 595 1620 670 αὐτοῖς,
1646 595 1739 667 ἐπίσης

143 675 195 752 ιόων
214 667 353 737 δἯλεῖος·
377 667 436 728 ἀλλ’
452 668 527 737 ιιθτδς
540 669 588 747 μὲν
602 667 676 729 οὐδὲν
690 673 717 731 ιν
737 677 826 753 γραφῇ
841 697 923 734 κατα·
968 677 1098 758 ἀδιάφορα
1122 676 1210 737 πάντα
1231 669 1317 754 εἶναι,
1334 681 1412 752 δῆλον
1426 686 1461 749 ὡς
1475 683 1522 741 odic
1543 681 1575 740 δν
1598 683 1744 764 διαφέροιεν

145 763 275 821 λέλοιπεν.
316 757 350 820 Ὁ
374 759 402 816 δι’
422 781 452 838 γε
474 759 593 836 μαθητὴς
617 761 697 820 αὐτοῦ
724 763 817 841 Τίμων
838 764 921 842 φησί,
967 767 1020 825 οὐδ’
1036 766 1109 826 αὐτοὶ
1137 771 1188 826 τῶν
1202 771 1318 831 πολλῶν.
1361 769 1410 837 Τίς
1431 761 1475 830 σύν
1503 769 1543 842 είη
1566 767 1597 830 δν
1626 773 1743 846 αύτῶυὴ

141 849 195 908 δεῖν
219 849 264 909 τάν
279 849 281 854 ’
297 847 429 926 μέλλοντα
458 847 657 924 εὐδαιμονήσειν
682 852 718 918 είς
752 849 813 930 τρία
836 857 922 911 ταῦτα
967 853 1064 932 σοφίας
1081 857 1125 914 καί
1141 857 1184 916 διδι
1198 857 1226 915 τί
1241 857 1333 934 Τίμων
1351 860 1404 925 ταῖς
1415 858 1461 933 μὲν
1482 857 1571 926 ἄλλοις
1583 859 1740 938 λοιδορεῖται

142 937 259 1016 βλέπειν·
273 940 378 1017 πρῶτον
393 935 458 1014 μέν,
483 939 562 996 ὁποῖα
584 937 684 1020 πίφυκε
709 937 743 998 τά
766 941 922 1020 πράγματα·
966 947 1045 1014 πᾶσι,
1063 942 1192 1024 Πύρρωνα
1218 943 1242 1003 δ’
1266 948 1341 1021 ὑμνεῖ
1374 945 1468 1022 μόνον;
1482 943 1547 1008 Ἐτι
1572 969 1603 1028 γε
1624 948 1694 1024 μήν,
1722 951 1745 1006 εί

141 1025 260 1106 δεύτερον
277 1025 320 1099 δέ,
338 1025 397 1085 τινα
419 1023 473 1105 χρὴ
490 1025 585 1106 τρόπον
600 1030 672 1106 ἡμᾶς
696 1027 761 1108 πρὸς
776 1028 844 1086 αὐτὰ
864 1030 921 1089 δια·
966 1026 1057 1102 ἐπίσης
1082 1033 1150 1092 ἐστιν
1178 1029 1307 1114 ἀδιάφορα
1334 1032 1438 1110 πάντα,
1463 1033 1508 1092 καί
1523 1033 1566 1093 δεδι
1600 1040 1675 1094 τοῦτο
1694 1034 1745 1116 χρὴ

140 1120 252 1174 κεῖσθαι·
278 1115 427 1174 τελευταῖον
455 1112 501 1188 δά,
528 1115 554 1173 τί
580 1115 718 1197 περιέσται
751 1121 805 1185 τοῖς
838 1118 920 1187 οὕτως
968 1119 1049 1194 μηδὲν
1066 1119 1191 1194 δοξάζειν,
1206 1121 1298 1182 οὖκάν
1313 1123 1369 1180 οὐδὲ
1384 1130 1466 1183 ταῦτα
1487 1124 1612 1204 διαφέροι·
1634 1124 1747 1202 λέγωδὲ

139 1202 241 1284 ἔχουσι.
285 1203 328 1264 Τόι
343 1201 390 1280 μὲν
406 1191 450 1262 ούν
461 1203 609 1281 πράγματά
622 1228 700 1286 φησιν
715 1206 792 1266 αὐτὸν
809 1208 918 1288 ἀποφαί·
968 1205 997 1263 τὸ
1010 1206 1152 1288 διαφέρειν,
1168 1207 1186 1281 ἢ
1204 1209 1241 1286 μὴ
1256 1210 1404 1292 διαφέρειν,
1421 1211 1465 1269 καί
1480 1211 1510 1269 τὸ
1530 1211 1652 1284 δοξάζειν,
1673 1211 1746 1290 ἢμὴ

139 1315 192 1352 νειν
219 1293 313 1366 ἐπίσης
340 1290 491 1372 ἀδιάφορα,
517 1293 562 1351 καί
587 1294 759 1370 ἀστάθμητα,
784 1295 828 1354 και
844 1295 921 1375 ἀνάγ·
969 1292 1093 1364 δοξάζειν.
1134 1297 1170 1357 Τί
1183 1299 1233 1377 γάρ
1250 1301 1349 1376 μᾶλλον
1364 1299 1448 1358 ταῦτά
1464 1302 1554 1374 ἐστιν,
1571 1297 1647 1370 dorin
1659 1299 1747 1373 ἔστιν;

141 1400 228 1458 κριτα·
245 1380 289 1441 διάι
300 1385 378 1439 τοῦτο
395 1380 463 1454 μήτε
478 1379 525 1447 τάς
540 1380 672 1452 αἰσθήσεις
684 1385 776 1458 ἡμῶν,
792 1380 861 1459 μήτε
876 1385 922 1450 τὰς
970 1381 1003 1453 ἦ,
1022 1382 1057 1450 ὥς
1068 1407 1131 1464 φησι
1145 1385 1257 1463 Τίμων,
1274 1385 1316 1446 διά
1337 1388 1380 1464 τί,
1395 1387 1451 1460 ναί,
1464 1387 1508 1446 καί
1524 1389 1567 1446 διὰ
1582 1389 1624 1461 τί,
1638 1387 1685 1462 ού,
1702 1389 1747 1448 καὶ
1772 1381 1776 1384 ’

142 1469 217 1536 δόξας
240 1465 405 1540 ἀληθεύεινῆ
431 1467 580 1549 ψεύδεσθαι.
626 1469 678 1530 Διά
699 1475 777 1528 τοῦτο
792 1461 836 1529 ούν
854 1471 922 1548 μηδὲ
968 1470 1029 1529 αὐτὸ
1044 1472 1073 1532 τὸ
1088 1469 1188 1548 διδιτί;
1203 1474 1312 1555 φανερὸν
1327 1469 1421 1542 οάνιίις
1438 1479 1581 1556 ἀναιρεῖται
1603 1476 1633 1535 τὸ
1649 1481 1744 1550 ζητεῖν.

144 1558 278 1616 πιστεύειν
293 1561 381 1624 αὐταῖς
403 1559 472 1631 δεῖν,
496 1557 556 1617 ἀλλ’
571 1557 727 1628 ἀδοξάστους
747 1557 793 1618 καί
810 1561 922 1628 ἀκλινεῒς
966 1556 1051 1618 Ὥστε
1065 1563 1259 1622 παυσάσθωσαν
1275 1565 1450 1643 ἐνοχλοῦντες.
1493 1565 1572 1625 Ἐπεὶ
1596 1569 1640 1624 νῖν
1654 1591 1683 1647 γε
1699 1593 1747 1644 με·

148 1651 192 1705 καὶ
209 1647 384 1724 ἀκραδάντους
401 1637 483 1725 sinor,
498 1645 559 1728 περί
584 1646 637 1714 lvi<
652 1647 765 1707 ἑκάστου
780 1646 921 1727 λέγοντας,
969 1647 1088 1727 μήνασι,
1102 1649 1195 1730 πόρρω
1208 1649 1301 1729 τέχνης
1316 1651 1371 1727 ἅμα
1389 1651 1435 1728 μὲν
1456 1653 1519 1728 ἡμῖν
1536 1654 1745 1732 διακελευόμενοι

143 1735 183 1794 ότι
198 1737 227 1793 οὗ
240 1735 339 1809 μᾶλλόν
352 1733 461 1811 ε’στιν,ἢ
477 1735 524 1793 οὐκ
539 1735 610 1796 ἔστιν
620 1735 657 1813 ,ἢ
673 1735 718 1794 καί
732 1735 804 1807 ἔστι,
818 1735 864 1794 καί
876 1740 923 1796 οὐκ
968 1735 1005 1809 μὴ
1018 1735 1147 1810 δοξάζειν,
1170 1737 1226 1816 δίμα
1242 1738 1268 1796 δὲ
1291 1738 1439 1806 κελεύοντες
1462 1739 1525 1798 αὐτὸ
1548 1746 1625 1798 τοῦτο
1649 1751 1742 1800 ποιεῖν·

141 1822 223 1899 ἔστιν,
236 1825 291 1882 οὐδ’
305 1825 351 1881 οὐκ
367 1823 446 1882 ἔστιν.
461 1829 472 1858 ⁸
487 1827 548 1891 Τοῖς
563 1823 651 1902 μέντοι
667 1823 840 1902 διακειμένοις
852 1823 922 1884 οὕτω
967 1819 1012 1879 καὶ
1031 1821 1146 1901 λέγοντες
1166 1827 1200 1892 ὡς
1214 1825 1273 1905 περὶ
1288 1825 1387 1892 οὐδενὸς
1403 1825 1592 1906 ἀποφαίνεσθαι
1614 1829 1677 1902 δέοι,
1691 1830 1740 1888 κᾶ-

142 1909 310 1992 περιίσεσθαι
329 1910 423 1987 Τίμων
439 1912 520 1986 φησί,
549 1915 652 1990 πρῶτον
675 1913 807 1992 ἀφασίαν,
829 1913 921 1972 ἔπειτα
966 1934 1044 1969 πειτα
1056 1911 1267 1992 ἀποφαινόμενοι·
1278 1915 1323 1973 καί
1334 1914 1433 1984 ἀξιοῦσι
1450 1913 1497 1991 μὲν
1509 1916 1601 1993 μηδενί
1613 1940 1742 1994 συγκατα·

144 2000 164 2056 δ’
180 1998 336 2078 ἀταραξίαν,
353 1997 532 2075 Αινησίδημος
547 1998 575 2058 δὲ
592 1998 697 2072 ἡδονήν,
740 1998 784 2058 Τὰ
809 1999 856 2076 μὲν
877 1991 921 2060 ούν
966 1999 1229 2074 τίθεσθαι,πείθεσθαι
1244 2005 1267 2061 δ’
1277 2005 1362 2070 αὐτοῖς
1373 2003 1533 2065 κελεύουσιν.
1548 1993 1614 2064 Εἶτα
1625 2007 1743 2084 λέγοντες

148 2087 280 2167 κεφάλαια
290 2089 343 2144 τῶν
358 2085 507 2164 λεγομένων
532 2086 588 2146 ἐστὶ
611 2091 706 2150 ταῦτα.
753 2087 921 2168 Σκεψώμεθα
968 2089 1049 2166 μηδὲν
1060 2089 1166 2163 εἰδέναι,
1178 2089 1278 2159 πάντας
1289 2091 1441 2170 ἐλέγχουσιν
1448 2096 1481 2158 ὡς
1496 2083 1525 2150 εὖ
1537 2093 1642 2161 εἰδότες.
1656 2095 1748 2174 ἰλνάγ-

145 2174 167 2230 δ’
177 2177 200 2232 ει
212 2176 294 2254 ὀρθῶς
305 2174 437 2252 λέγουσιν.
481 2175 559 2236 Ἐπεί
574 2175 659 2236 τοίνυν
680 2174 774 2250 ἐπίσης
789 2177 921 2259 ἀδιάφορα
966 2197 1000 2247 κη
1020 2176 1066 2234 δὲο
1078 2177 1136 2244 τοὺς
1151 2178 1298 2258 φάσκοντας
1308 2184 1342 2245 ὡς
1356 2180 1442 2252 ἀδηλα
1451 2180 1538 2239 πάντα
1551 2181 1603 2253 εἴη,
1625 2184 1692 2240 δυεῖν
1705 2185 1747 2241 θοί-

142 2262 231 2322 πάντα
253 2265 331 2345 φασίν
353 2254 430 2337 εἶναι,
454 2264 499 2324 καὶ
514 2265 558 2323 διὰ
582 2271 657 2324 τοῦτο
679 2265 814 2325 κελεύουσι
828 2265 921 2342 μηδενί
966 2263 1075 2343 τερον,ἣ
1089 2276 1203 2347 σιωπᾷν,
1215 2264 1232 2336 ἢ
1243 2266 1433 2348 ἀποφαίνεσθαί
1443 2293 1467 2326 τι
1482 2267 1527 2328 καί
1539 2269 1633 2346 λέγειν.
1650 2272 1683 2328 Εἰ
1699 2272 1746 2348 μὲν

141 2353 345 2430 προστίθεσθαι,
371 2349 438 2428 μηδὲ
461 2350 589 2426 δοξάζειν,
618 2352 724 2419 εἰκότως
751 2353 804 2426 ἄν,
826 2343 920 2432 οἶμαι,
967 2340 1011 2408 ούν
1026 2343 1138 2430 ἡσυχίαν
1155 2352 1253 2430 ἄγοιεν,
1270 2354 1347 2424 δῆλον
1364 2353 1403 2412 ότι
1417 2356 1482 2432 πρός
1498 2378 1526 2433 γε
1541 2356 1599 2422 τοὺς
1612 2352 1742 2421 τοιούτους

140 2437 247 2498 πύθοιτό
259 2463 298 2507 τις
312 2442 406 2498 αύτιῗιν·
424 2431 476 2519 ἀρά
491 2461 521 2516 γε
546 2440 770 2520 διαμαρτάνουσιν
791 2439 922 2520 οίδιαφό·
967 2436 1049 2503 οὐδεὶς
1074 2435 1160 2508 ἂνεῖη
1184 2437 1268 2516 λύγοι·
1285 2439 1346 2498 εἶδ’
1363 2440 1564 2522 ἅποφαίνοιντο,
1591 2443 1676 2514 πάντη
1713 2467 1742 2502 τε

141 2551 193 2606 ρειν
218 2529 284 2588 αὐτὰ
304 2530 467 2605 νομίζοντες,
494 2525 576 2601 ἢού;
605 2527 716 2595 Πάντως
739 2528 800 2608 γάρ,
826 2531 849 2587 ει
874 2529 921 2605 μὲν
967 2524 1011 2582 καί
1024 2523 1155 2598 πάντωςῆ
1171 2516 1237 2584 εἶναί
1252 2549 1277 2584 τι
1288 2535 1364 2607 φαῖεν
1377 2526 1454 2601 dmi
1474 2529 1511 2604 μή
1525 2519 1607 2606 εῖναι,
1624 2529 1744 2610 καθάπερ

140 2615 348 2694 ἀμαρτάῖιουσιν,
363 2619 410 2675 οὐκ
426 2618 510 2697 ὀρθῶς
525 2615 737 2693 θπολαμύάνοιεν
753 2616 794 2678 άν.
833 2614 921 2676 Ὥστε
967 2613 1060 2688 ἀμέλει
1076 2612 1131 2670 νυνί
1144 2636 1221 2693 φασιν
1236 2617 1270 2682 ὡς
1282 2614 1322 2687 εἴη
1338 2615 1424 2674 πάντα
1440 2616 1561 2692 ἄγνωστα
1576 2617 1620 2676 καὶ
1636 2619 1746 2695 volitet&

140 2705 243 2781 ἀνάγκη
268 2704 353 2782 λέγειν
378 2705 465 2772 αὐτοῖς
494 2694 561 2763 εἷναί
584 2727 674 2780 τινας,
696 2704 755 2772 τοὺς
777 2704 811 2762 τὰ
835 2705 920 2786 ψευδῆ
966 2701 1186 2780 πάσι,γνωστὸν
1202 2703 1225 2760 δ’
1242 2704 1313 2762 οὐδέν
1332 2726 1392 2764 που.
1437 2703 1471 2764 Ὁ
1487 2703 1572 2763 τοίνυν
1592 2705 1668 2773 ἀξιῶν
1686 2706 1703 2776 ἤ
1721 2727 1746 2762 τι

139 2793 265 2874 περὶτῶν
281 2792 361 2853 ὄντων
377 2793 539 2863 δοξάζοντας·
563 2793 636 2853 αιίτοί
661 2793 744 2853 τοίνυν
769 2785 819 2853 εἷεν
843 2793 874 2852 ἀν
897 2797 921 2855 οί
967 2791 1042 2860 δηλοῖ
1060 2799 1172 2870 πρᾶγμα
1185 2835 1193 2870 ,
1205 2790 1251 2849 καὶ
1270 2791 1368 2852 ἔνεστιν
1382 2793 1446 2852 αὐτὸ
1460 2795 1573 2852 συνεῖναι
1587 2794 1741 2868 λεγόμενον,

40 2891 43 2898 ’
138 2883 241 2954 τάληθῆ
255 2881 388 2960 λέγοντες·
405 2881 473 2940 οὕτω
496 2880 523 2940 δὲ
539 2881 579 2956 είη
594 2880 625 2940 ἀν
642 2881 737 2952 ἀληθές
751 2905 780 2940 τε
793 2882 838 2940 καῖ
851 2885 915 2962 ψεῖ·
969 2879 1049 2950 ἢούκ
1069 2880 1176 2942 ἔνεστιν.
1222 2879 1385 2958 Ἀλλέίμδν
1401 2883 1429 2940 ού
1444 2882 1538 2955 δηλοῖ,
1557 2882 1678 2950 καθάπαξ
1694 2885 1743 2940 ού-

139 2971 192 3036 δος.
239 2972 272 3030 Εἰ
287 2969 311 3026 δ’
333 2973 383 3050 οὐχ
409 2969 595 3050 ἁμαρτάνομεν
617 2971 640 3027 οι
664 2967 771 3042 πολλοί,
795 2968 827 3028 τό
854 2968 917 3028 ὄντα
966 2969 1017 3038 δεῖς
1037 2969 1090 3027 οὐδ’
1105 2971 1172 3029 odem
1189 2969 1253 3048 πρὸς
1271 2969 1314 3028 τόν
1329 2977 1441 3032 τοιοῦτον
1461 2969 1492 3029 ἀν
1513 2969 1553 3042 είη
1575 2971 1660 3050 λόγος.
1707 2974 1739 3031 Εἰ

138 3057 269 3137 διαφόρειν
283 3056 412 3134 οἰόμενοι,
434 3057 459 3116 τί
473 3057 598 3125 παθόντες
614 3056 818 3128 ἐπιπλήττουσιν
834 3061 917 3134 ἡμῖνς
966 3057 993 3116 δὲ
1011 3056 1149 3134 σημαίνοι.
1172 3058 1306 3128 πάντωςῆ
1322 3058 1417 3138 ἀπειρα
1433 3059 1503 3134 λέγοι
1523 3059 1602 3132 siml
1626 3083 1746 3140 πεπερα-

138 3275 245 3340 reliquii.
261 3276 440 3339 Ail'imoejus
455 3276 607 3340 discipulus,
624 3277 672 3328 irie
686 3265 852 3340 eispeolanu'a
867 3289 922 3326 esse
968 3291 1016 3340 quc
1051 3291 1100 3326 ιιιιιι
1128 3280 1194 3328 recle
1226 3277 1343 3328 sentiunt.
1393 3279 1478 3342 licque
1500 3292 1600 3331 neccsse
1623 3279 1677 3342 εει,
1697 3279 1745 3344 ipsi
1797 3295 1798 3298 ¹

138 3364 224 3429 dccet,
241 3365 284 3428 qui
298 3363 415 3416 ielicileie
429 3365 515 3418 llorere
532 3363 618 3430 cupit:
635 3364 759 3430 primum,
783 3363 922 3428 crrjrrsmodi
965 3378 1063 3430 quoque
1077 3365 1172 3428 (licent,
1186 3378 1242 3415 esse
1254 3365 1396 3430 nonnullos,
1411 3365 1454 3431 qui
1467 3365 1528 3418 lolso
1541 3367 1573 3419 de
1586 3368 1662 3419 rehrrs
1676 3368 1745 3431 judi-

138 3465 222 3505 rerum
237 3455 369 3504 nolrrrosil
383 3472 389 3504 ι
402 3453 505 3514 deinde,
522 3453 647 3517 quomodo
666 3467 708 3504 ees
720 3453 810 3504 intueri
830 3451 921 3503 debca-
965 3457 1034 3514 οοιιι·ί
1056 3466 1083 3503 ee
1100 3466 1172 3517 porro
1192 3453 1258 3504 soloe
1278 3467 1332 3504 esse
1349 3455 1393 3520 qui
1407 3468 1465 3507 rore
1476 3455 1627 3519 predicent:
1643 3470 1674 3507 ex
1692 3471 1748 3521 quo¹

137 3555 194 3594 mus
206 3561 212 3594 ε
226 3549 360 3608 ροειιειιιο,
378 3544 437 3608 quid
455 3543 485 3596 ile
501 3546 648 3595 eventurum
666 3531 716 3604 sil,
729 3543 770 3607 qni
791 3542 840 3592 hoc
857 3543 920 3593 icm-
965 3542 1074 3605 proleclo
1085 3542 1196 3605 sequiiur
1214 3541 1265 3593 veri
1284 3542 1376 3606 aliquid
1391 3542 1493 3606 falsique
1508 3543 1616 3607 reperiri.
1651 3545 1745 3604 Quodsi

136 3633 196 3682 rint.
220 3635 264 3683 lies
276 3647 334 3697 ergo
351 3633 468 3684 altilium
488 3647 558 3697 mque
578 3633 730 3698 promiscuas
751 3633 873 3696 appellere
896 3637 921 3683 ei
964 3643 1013 3680 nou
1029 3631 1213 3694 erramus,qui
1232 3631 1305 3694 vulgo
1318 3644 1358 3681 res
1380 3631 1444 3682 inter
1457 3644 1484 3682 ee
1497 3631 1627 3682 dissimiles
1643 3639 1697 3683 esse
1709 3647 1745 3683 ar-

137 3720 245 3770 inceries
256 3733 285 3769 ec
297 3719 384 3771 dulles
400 3721 523 3784 :ideoque
542 3733 587 3771 uec
601 3719 626 3770 iu
635 3720 761 3782 sensibus,
776 3733 821 3770 nec
831 3721 856 3772 in
868 3719 920 3784 ορὶ-
964 3717 1094 3782 bilmmnr,
1108 3729 1152 3768 cur
1169 3720 1221 3770 tem
1234 3718 1322 3770 acerbe
1337 3721 1364 3769 el
1377 3719 1551 3770 contumeliose
1574 3720 1598 3770 in
1611 3733 1656 3769 nos
1675 3719 1743 3780 iuve-

136 3806 252 3857 nioninus
264 3821 350 3858 rerum
364 3811 409 3858 eut
423 3807 512 3859 ielsum
533 3809 613 3859 inesse
628 3821 702 3872 posse
725 3828 731 3858 ι
753 3819 784 3858 ex
807 3821 857 3872 quo
871 3806 918 3857 dc·
964 3805 1068 3870 hrrrrlur,
1083 3821 1159 3870 quum
1179 3807 1225 3870 ipsi
1250 3809 1274 3857 in
1289 3819 1372 3858 errore
1385 3810 1522 3869 verseniur,
1536 3803 1595 3871 quie
1612 3821 1651 3858 res
1667 3809 1743 3858 indis-

136 3909 205 3946 mum
218 3898 344 3960 sequetur,
356 3895 433 3947 iidem
454 3896 484 3946 iis
503 3896 604 3960 adjungi
622 3897 715 3948 nullam
741 3899 863 3960 oportere,
889 3908 918 3944 ac
964 3897 1043 3946 creles
1065 3897 1197 3948 sleiuunll
1217 3898 1264 3947 Sed
1283 3897 1394 3960 quamvis
1414 3895 1445 3947 iis
1464 3895 1643 3960 ουιιοοθαιιιυε,
1658 3899 1743 3948 οιιιιιία

138 3990 267 4049 propterea
287 3985 312 4036 id
334 3985 405 4036 nobis
421 3984 543 4050 egendum
561 3999 624 4047 csse,
641 3989 670 4037 υι
689 3985 752 4035 nihil
775 3984 933 4058 opinemur,
964 3997 1019 4036 esse
1042 3985 1195 4048 promiscuo,
1222 3987 1303 4035 innren
1327 3983 1456 4036 ιιιειιιιοειο
1480 3985 1593 4048 σείριον
1611 3981 1744 4049 quidemn

137 4073 230 4123 nullom
241 4073 267 4124 in
279 4075 374 4137 perlem
384 4073 542 4136 inclinemus,
555 4073 693 4124 inconcussi
704 4072 810 4135 denique
823 4085 921 4136 semper
965 4074 1038 4138 vulgo
1060 4073 1165 4124 dillcrre
1184 4075 1308 4137 superesi.
1342 4075 1423 4130 Quam
1438 4072 1514 4135 igitur
1533 4073 1677 4137 sapientium
1702 4073 1744 4125 isli

138 4161 283 4227 immoliquc
296 4175 438 4214 maneamus
454 4181 460 4212 ι
476 4167 550 4225 elque
569 4162 606 4212 ile
624 4159 745 4226 quidquid
765 4161 919 4226 propositum
965 4161 1130 4225 prolientur?
1147 4163 1248 4211 auteur
1264 4159 1351 4212 Timon
1373 4162 1477 4210 cmieros
1489 4173 1575 4212 omncs
1590 4161 1745 4213 contumeliis

142 4249 213 4301 ιιοιιίε
224 4250 272 4312 sil,
285 4250 313 4301 id
326 4264 374 4301 ιιοιι
393 4250 477 4316 polius
486 4263 554 4314 esse,
569 4263 643 4316 quem
655 4264 703 4301 non
718 4263 788 4314 esso,
804 4253 849 4302 ευι
866 4263 921 4300 cese
965 4250 1106 4312 insectetur,
1115 4247 1612 4314 solumPyrrhonomcelelrreliProlem,
1621 4251 1642 4299 si
1653 4249 1745 4326 idcirco

140 4337 206 4390 idem
218 4342 244 4390 οι
260 4352 309 4390 nou
328 4352 383 4390 esse
397 4338 525 4401 dicamne,
546 4339 598 4389 imo
625 4353 655 4390 ue
670 4353 720 4390 non
733 4351 787 4389 esse
809 4337 919 4402 quidem.
964 4338 1024 4388 nillil
1039 4337 1151 4402 prolecto
1160 4337 1253 4401 opinari
1263 4339 1373 4400 oporiet,
1385 4337 1443 4402 quie
1451 4339 1649 4388 omniumrerum
1659 4336 1744 4388 ‹liseri-

139 4427 262 4478 cniemm
280 4428 321 4490 qul
334 4426 382 4478 hoc
400 4427 474 4477 modo
497 4427 582 4478 allecti
605 4425 672 4490 sini,
696 4425 723 4476 id
744 4428 921 4477 conseculums
964 4424 1289 4490 merequultersuolstum
1301 4428 1349 4488 esi,
1365 4426 1456 4477 ueheec
1470 4425 1675 4490 quidemrliversu
1690 4428 1743 4476 iue-

139 4515 195 4566 ilios
210 4526 264 4566 οεεε
276 4513 396 4578 amnon,
417 4515 524 4579 primum
538 4517 566 4564 ut
583 4517 723 4566 asseverent
743 4513 818 4575 nihil,
830 4513 920 4564 deindo
964 4517 1014 4566 rinl
1028 4533 1035 4566 ι
1047 4515 1104 4566 dico
1118 4517 1203 4566 eutem
1213 4513 1313 4566 dillerre
1324 4517 1367 4564 aui
1383 4528 1434 4564 non
1456 4513 1572 4574 differre,
1589 4513 1684 4578 opinari
1701 4519 1745 4564 aul

138 4605 168 4655 ιιι
189 4601 257 4652 omni
286 4601 361 4652 enimi
384 4601 568 4667 permrbulione
594 4605 708 4666 cereenl,
730 4601 821 4666 quibus
845 4601 921 4652 rebus
965 4601 1128 4669 nonopimri.
1144 4603 1343 4654 cureuimsuui
1357 4603 1439 4666 ροιίιιε
1454 4602 1511 4664 ῖειο,
1529 4597 1742 4674 quemno'usunll
1821 4597 1848 4634 -'

137 4689 308 4742 AEnesidemus
332 4691 484 4755 voluptutem
510 4690 630 4755 adjungit.
654 4693 683 4742 ln
707 4691 747 4742 his
766 4691 851 4756 igilur,
866 4706 921 4757 qum
965 4691 1018 4752 rel,
1039 4695 1069 4742 ui
1087 4690 1245 4742 eil'limcu:
1268 4703 1312 4741 cur
1333 4689 1385 4740 lle?
1398 4701 1443 4740 cur
1462 4691 1530 4739 noui
1551 4689 1612 4748 lmo,
1626 4689 1744 4750 quorsum

138 4778 191 4830 dici
207 4778 300 4844 solent,
316 4793 413 4830 summe
435 4781 471 4830 rei
484 4779 598 4831 vertitur.
621 4779 668 4832 Sed
688 4793 836 4845 queramus,
860 4794 920 4831 nurn
965 4778 1065 4830 laudem
1081 4778 1122 4830 vel
1131 4779 1214 4841 insum
1228 4781 1291 4830 curl
1304 4790 1401 4829 omnem
1412 4787 1470 4838 ergo
1490 4776 1649 4840 questionem
1665 4775 1745 4826 lundi-

142 4865 274 4919 ιαοειοειο
287 4865 409 4920 dicentur.
425 4871 506 4928 Quum
520 4867 647 4933 igilurisii
660 4868 815 4934 promiscuus
836 4883 921 4920 rerum
966 4868 1008 4916 ius
1021 4865 1151 4916 tollendam
1161 4878 1216 4917 esse
1227 4869 1341 4930 apparet.
1388 4863 1554 4924 Quamobrem
1569 4861 1743 4914 desinentnc·

138 4955 253 5007 omnium
268 4955 376 5008 relicuos
387 4971 441 5008 esse
455 4955 582 5018 relucet
597 4955 690 5008 idcirco
705 4971 750 5008 roe
764 4959 849 5009 scient
866 4956 921 5008 cui·
966 4951 1006 5004 bie
1013 4953 1288 5006 molestiemexhibere.
1319 4954 1381 5003 Nom
1392 4949 1563 5002 inserriuntilli
1575 4949 1668 5014 ulique,
1683 4951 1743 5030 dum

140 5059 216 5110 equum
229 5045 356 5108 assentiri,
372 5048 416 5096 ευι
429 5045 565 5110 quidquem
584 5045 692 5109 opinari,
709 5044 797 5097 merilo
816 5045 920 5109 aliquis,
967 5055 1021 5092 sum
1035 5041 1145 5106 ipsorum
1164 5039 1304 5094 uriisoblltl
1317 5053 1363 5090 nos
1384 5037 1479 5103 opinari
1500 5033 1637 5102 quidquem
1656 5031 1744 5090 retent

141 5133 259 5197 ειιιιιεοτ,
278 5133 310 5186 ab
324 5134 356 5185 ile
368 5133 515 5195 sciscitetur,
530 5135 616 5185 utrum
625 5137 708 5186 srreni
716 5133 760 5198 qui
773 5130 922 5184 discriminis
968 5130 1040 5180 siruul
1054 5143 1084 5181 ec
1095 5129 1191 5193 jubent,
1201 5129 1326 5193 iidemque
1334 5126 1492 5192 pronuntient
1508 5123 1599 5190 aliquid
1611 5126 1742 5190 derebus,

141 5201 239 5286 aliquid
256 5221 376 5275 interese
394 5221 498 5286 noiant,
513 5235 609 5275 ιιοοιιο.
642 5222 668 5274 Si
681 5223 746 5275 enim
761 5223 854 5280 errent,
874 5219 923 5270 nil·
969 5215 1010 5280 qui
1026 5219 1107 5268 lamen
1119 5219 1176 5269 nillil
1190 5215 1394 5280 pronuntiandum
1407 5227 1461 5266 esse
1477 5213 1637 5268 conicudmri·
1666 5217 1744 5267 Porro

240 5317 333 5356 rmccs.
351 5317 428 5356 σκιεσ.
446 5317 473 5355 ιιι
656 5305 658 5310 “
1631 5304 1654 5348 ιι
