3934 5956
826 418 1079 487 assemsum.-
1693 447 1747 508 ,9,
1793 473 1799 490 ,

150 541 198 610 λῆς
213 537 336 620 μῑίρακθθ
355 537 401 647 {ti
425 541 504 622 ἓντῷ
518 539 608 624 χωρίῳ
627 543 794 628 ὧρῑκωτίρας
815 554 928 628 πασῶν,
977 577 1020 636 ρον
1027 559 1151 632 ποθῆσαι,
1167 558 1212 618 καί
1223 563 1258 630 εἰς
1272 563 1374 626 δικαίαν
1386 568 1521 649 προελθεῖν
1537 571 1616 651 ὀργάν
1636 574 1681 634 καλ
1694 579 1754 636 ἔτι·

149 628 195 688 καλ
207 627 240 686 ai
253 627 300 706 μὲν
315 649 408 709 πρωτα
423 631 599 712 ἐγκαρτερεῖν,
612 639 773 696 τελευτῶντα
786 637 813 698 δὲ
827 641 930 700 θπιτσλ·
975 647 1055 703 θεῖναι
1069 650 1101 726 τῇ
1117 645 1205 729 άρκτιμ
1214 649 1262 722 τὴν
1271 651 1353 730 δίκην,
1366 654 1412 714 καλ
1421 655 1455 717 cd
1466 657 1533 718 αθτδι
1547 621 1640 741 δρθσάι
1656 664 1738 738 αὐτήν

149 722 233 794 μῆααι
245 722 285 797 τῷ
307 717 380 799 λίχει
393 722 431 799 τῷ
446 719 520 801 ξένῳ,
536 723 580 780 καλ
598 725 698 800 ὁμιλεῖν
715 729 793 804 αὐτῇ.
836 731 878 810 Τῇ
902 728 929 788 δὲ
975 729 1086 808 despair
1101 734 1241 813 εἰργάσατο
1252 736 1295 798 τδν
1307 739 1373 800 κύνα
1389 742 1486 816 ἐκείνη.
1501 742 1623 828 Ὅμηρος
1639 750 1686 826 μέν
1701 711 1754 830 φη]

146 798 213 866 εῖναι
225 808 313 918 πῶλον
328 806 374 866 καί
388 813 483 915 ροῦτον
494 810 582 869 καλόν.
601 814 773 892 Θεασάμενόν
792 839 822 893 γε
834 817 886 894 μὴν
900 817 929 876 τδ
974 839 1033 876 σιν·
1047 817 1106 886 ὡς(1
1121 825 1228 900 ἀγαθόν,
1248 825 1293 883 καί
1308 830 1391 888 παῖδα
1406 835 1606 915 καταφθιμένοιο
1622 837 1753 900 λιπέσθαι,

146 919 326 977 πραττομενον
336 897 461 974 ἇλγησαι,
469 901 604 978 ὡσπεροῦν
611 903 821 982 τυραννουμένης
831 906 928 986 μητρὸς
972 901 1063 966 Ἔοικα
1076 905 1129 980 δίή
1143 909 1218 990 ρύσις
1232 913 1371 994 δεικνύναι,
1381 915 1421 976 ὅτι
1435 919 1480 978 καί
1494 921 1568 1002 φίλον
1583 926 1654 982 αὐτῶ
1668 949 1753 1002 τιμω.

145 984 197 1045 ύπδ
210 989 257 1045 τοῖν
269 985 407 1058 δεσπότου,
424 986 469 1045 καλ
485 989 638 1062 ἐμπηδῆσαι
650 988 696 1048 καλ
713 993 865 1052 ἀποκτεῖναι
882 995 925 1055 τὸν
973 991 1015 1071 pis
1023 998 1188 1072 καταλιπεῖν,
1203 988 1294 1077 ύειρίλε
1305 1001 1423 1084 Ὅμηρε,
1437 1007 1525 1086 κέρδος
1532 1011 1609 1069 ἐστίν·
1618 983 1669 1070 oid„
1677 1015 1754 1072 mi

145 1061 315 1155 dissipabitur
330 1072 419 1150 μέντοι
433 1072 479 1132 καλ
490 1074 611 1155 φυλάξαι,
627 1079 687 1136 ἔνθα
700 1079 791 1161 ἑτάρη,
807 1081 853 1140 κοιλ
865 1106 925 1164 poa·
971 1081 1030 1160 περὶ
1041 1080 1160 1154 Ζήνωνος
1180 1087 1227 1144 καί
1244 1089 1390 1160 Κλεάνθους
1406 1099 1534 1173 8νοοῖμεν
1550 1098 1600 1157 εἴτε
1616 1099 1752 1178 αἰκούομεν.

143 1160 398 1242 τῶνταάνορύττειν,
410 1161 651 1244 καλένυύρίζειντῷ
662 1169 756 1246 νεκρῷ,
772 1167 818 1226 καί
830 1170 926 1247 λυμαί-
1012 1169 1158 1246 (AEiianus
1181 1174 1218 1234 de
1239 1177 1404 1238 animalium
1422 1196 1526 1244 natura
1546 1187 1600 1246 lib.
1618 1187 1664 1262 lV,
1687 1210 1751 1268 cap.

142 1249 322 1327 νεαθοιιλύμην
329 1249 691 1333 ποικίληνοῦκαλσθανομένῳ
698 1254 829 1332 ἀλγοῦντα
836 1257 923 1320 αὐτόν.
972 1255 1008 1324 45
1026 1257 1085 1337 περί
1103 1259 1207 1330 λίοντος
1222 1269 1268 1323 τοῦ
1281 1267 1479 1344 τιμωρήσαντος
1492 1277 1530 1330 τῶ
1556 1274 1614 1332 κυνί
1634 1279 1673 1334 τῶ
1687 1298 1752 1336 συν-

183 1337 332 1417 (AElianus
352 1338 388 1395 de
404 1338 575 1396 animalium
590 1352 694 1398 natura
708 1340 761 1402 lib.
778 1341 815 1398 lv
825 1364 888 1423 cap.
906 1347 923 1404 8
970 1343 1065 1424 τριίρω.
1082 1345 1193 1426 Scripsi
1210 1371 1217 1407 :
1237 1350 1349 1432 'oloucl
1364 1357 1447 1416 codd.
1464 1351 1516 1423 οἶός
1536 1385 1563 1419 τε
1579 1363 1625 1421 vel
1640 1333 1692 1422 οίάν
1707 1389 1736 1424 τε

142 1425 203 1506 περὶ
216 1434 261 1486 cci
274 1425 422 1502 ἱπποκόμου
446 1433 491 1485 τοῦ
506 1427 660 1506 ἐρασθέντος
673 1427 842 1511 τῆςίππου.)
969 1429 1034 1475 -b
1050 1431 1097 1506 μὲν
1110 1434 1198 1514 ὀλίγον
1212 1437 1326 1520 χρόνον]
1345 1445 1429 1504 codd.
1448 1445 1496 1522 μὲν
1515 1449 1618 1528 χρόνου,
1634 1482 1674 1498 -
1685 1461 1696 1488 ο
1706 1411 1751 1534 94:

184 1533 233 1574 lau.
248 1514 393 1592 θαυμάσαι
406 1513 482 1592 λόγον
501 1513 570 1584 άξιὸν
583 1538 661 1595 φησιν
670 1516 809 1596 Εὔδημος·
825 1520 870 1578 καλ
884 1527 923 1604 τῷ
969 1519 1003 1576 λα
1026 1521 1116 1600 νοεῖν]
1129 1545 1194 1583 cum
1219 1529 1318 1603 codd.;
1340 1529 1361 1592 i.
1377 1552 1404 1593 e.
1422 1527 1485 1614 ρίλα
1512 1547 1625 1616 φρονεῖν,
1645 1540 1751 1602 Conseq-

142 1626 173 1683 γε
188 1594 537 1683 άνδρίτῷδεθλύγοςθῦτύς
552 1605 635 1665 ἔστιν.
678 1605 792 1674 Νεανίας
810 1611 921 1688 θηρατι-
968 1608 1106 1683 poeticam
1134 1613 1402 1679 locutionemtrtia
1425 1623 1554 1681 νοεῖν.-
1577 1626 1657 1706 ιίὼς]
1684 1651 1750 1688 cum
1964 1675 1965 1680 ,

141 1691 201 1768 κός,
221 1689 338 1767 συμὸιῶν
355 1699 406 1756 τοῖς
420 1693 471 1748 τῶν
488 1689 561 1770 ζῴων
581 1693 762 1769 ἀγριωτάτοις,
777 1693 869 1763 οἵους·
892 1700 922 1757 ἐκ
968 1696 1060 1768 codd;
1079 1698 1169 1772 vulgo
1184 1700 1219 1765 ὣς
1243 1705 1321 1774 apud
1336 1707 1495 1769 Homer-nm
1504 1703 1965 1772 ssfflvrnr--ffiq

140 1778 205 1838 νέων
229 1779 319 1855 μέντοι
340 1779 386 1837 καὶ
409 1781 511 1859 βρερῶν
536 1781 751 1855 πεπωλευμένους
775 1774 845 1861 εἶχε,
860 1810 922 1846 συν-
968 1802 1013 1842 vs.
1028 1796 1094 1859 196.
1120 1784 1241 1842 Sensum
1257 1784 1336 1842 hunc
1359 1803 1422 1842 esse
1447 1797 1535 1861 patet.
1552 1783 1664 1840 Bonum
1687 1795 1747 1856 est,

136 1865 336 1949 τράρουςτεκαλ
352 1867 487 1933 συσσίτους
497 1871 598 1936 ἑαυτοῖς
608 1869 921 1947 γεγενημένουςκύνακαι
968 1873 1057 1920 filiurn
1072 1872 1289 1934 etiarnhonum
1309 1871 1477 1942 essepatris
1490 1870 1576 1938 boni,
1593 1873 1643 1943 qui
1658 1869 1694 1926 ab
1709 1870 1749 1927 in·

138 1956 234 2034 ἄρκτον
248 1954 294 2012 χαλ
307 1953 412 2012 λύοντα,
455 1956 510 2014 Καὶ
531 1962 615 2015 ταῦτα
642 1959 690 2028 μὲν
719 1957 807 2031 ἀλόγου
827 1955 921 2033 χρόνον,
967 1947 1104 2007 sidialore
1116 1963 1235 2010 1180de
1249 1952 1297 2012 Sit.
1338 1951 1410 2010 Nam
1425 1953 1497 2012 &iias
1510 1954 1584 2012 ultio
1599 1955 1679 2026 milia
1691 1970 1746 2019 est·

138 2045 151 2079 θ
165 2041 231 2122 πρδς
247 2040 351 2112 ἄλληλα
373 2036 476 2118 εἰρήνην
493 2037 565 2117 άγειν
578 2035 624 2098 καί
638 2036 702 2120 ρίλα
715 2047 782 2098 νοεῖν
792 2049 803 2076 ⁰
814 2063 894 2120 φησιν
907 2047 920 2101 θ
965 2068 1006 2080 -
1018 2045 1028 2072 ⁰
1041 2036 1208 2116 Κλεάνθους]
1222 2040 1289 2098 libri
1302 2039 1517 2119 Κλεάνθου.-)

139 2129 280 2206 Εὔδημος·
296 2137 357 2202 μιᾶς
372 2123 399 2184 δὲ
414 2129 502 2206 τυχεῖν
517 2128 621 2205 ἡμέρας
637 2127 681 2186 τὸν
701 2127 767 2186 κύνα
789 2130 921 2208 προσπαί-
1007 2144 1054 2184 ras.
1072 2116 1147 2186 Εἶναι
1160 2128 1186 2188 δὲ
1197 2127 1280 2207 άλογα
1289 2127 1337 2206 μὲν
1347 2131 1413 2206 ζῷα,
1423 2129 1533 2210 φυσικὴν
1547 2129 1574 2191 δὲ
1589 2129 1659 2211 ἔχειν
1672 2136 1747 2213 apo·

142 2222 218 2288 ζοντα
234 2215 282 2287 τὴν
297 2215 391 2296 ἄρκτον
401 2214 447 2273 καὶ
457 2214 652 2273 θπαικάλλοντα
662 2213 707 2273 καί
723 2217 919 2294 ἐρεσχελοθντα,
966 2213 1079 2290 μητικὴν
1094 2215 1130 2292 μὴ
1147 2216 1319 2296 διδαχθέντα,
1343 2217 1466 2294 Εὗδημός
1490 2241 1568 2299 φησι,
1584 2219 1630 2278 καλ
1653 2221 1745 2301 ἐπάγει

139 2304 188 2377 τὴν
211 2303 238 2362 δὲ
253 2304 299 2362 οθκ
326 2300 452 2367 εἰωθότως
466 2303 668 2381 ἐκθηριωθῆναι,
689 2300 734 2359 καί
747 2304 870 2379 ἐμπεσεῖν
882 2307 920 2385 τῷ
967 2300 1108 2380 μαρτύριον
1125 2304 1207 2362 ἐκεῖνο
1221 2306 1271 2362 τῶν
1287 2305 1314 2362 ἐν
1334 2303 1467 2382 apuleia
1483 2304 1570 2384 ζῴων·
1584 2306 1653 2366 riti
1665 2307 1748 2385 ὄνομα
1804 2327 1811 2336 ·

139 2391 205 2466 κυνί,
222 2390 267 2451 καλ
280 2390 393 2471 λαρύξαι
408 2397 460 2456 τοῖς
472 2388 541 2457 ὄνυξι
551 2393 597 2447 τοῦ
610 2388 725 2448 δειλαίου
735 2388 916 2469 τὴνγαστίρα,
965 2391 994 2447 οὔ
1011 2389 1090 2468 λίγει.
1108 2389 1140 2450 Ἃ
1152 2389 1179 2449 δὲ
1191 2392 1272 2470 λέγει,
1283 2391 1366 2451 ταῦτά
1378 2395 1458 2454 ἐστιν.
1480 2391 1528 2468 Ὅ,
1545 2418 1572 2453 τι
1586 2392 1617 2452 δν
1630 2395 1748 2474 θηράση,

137 2479 183 2539 καλ
199 2479 396 2539 διασπάσασθαι
411 2481 444 2537 αὖ
460 2475 499 2538 όν.
544 2477 738 2554 Ἀγανακτῆσαι
753 2475 830 2558 δδτῷ
851 2501 919 2556 συμ-
965 2485 1047 2537 ποιεῖν
1075 2478 1167 2560 μοίρας
1191 2479 1298 2554 ἕνδεκα,
1314 2481 1359 2540 καί
1374 2479 1420 2549 τὰς
1449 2481 1496 2560 μὲν
1517 2480 1581 2540 δέκα
1601 2461 1744 2557 σιτεῖσθαί,

138 2569 215 2628 aava
229 2570 242 2626 θ
255 2566 331 2634 αὐτός
344 2589 408 2647 φησι
422 2565 464 2625 τδν
478 2565 590 2644 λέοντα,
606 2564 652 2624 καλ
667 2564 744 2625 οἱονεί
758 2569 870 2642 μισῆσαι
889 2566 919 2626 τδ
964 2564 1011 2637 τὴν
1027 2564 1054 2624 δὲ
1068 2567 1208 2642 ἑνδεκάτην
1226 2569 1363 2628 ἀπολιπεῖν
1377 2567 1429 2650 dap
1444 2567 1476 2641 δὴ
1493 2569 1572 2649 (claci
1586 2571 1613 2630 δὲ
1627 2576 1685 2644 τοῦ,
1701 2573 1747 2633 καλ

137 2658 265 2718 ἄσπονδον
274 2662 320 2728 τῆς
331 2655 427 2737 ἄρκτου
439 2653 592 2736 καίάριλον,
602 2653 647 2712 καί
657 2653 700 2714 τὸν
713 2651 778 2712 κύνα
790 2643 833 2712 οἷα
846 2655 916 2712 ἑταῖ-
965 2654 1048 2735 ἐννοίρ
1058 2655 1119 2730 τίνι,
1137 2661 1243 2716 σκοπεῖν
1259 2657 1328 2727 ἄξιον
1344 2661 1373 2736 ¹]
1388 2658 1512 2738 ἀπαρχήν
1523 2658 1553 2738 γέ
1564 2683 1622 2718 τινα
1635 2659 1652 2730 ἢ
1666 2657 1747 2719 δεκά-

137 2881 216 2945 cujus
231 2879 370 2931 emanibus
385 2879 479 2928 terrore
495 2875 607 2942 percussi
624 2875 667 2926 ubi
679 2874 786 2926 securim
799 2873 921 2926 excidisse
967 2873 1033 2925 lacto
1053 2875 1135 2927 virum
1155 2877 1317 2929 interemisse.
1339 2881 1397 2929 liox
1418 2892 1498 2943 quum
1515 2879 1679 2940 observasset,
1703 2881 1747 2932 ubi

138 2969 218 3020 bestia
240 2968 319 3028 vidit,
341 2979 368 3018 se
387 2966 498 3030 sn'gens,
527 2967 557 3016 ut
575 2967 687 3030 poterat,
706 2963 778 3014 illum
798 2962 921 3028 palpando
968 2967 1119 3026 humaretur,
1133 2979 1163 3017 eo
1180 2965 1320 3032 proiectum
1339 2966 1460 3018 reiodisse
1473 2967 1637 3032 omnibusque
1652 2969 1747 3034 sappb-

137 3055 325 3121 amplexabatur
348 3055 482 3120 linguaque
502 3053 526 3105 ei
547 3053 637 3104 faciem
657 3051 820 3117 abstergebat.
841 3055 922 3111 Quam
965 3049 1010 3101 ciis
1030 3050 1134 3102 cadaver
1154 3052 1207 3117 jaru
1227 3053 1325 3104 nullum
1341 3052 1452 3104 dolorem
1471 3067 1502 3104 ex
1512 3053 1626 3105 vexantis
1640 3067 1746 3106 moerore

135 3145 312 3210 benignitatem
320 3145 395 3196 homo
408 3144 516 3196 sentiens
527 3142 579 3194 suis
596 3141 672 3194 rebus
685 3141 761 3192 iidere
778 3139 859 3205 coepit.
872 3143 921 3192 Leo
965 3139 1102 3204 percipiens
1113 3139 1234 3193 aliacisse.

136 3235 204 3284 bunc
224 3232 303 3284 cauda
329 3233 486 3298 amplexatus
507 3229 627 3291 ducebat,
656 3241 737 3294 nsque
758 3229 867 3293 elapsam
890 3241 921 3278 ex
998 3231 1049 3277 12³.
1067 3227 1156 3278 iliram
1172 3241 1225 3280 rom
1235 3230 1361 3280 memoriae
1379 3227 1462 3294 prodit
1475 3228 1616 3290 Eudemus,
1632 3243 1691 3296 quae
1711 3229 1747 3282 sic

138 3323 194 3388 eius
214 3323 330 3374 manibus
354 3321 460 3374 saeuum
476 3321 616 3386 relinquere
631 3333 687 3370 eum
708 3317 856 3384 patiebatur,
878 3316 921 3369 scd
966 3326 992 3364 se
1003 3311 1084 3364 babet.
1102 3315 1191 3366 surani
1208 3315 1319 3368 ferarum
1336 3315 1466 3376 domitori,
1479 3329 1537 3368 eum
1550 3317 1662 3369 bestiisa
1676 3321 1746 3370 tene·

134 3411 256 3478 pedesrm
271 3411 378 3462 securim
393 3409 528 3461 tollendam
545 3407 758 3460 esseestcndebat
772 3419 921 3471 :quumque
964 3402 999 3454 ris
1019 3403 1158 3468 unguiculis
1187 3405 1328 3456 conversari
1345 3408 1371 3456 et
1398 3406 1528 3458 convivere
1553 3407 1639 3468 solito,
1667 3407 1745 3460 luisse

135 3501 210 3551 bomo
221 3513 275 3551 rem
285 3513 333 3550 non
344 3499 500 3563 intelligeret,
516 3497 623 3550 securim
636 3497 675 3548 leo
686 3510 771 3547 morsu
782 3497 920 3559 correptam
965 3505 1063 3551 canem,
1077 3507 1161 3543 ursam
1177 3495 1201 3544 et
1212 3493 1316 3544 leonem.
1327 3496 1379 3544 iios
1396 3494 1549 3560 aliquamdiu
1568 3497 1593 3546 ct
1604 3509 1691 3560 pacem
1705 3496 1745 3546 in-

135 3595 173 3646 illi
189 3592 297 3656 praebuit
315 3609 321 3640 :
336 3593 461 3656 postremo
475 3589 549 3640 illum
566 3588 598 3640 ad
617 3589 698 3640 lustra
710 3601 771 3647 sua,
793 3587 837 3638 ubi
848 3585 920 3638 strati
965 3582 1003 3629 ier
1015 3593 1042 3630 θθ
1053 3594 1164 3632 servasse
1177 3583 1202 3632 θῑ
1217 3582 1351 3641 mititiam
1362 3585 1429 3633 recle
1439 3583 1543 3634 coluisse
1554 3583 1589 3634 ait
1600 3584 1743 3638 Eudemus:

136 3661 345 3746 gitulijaoebanb
357 3679 482 3745 perduxit,
495 3679 525 3732 ld
534 3682 666 3744 postquam
676 3678 753 3728 leaena
764 3676 920 3727 aiiimadver-
964 3667 1052 3718 deinde
1061 3682 1140 3734 quum
1152 3669 1285 3734 aliquamb
1299 3669 1434 3722 callistum
1449 3684 1508 3720 ursa
1519 3671 1605 3735 jocans
1616 3686 1672 3723 edm
1681 3673 1745 3724 adli·

134 3773 167 3823 tit
177 3811 184 3833 ‚
196 3773 249 3836 ipsa
262 3783 361 3834 quoquc
373 3769 405 3819 ad
426 3783 468 3819 eos
480 3765 603 3833 proiecta,
623 3767 697 3817 simul
712 3765 773 3830 quid
791 3765 920 3816 accidisset
964 3755 1058 3807 latetur
1069 3760 1095 3808 et
1108 3757 1237 3818 illuderet,
1254 3759 1318 3809 banc
1332 3762 1423 3824 proter
1434 3759 1638 3810 consuetudinem
1652 3760 1744 3812 sffera-

135 3860 230 3912 bomini
246 3858 417 3924 significabat,
434 3857 510 3907 simul
528 3856 626 3906 misera
640 3854 748 3919 speciem
765 3853 859 3904 habens
876 3867 920 3904 ur-
964 3851 1016 3899 tam
1030 3849 1097 3900 iacto
1112 3849 1207 3914 impetu
1219 3849 1303 3900 miseri
1319 3852 1432 3900 ventrem
1443 3849 1566 3912 unguibus
1575 3848 1707 3902 bumana
1718 3855 1744 3902 et

135 3963 189 3999 sam
210 3945 368 4012 suspiciebat.
391 3945 461 3996 Unde
477 3945 551 3995 homo
564 3945 704 4008 conjectura
718 3943 846 3992 assecutus
860 3954 918 3991 sus·
964 3951 1054 4001 corpus
1062 3939 1117 4006 ejus
1132 3937 1284 3988 distraxisse.
1299 3938 1376 4001 Gujus
1396 3936 1456 3987 iacti
1472 3937 1628 3988 atrocitatem
1647 3937 1743 3991 leonem

134 4037 293 4100 picatumque,
319 4047 419 4098 gravem
442 4034 488 4083 bos
510 4032 542 4084 ab
568 4031 618 4082 ista
640 4029 756 4095 injuriam
780 4029 916 4092 accepisse,
964 4025 1117 4090 indignatum
1127 4029 1153 4076 et
1169 4025 1237 4076 canis
1247 4027 1367 4090 tanquam
1381 4025 1441 4075 socii
1450 4024 1573 4076 desiderio
1589 4026 1741 4092 flagrantem,

136 4126 250 4176 omnibus
268 4123 367 4174 viribus
385 4123 417 4173 ad
436 4122 578 4173 cudendum
590 4121 703 4172 arborem
721 4117 842 4169 incubuit.
857 4120 919 4176 Quas
963 4116 988 4163 et
1005 4113 1116 4176 perlidiae
1135 4113 1228 4164 ursinae
1247 4112 1316 4175 odio,
1336 4112 1403 4178 quod
1422 4111 1503 4164 fredus
1526 4113 1570 4164 illa
1585 4113 1701 4180 fregisset
1718 4121 1743 4169 et

137 4213 212 4264 simul
229 4215 304 4276 atque
325 4213 450 4275 prostrata
470 4213 519 4269 est,
540 4223 624 4260 ursam
643 4209 669 4259 in
686 4211 778 4258 terram
794 4205 919 4270 delapsam
963 4201 1096 4252 aroicitiam
1111 4201 1251 4252 institutam
1260 4201 1392 4261 violasset,
1404 4201 1554 4262 adductum,
1565 4203 1633 4267 justa
1643 4204 1743 4258 iracun-

136 4301 197 4352 ieras
211 4299 361 4351 dilaniarunt
378 4316 383 4348 :
403 4299 528 4348 hominem
546 4301 630 4348 aulem
643 4296 767 4359 integrum
784 4294 918 4344 intactum-
963 4289 1005 4342 dia
1022 4294 1107 4342 contra
1131 4303 1216 4342 ursam
1238 4292 1293 4340 tum
1315 4289 1449 4351 exarsisse,
1471 4292 1528 4340 tum
1545 4289 1576 4342 ab
1594 4304 1623 4342 ea
1645 4291 1742 4343 easdem

137 4389 236 4455 queleo
248 4388 347 4439 reduxit
358 4387 384 4438 in
402 4387 497 4445 locum,
511 4385 556 4436 ubi
578 4385 648 4450 prius
666 4383 693 4433 in
710 4397 768 4434 eum
784 4381 916 4441 inciderat,
962 4395 1058 4448 poenas,
1078 4380 1170 4447 quibus
1188 4379 1231 4430 illa
1248 4380 1318 4444 prius
1331 4392 1418 4431 canem
1437 4377 1574 4440 affecisset,
1588 4380 1740 4445 repetivisse.

77 4489 80 4494 ·
137 4476 336 4542 atqusmaterioe
356 4489 432 4540 quam
450 4474 481 4524 ab
500 4473 572 4524 initio
591 4471 714 4536 credebat,
731 4470 802 4520 illurn
818 4467 918 4520 inviota-
963 4475 1001 4524 lta
1019 4485 1068 4522 uon
1085 4471 1177 4530 solum,
1195 4472 1225 4520 ut
1241 4471 1363 4520 Homerus
1382 4468 1448 4519 canit
1471 4468 1586 4532 raperet
1607 4467 1742 4520 interdum

137 4568 191 4615 turn
207 4563 324 4615 reddidit.
961 4560 1064 4625 prolem
1075 4571 1209 4626 superesse
1218 4561 1337 4622 pareatis
1354 4556 1485 4615 Vindictae,
1497 4555 1541 4606 sed
1552 4555 1666 4620 ηυοοινίε
1677 4555 1742 4604 ami·

169 4661 222 4706 122.
239 4656 335 4720 liquam
348 4653 476 4704 Eudemus
495 4652 531 4702 ait
545 4653 619 4702 astate
638 4651 767 4702 florentem
781 4651 858 4713 atque
876 4660 918 4697 ar-
962 4661 1020 4699 cum
1030 4649 1138 4698 ultorem
1154 4646 1274 4710 relinqui,
1288 4645 1385 4696 lucrum
1396 4643 1504 4703 videtur,
1521 4641 1589 4707 quod
1605 4642 1741 4692 bestiarum

136 4746 214 4796 menti
225 4743 453 4810 prestantissimam
461 4783 467 4803 ,
476 4745 595 4807 tanquam
604 4741 677 4792 istius
689 4737 795 4803 regionis
807 4736 918 4788 omnium
962 4733 1081 4798 exemplis
1092 4733 1181 4782 natura
1195 4730 1267 4782 docet
1279 4748 1285 4777 ι
1297 4733 1322 4780 et
1334 4729 1384 4778 tale
1396 4727 1458 4793 quid
1470 4727 1556 4785 etiam,
1573 4725 1641 4790 quod
1652 4725 1741 4776 animis

138 4835 341 4887 formosissimam
353 4835 462 4899 puellam
482 4833 514 4884 ab
524 4833 640 4898 equisone
655 4831 795 4882 adornatam
809 4843 875 4888 esse,
890 4841 918 4878 ac
962 4821 1053 4875 nostris
1067 4821 1220 4877 obversatur,
1234 4817 1265 4868 de
1277 4821 1371 4867 zenone
1381 4819 1407 4866 et
1426 4815 1544 4866 cleanthe
1558 4814 1706 4878 accepimus.

137 4928 217 4992 primo
231 4925 331 4990 quidem
345 4937 402 4976 eum
412 4923 572 4989 cupiditatem
584 4923 745 4981 continuisse,
760 4920 848 4971 deinde
859 4932 918 4968 vero
996 4915 1047 4962 iil.
1066 4907 1185 4960 Animalia
1212 4905 1314 4956 rationis
1331 4903 1440 4968 expertia
1465 4900 1625 4966 computandi
1645 4905 1737 4962 artem

136 5015 241 5066 alienam
261 5015 382 5065 Venerem
404 5013 524 5076 attingere
551 5025 640 5062 ausum
662 5025 718 5060 cum
743 5009 787 5059 illa
805 5005 916 5058 coivisse.
963 4997 1172 5066 quamanemine
1181 4993 1424 5052 didicerint‚natura
1437 4993 1532 5050 tenere,
1551 4989 1677 5040 Eudemus
1688 4994 1742 5041 tra·

135 5105 302 5168 Posteaquam
313 5105 397 5153 autem
409 5115 481 5166 equae
503 5100 587 5165 pullus
607 5103 633 5150 et
647 5099 700 5164 ipse
714 5097 809 5147 nitidus
822 5109 849 5145 re
860 5107 918 5158 qun
962 5089 1014 5148 dit,
1024 5088 1099 5152 idque
1113 5086 1261 5151 Libycarum
1272 5080 1426 5140 animalium¹
1439 5093 1546 5145 quorum
1557 5079 1655 5131 nomina
1666 5082 1739 5141 tacet,

137 5192 268 5255 gerebatur
279 5191 451 5243 animadversa
473 5189 563 5240 acerbo
577 5188 661 5238 dolore
677 5188 815 5250 angeretur,
831 5185 918 5249 utpote
963 5177 1107 5256 testimonio
1132 5174 1269 5226 confirmat.
1299 5173 1360 5229 Quas
1384 5172 1469 5220 aulem
1493 5169 1567 5229 dicit,
1591 5168 1646 5222 brac
1672 5173 1739 5222 sunt.

138 5279 254 5330 saeviente
276 5279 303 5331 in
330 5281 435 5330 matrem
462 5277 574 5339 domino,
600 5275 705 5327 bestiam
727 5274 801 5324 istam
822 5271 916 5333 impetu
963 5265 1035 5324 Quod
1057 5264 1179 5328 ceperint,
1202 5262 1229 5312 in
1243 5259 1357 5312 undecim
1375 5262 1459 5324 partes
1471 5258 1595 5318 dividere,
1615 5261 1641 5310 et
1654 5257 1739 5310 decem
