3958 5942
220 389 281 449 ίίίθ
680 383 730 442 ΠΕ
752 380 920 456 SEVERO,
944 379 1081 442 ATTICO
1103 381 1152 442 ET
1173 377 1358 442 NUMENIO.

219 520 261 598 ἐρ’
274 516 369 595 αὑτοῦ)
388 515 438 594 γάρ
453 515 588 594 ἀρικέσθαι
603 513 674 581 τινδις
690 517 718 572 ix
739 517 784 585 τῆς
801 511 892 578 Σάεως
902 513 993 570 ἀνανε·
1040 536 1088 572 σαν
1103 511 1221 594 έμρρονα
1235 511 1421 571 ἀποτελεῖσθαι
1435 509 1480 567 καί
1500 503 1662 587 τεταγμένην
1685 509 1818 564 ποιεῖσθαι

219 605 341 683 ουμένους
354 604 402 675 riv
415 602 478 683 πρὸς
488 601 637 676 Ἀθηναίους
652 601 831 681 συγγένειανλ·
845 603 859 659 δ
874 601 901 658 δέ
919 600 994 660 Πλεῖ·
1039 599 1154 673 κίνησιν·
1171 601 1228 680 άγει
1238 601 1289 680 γάρ
1305 602 1341 666 είς
1358 596 1430 666 τάξιν
1445 595 1494 664 τὴν
1510 596 1557 667 μὲν
1578 600 1593 665 ἡ
1610 599 1655 653 τοῦ
1672 593 1755 662 εῖδους
1771 617 1818 670 με·

219 716 270 756 των
293 695 416 750 τοσούτω
440 690 519 766 μόνον
543 681 599 750 sina
618 689 677 770 περί
702 691 805 760 αὐτῶν,
821 687 861 748 δτι
886 687 995 768 ερελαθή-
1040 687 1146 768 τουσία,
1164 689 1211 760 τὴν
1224 689 1250 746 δὲ
1271 691 1348 759 ητοῶ
1371 690 1416 744 νοῦ
1430 683 1572 762 παρουσία.
1593 681 1820 761 Ηιεερσιεῖεειεεί

218 779 287 838 ναιοί
301 801 330 836 τε
342 779 366 836 ol
384 777 481 838 Σαίται
499 777 543 836 καί
557 800 615 836 τινα
628 777 723 856 τρόπον
738 779 836 836 οἰκεῖοι.
1040 779 1125 836 etiam
1147 797 1180 836 ea
1193 797 1258 856 quae
1277 776 1360 834 Plato
1381 793 1449 852 pag.
1476 776 1522 843 34.
1540 773 1561 829 li
1581 772 1618 830 de
1637 772 1739 828 mundi
1755 785 1821 829 satu

261 874 352 926 Porro
370 886 435 946 pag.
453 869 500 924 αθ.
522 870 556 924 Α.
573 866 654 923 Plato
669 865 769 924 scribit
787 887 793 922 :
813 863 878 922 ὅπου
892 861 939 940 μὲν
951 854 994 921 οὖν
1040 877 1126 942 atque
1140 879 1205 923 ortu
1222 864 1309 922 tradit
1328 883 1333 918 :
1352 852 1424 928 οὗτος
1437 860 1468 933 δὴ
1486 868 1535 925 πᾶς
1550 859 1622 926 όντος
1636 859 1677 917 είεί
1695 859 1824 938 λογισμὸς

219 955 250 1014 ἀν
275 954 457 1034 δδημιουργὸς
480 953 544 1032 πρδς
564 953 594 1012 τὸ
618 952 686 1012 κατά
710 951 794 1012 ταθτά
809 951 869 1031 έχον
891 951 995 1030 βλέπων
1041 959 1098 1013 θεοῦ
1114 955 1174 1035 περί
1188 953 1233 1014 τδν
1256 952 1320 1012 ποτέ
1336 952 1459 1026 ἐσόμενον
1480 949 1536 1008 θεὸν
1549 947 1677 1026 λογισθεὶς
1693 950 1762 1006 λεῖον
1774 946 1824 1005 καί

220 1041 261 1100 ἀεί
270 1087 278 1113 ,
294 1040 401 1120 τοιούτῳ
416 1039 468 1098 τινί
489 1039 694 1120 προσχρώμενος
718 1040 932 1120 παραδείγματι,
948 1042 995 1112 τὴν
1040 1043 1137 1118 δμαλδν
1148 1047 1270 1122 πανταχῇ
1282 1065 1310 1100 τε
1325 1043 1354 1100 ht
1367 1037 1448 1118 μέσου
1458 1038 1514 1099 ίσον
1529 1038 1573 1097 καί
1588 1037 1648 1096 ὅλον
1666 1037 1712 1096 καί
1731 1038 1825 1094 τέλεον

219 1128 289 1186 ἰδέαν
305 1131 382 1188 αὐτοῦ
394 1128 438 1186 καί
452 1126 561 1204 δύναμιν
573 1128 768 1209 ἀπεργάζηται,
783 1129 862 1187 καλὸν
874 1127 899 1197 ίξ
913 1127 996 1206 ἀνάγ·
1041 1132 1070 1188 ἐκ
1091 1130 1186 1190 τελέων
1207 1129 1338 1204 σωμάτων
1361 1132 1440 1203 σῶμα
1461 1126 1569 1198 ἐποίησε
1592 1126 1648 1204 (cf.
1668 1123 1744 1183 Phil.
1767 1123 1825 1181 (ir.

219 1238 265 1288 κης
287 1213 368 1282 οὕτως
387 1217 570 1274 ἀποτελεῖσθαι
588 1223 654 1274 πᾶν·
676 1206 704 1274 ού
719 1216 742 1274 δ’
763 1214 794 1272 δν
813 1215 849 1280 είς
869 1211 899 1272 τδ
920 1236 995 1292 γεγο-
1042 1217 1282 1295 Ft·ag1n.vol.ll,
1300 1238 1332 1297 p.
1355 1219 1442 1292 162).
1461 1213 1631 1293 Philosophi
1648 1212 1824 1285 sententiam

219 1305 277 1377 νός,
290 1309 392 1386 γενητῷ
417 1304 614 1385 παραδείγματι
631 1303 854 1384 προσχρώμενος,
871 1303 900 1360 οῖ
916 1301 995 1362 καλόν
1041 1306 1096 1366 hnc
1109 1307 1195 1366 inodo
1215 1307 1334 1386 exponit
1349 1305 1470 1364 Procius
1485 1323 1549 1382 pag.
1574 1304 1629 1378 169
1646 1301 1676 1362 F.
1694 1299 1746 1382 [p.
1762 1309 1819 1368 not

219 1394 274 1470 (cs.
291 1394 365 1452 Phil.
383 1393 435 1454 Gr.
456 1393 569 1470 Fragin.
590 1393 654 1452 vol.
678 1391 715 1466 ll,
737 1413 765 1470 p.
785 1393 862 1468 157).
881 1390 932 1448 ttic
947 1392 996 1448 ht·
1041 1395 1088 1455 ed.
1111 1391 1329 1476 Schneider-N
1350 1391 1377 1451 δί
1395 1392 1426 1464 δὴ
1448 1391 1572 1470 λογισμὸς
1591 1393 1636 1460 τῆς
1650 1389 1824 1467 δημιουργίας

220 1483 293 1542 ticus
308 1483 348 1541 ἀεί
363 1502 428 1540 ιιιειει
449 1481 554 1560 βλέπων
569 1480 723 1540 construit.
747 1479 811 1548 Qua
824 1478 861 1535 de
880 1496 912 1536 re
925 1476 996 1534 Pro·
1042 1485 1087 1553 τῆς
1101 1483 1260 1562 διῃρημένης
1279 1480 1336 1539 ίστλ
1352 1478 1528 1558 σημαντικός·
1543 1478 1572 1536 τὸ
1589 1475 1617 1534 δέ
1634 1466 1667 1534 αὖ
1683 1475 1746 1535 ποτέ
1761 1476 1824 1534 ἐσό-

219 1569 281 1628 clus
298 1589 363 1648 pag.
382 1570 430 1626 83.
453 1567 487 1629 C.
510 1568 596 1646 [pag.
624 1567 677 1643 195
695 1568 740 1626 ed.
765 1563 951 1646 Schneidet·.]
968 1563 998 1622 τδ
1043 1593 1118 1646 μενον
1134 1573 1162 1629 οὐ
1184 1573 1231 1641 τῆς
1253 1567 1323 1628 κατίι
1337 1569 1430 1647 χρόνω
1447 1564 1517 1627 ἐστίν
1533 1569 1615 1646 ἀρχῆς
1640 1563 1822 1640 σημαντικόν,

220 1655 247 1714 δέ
265 1657 305 1715 ἀεί
319 1655 463 1714 συναπτίον
485 1658 522 1736 τῷ
537 1654 606 1714 κατίι
620 1654 703 1713 ταύτὰ
718 1654 796 1733 ἔχον,
810 1651 842 1710 ἵν’
856 1643 873 1730 ᾖ
889 1651 953 1732 πρὸς
968 1651 997 1710 τδ
1042 1660 1076 1724 ὡς
1090 1657 1171 1718 οἴεται
1181 1656 1309 1730 Ἀττικός,
1325 1657 1385 1714 ἀλλ’
1397 1656 1437 1716 ότι
1450 1656 1497 1726 τὴν
1512 1654 1602 1712 οὖσίαν
1615 1650 1670 1732 ἔχει
1682 1656 1720 1730 τῷ
1732 1651 1823 1731 χρόνῳ

220 1746 261 1802 ἀεί
276 1743 345 1802 κατά
358 1743 441 1803 ταῦτίι
459 1743 519 1823 ἔχον
540 1742 656 1822 βλέπων.
672 1740 752 1802 Otto
771 1739 817 1800 καί
830 1744 844 1798 δ
859 1741 998 1820 ριλόσορος
1042 1746 1257 1823 σονεζεογμένην,
1273 1744 1372 1826 Χρόνος
1386 1742 1437 1821 γάρ
1460 1743 1517 1820 ἅμα
1532 1743 1632 1822 οὐρανῷ
1651 1740 1761 1820 γέγονε,
1778 1740 1826 1797 καί

221 1831 305 1912 ἔκρινε
327 1831 490 1912 Πορφύριος,
506 1830 620 1898 εἰκότως.
636 1833 676 1890 Οὐ
691 1828 742 1910 γὰρ
757 1829 797 1888 ἀεί
813 1829 917 1908 βλέπειν
935 1828 998 1906 ιρησί
1043 1831 1060 1890 ό
1076 1855 1105 1892 τε
1120 1834 1217 1909 κόσμος
1231 1831 1353 1912 έγχρονος
1371 1829 1420 1888 ’καί
1438 1833 1452 1888 δ
1473 1829 1565 1911 χρόνος
1587 1827 1739 1905 ἐγιείσμιος·
1757 1851 1827 1902 συμ-

220 1920 308 1978 πάντα
320 1919 478 2001 δημιουργόν
489 1963 496 1992 ,
509 1922 544 1985 ὡς
554 1916 635 1977 οἴεται
649 1917 777 1988 Ἀττικός,
792 1915 851 1974 ἀλλ’
862 1912 904 1972 ἀεὶ
914 1913 1000 1974 situati·
1044 1923 1219 2000 παρήχθησαν
1234 1919 1285 1999 γάρ
1301 1918 1424 1990 ἀλλήλοις
1437 1917 1482 1976 καί
1497 1914 1695 1986 συνυπέστηεαν
1712 1915 1766 1973 ἀπὸ
1775 1919 1826 1985 τῆς

221 2031 271 2074 τως
286 2004 354 2086 ἔχειν
368 2007 398 2067 τὸ
417 2005 519 2078 νοητόν.
994 1995 997 2002 ¹
1044 2017 1105 2084 pili<
1125 2006 1307 2087 δημιουργίας.
1322 2002 1417 2066 Ἔστιν
1436 1996 1480 2064 οὖν
1495 2005 1526 2063 τδ
1546 2002 1611 2063 ποτέ
1625 2009 1700 2062 τοῦτο
1716 2006 1745 2061 ού
1763 2003 1829 2082 χρό-

260 2095 402 2154 l'roeterea
417 2094 453 2152 ad
469 2093 599 2152 Platonis
614 2092 801 2170 quaestionem
817 2109 881 2168 pag.
895 2091 943 2150 αθ.
961 2091 996 2150 Β.
1043 2118 1086 2154 νου
1102 2095 1203 2174 μόριον,
1226 2093 1283 2154 ἀλλ’
1303 2093 1361 2159 δλος
1374 2094 1480 2172 χρόνος,
1496 2097 1531 2157 ὡς
1544 2090 1608 2170 πρὸς
1626 2091 1656 2150 τὸ
1669 2093 1710 2150 ἀεὶ
1730 2090 1759 2150 δε
1776 2116 1829 2149 πα.

69 2217 84 2224 -
141 2226 146 2231 .
220 2185 330 2262 πότερον
350 2173 382 2254 ἦν
398 2181 456 2260 ἀεί,
475 2181 601 2262 γενέσεως
622 2180 707 2259 ἀρχὴν
729 2179 797 2258 ἔχων
819 2176 998 2254 ούδεμίαν,ιέ
1044 2183 1246 2263 ραθαλλόμενος.
1273 2181 1379 2240 Eadem
1412 2181 1485 2239 ratio
1509 2193 1551 2239 est
1575 2179 1632 2239 loci
1655 2181 1705 2257 qni
1730 2194 1828 2238 exstat

220 2265 339 2347 γέγονεν,
354 2271 401 2327 ἀπ’
415 2265 499 2350 ἄρχῆς
519 2292 589 2336 τινος
612 2267 755 2349 ἀρξάμενος
777 2267 836 2346 [cl.
853 2265 929 2324 Phil.
945 2266 997 2323 Gt.
1044 2294 1074 2352 p,
1093 2275 1142 2342 34,
1155 2271 1189 2335 C,
1208 2271 1256 2344 ι-λν
1273 2269 1299 2331 δέ
1317 2269 1348 2344 δὴ
1364 2270 1452 2352 ψυχὴν
1466 2270 1516 2348 οὐχ
1530 2273 1564 2335 όις
1582 2273 1627 2328 νῶν
1643 2270 1753 2356 ὓμτέροι
1769 2272 1828 2329 ἐπι.

223 2357 335 2434 Fragtn.
352 2358 411 2418 vol.
430 2357 469 2431 ll,
496 2379 525 2436 p.
545 2358 610 2435 ¹57)
630 2357 670 2414 ita
691 2355 847 2433 respondet
870 2355 996 2426 atticus,
1042 2365 1180 2442 χειρεῦμεν
1206 2360 1307 2441 λέγειν,
1328 2359 1408 2425 οὕτως
1434 2358 1623 2438 ἐμηχανήσατο
1647 2357 1692 2416 καί
1720 2361 1735 2416 δ
1769 2357 1829 2424 θεὸς

222 2457 254 2502 nt
275 2457 370 2503 ortutn
386 2445 544 2504 secuudum
563 2457 674 2522 tenipus
693 2442 845 2517 intelliget.
870 2441 903 2498 ld
920 2442 997 2500 enini
1044 2449 1186 2529 νεωτέρας·
1202 2451 1231 2508 οὒ
1250 2448 1301 2528 γὰρ
1317 2450 1348 2506 ἂν
1365 2446 1492 2526 ἄρχεσθαι
1506 2445 1682 2527 πρεεὸύεερον
1698 2445 1750 2504 ὑπὸ
1762 2470 1830 2504 εει..-

223 2533 343 2591 Pronlus
356 2553 422 2612 pag.
442 2534 489 2603 δέ.
502 2531 535 2594 F.
553 2531 607 2611 [p.
628 2551 682 2608 199
698 2531 745 2589 ed.
762 2528 941 2607 Schneider]
958 2527 1000 2588 his
1043 2537 1118 2618 τέρου
1131 2537 1248 2616 Ευνίρξας
1257 2536 1357 2596 είασεν·
1373 2537 1418 2613 (σί.
1430 2535 1503 2594 Phil.
1515 2535 1567 2593 Gt.
1581 2534 1695 2610 Fragm.
1708 2537 1771 2597 vol.
1785 2537 1827 2608 ll,

223 2619 323 2682 verbis
338 2633 480 2680 testatur:
500 2620 623 2692 τοιαύτης
639 2620 661 2676 δ’
677 2609 722 2676 oili
736 2621 782 2688 τῆς
805 2616 938 2688 ζητήσεως
953 2615 998 2674 ού·
1044 2646 1074 2704 p.
1092 2637 1145 2687 τοι
1157 2626 1179 2702 ).
1195 2629 1281 2682 Hunc
1300 2624 1420 2682 Procius
1435 2623 1474 2680 ἰια
1486 2635 1693 2681 commentatus·
1705 2645 1735 2702 p.
1755 2635 1826 2696 τρε.

223 2731 270 2781 aas
293 2707 463 2790 Πλούταρχος
482 2708 529 2786 μέν
543 2709 589 2768 καί
611 2706 727 2772 Ἀττικὸς
747 2706 791 2764 καὶ
811 2706 887 2766 ἄλλοι
906 2705 999 2764 πολλοὶ
1044 2713 1068 2772 E
1084 2716 1129 2792 [p.
1148 2723 1203 2782 εια
1221 2713 1267 2774 ed.
1286 2712 1458 2790 Schneider]
1475 2718 1517 2770 νῦν
1534 2712 1560 2770 δέ
1576 2713 1598 2769 εἰ
1613 2713 1700 2790 βούλει
1715 2711 1761 2770 καί
1774 2713 1828 2782 τὴν

221 2799 272 2854 τῶν
290 2799 467 2856 Πλατωνικῶν
484 2797 552 2856 κατά
572 2796 665 2875 χρόνον
680 2794 728 2866 τὴν
749 2794 849 2874 γένεσιν
864 2795 997 2870 ἤκουσαν,
1044 2805 1090 2858 τοῦ
1105 2799 1246 2866 Πλάτωνος
1267 2797 1334 2866 λέξιν
1355 2797 1413 2856 καθ’
1427 2797 1538 2857 ἕκαστον
1552 2801 1605 2856 τῶν
1619 2798 1743 2878 βημάτων
1762 2803 1831 2858 θεω-

222 2883 267 2942 καί
279 2906 343 2962 φασι
368 2885 499 2962 γίγνεσθαι
517 2884 564 2958 τλν
581 2883 704 2956 ζήτησιν,
720 2881 772 2940 είτε
788 2881 912 2960 ἀγένητος
932 2883 1000 2941 κατὰ
1046 2885 1178 2966 ρήσωμεν.
1197 2887 1307 2962 Πρῶτον
1323 2875 1367 2942 οδν
1387 2882 1460 2950 εὐθύς
1477 2885 1507 2943 τθ
1527 2884 1555 2942 δέ
1571 2884 1618 2955 την
1633 2883 1720 2964 ψυχὴν
1743 2884 1827 2962 (leg.

221 2969 340 3049 χρόνονδ
355 2972 465 3046 κόσμος,
482 2972 533 3032 εἴτε
550 2969 666 3050 γενητός·
681 2961 748 3029 εῖναι
761 2969 811 3050 γάρ
831 2970 942 3051 πρὸτῆς
957 2996 1001 3032 κο·
1045 2975 1074 3033 τδ
1088 2973 1135 3047 τὴν
1156 2973 1183 3032 δέ
1197 2973 1307 3055 ψυχὴν)
1321 2971 1362 3030 δτι
1383 2973 1443 3053 περί
1465 2971 1550 3043 πόσης
1564 2972 1635 3052 λέγει
1653 2977 1700 3042 τῆς
1715 2975 1828 3052 ψυχῆς,

223 3058 364 3136 σμοπυιίας
387 3060 499 3121 ἀτακτον
519 3062 633 3138 κίνησιν,
649 3059 705 3138 ἀμα
723 3059 750 3118 δέ
774 3059 874 3130 κινήσει
896 3060 1001 3128 πάντως
1045 3064 1074 3123 τδ
1088 3063 1183 3142 ἄρθρον
1197 3063 1336 3142 προστεθέν
1350 3061 1491 3132 ἐδήλωσεν.
1505 3063 1546 3121 ot
1559 3061 1611 3140 γάρ
1629 3059 1717 3140 ῶσπερ
1731 3060 1832 3140 πρότε-

223 3148 278 3206 ίστί
289 3147 335 3206 καί
348 3149 458 3227 χρόνος,
473 3149 540 3209 ὥστε
555 3149 600 3208 καί
614 3149 706 3228 χρόνον
720 3137 786 3206 εἷναι
801 3148 853 3226 πρὸ
869 3152 914 3206 τοῦ
937 3171 1002 3205 παν·
1046 3175 1088 3231 ρον
1103 3151 1191 3232 ιβυχέγν
1204 3150 1231 3208 δὲ
1244 3151 1271 3207 ίν
1282 3151 1355 3230 μέσῳ
1368 3149 1420 3216 θείς
1434 3140 1520 3222 εἶπεν,
1539 3149 1606 3208 ἀλλά
1622 3147 1669 3220 τὴν
1681 3149 1709 3207 δέ
1723 3149 1828 3226 ψυχήν.

223 3234 279 3302 τός·
291 3233 349 3314 ἀμα
364 3236 391 3294 δέ
406 3240 444 3318 τῷ
460 3239 540 3298 παντί
554 3237 687 3316 γεγονέναι
706 3235 799 3315 χρόνον
815 3234 924 3315 ἀριθμὸν
939 3237 999 3294 ὄντα
1046 3240 1123 3300 Ἐκεῖ
1140 3239 1188 3316 μὲν
1203 3236 1254 3317 γάρ
1269 3237 1376 3314 δύναμις
1390 3229 1422 3309 ἦν
1443 3239 1528 3318 ψυχῆς
1543 3236 1635 3310 θληςὴ
1656 3237 1715 3318 περί
1729 3237 1760 3294 τδ
1776 3237 1831 3312 μέ.

222 3326 270 3395 τῆς
281 3328 327 3382 τοῦ
341 3325 438 3392 παντὸς
453 3325 599 3402 νῑνῆνῑννς,
614 3329 649 3392 ὡς
668 3327 763 3392 ίννῖννς
782 3317 813 3396 ἦν
828 3329 875 3396 τῆς
893 3325 943 3405 opi
955 3330 1001 3397 τῆς
1046 3351 1107 3406 σον,
1129 3329 1240 3386 ἐνταῦθα
1265 3327 1324 3396 δίη
1346 3335 1419 3384 πᾶσα
1438 3324 1510 3406 ψυχὴ
1530 3324 1694 3404 προσδυτέρα
1719 3322 1831 3400 λέγεται

224 3413 395 3488 *wiswille
412 3412 489 3486 οὔσης
510 3414 624 3473 &timu
646 3414 772 3485 κινήσεως
793 3413 911 3491 ἀριθμός.
926 3412 1003 3483 Qua·
1045 3422 1090 3476 τοῦ
1106 3415 1239 3494 σώματος.
1252 3414 1316 3474 Ἐπί
1336 3414 1362 3473 δὲ
1381 3413 1465 3494 τούτῳ
1484 3413 1514 3470 τὸ
1534 3411 1711 3492 πρεσβύτερον
1731 3413 1832 3470 καὶτὸ

224 3513 343 3579 propter
361 3502 438 3559 itlent
454 3502 489 3559 ad
511 3503 661 3578 sequentia
677 3520 742 3579 pag.
760 3503 807 3562 io.
826 3503 862 3561 Α.
879 3499 947 3559 οὕτω
969 3501 1000 3574 δὴ
1045 3505 1168 3585 νεώτερον
1195 3505 1224 3563 ού
1247 3504 1316 3562 κατὰ
1342 3502 1434 3582 χρόνον
1465 3499 1595 3572 ληπτέον,
1627 3503 1662 3566 ὣς
1689 3499 1829 3578 ὑπέλαβεν

223 3596 275 3646 πδίν
288 3588 347 3646 ὅσον
360 3579 391 3660 ἦν
409 3589 504 3667 δρατδν
522 3587 705 3668 παραλαόόιν,
724 3589 774 3666 οὐχ
787 3588 900 3668 ἡσυχίαν
924 3588 1001 3665 ἄγον,
1047 3593 1174 3660 Ἀττικός·
1190 3591 1248 3668 ἅμα
1264 3591 1314 3671 γάρ
1326 3592 1461 3663 έιπέστησε
1476 3589 1524 3662 τὴν
1538 3590 1625 3670 ψυχὴν
1641 3595 1655 3649 δ
1674 3595 1765 3671 πατὴρ
1779 3591 1830 3650 καί

225 3675 294 3734 ἀλλά
307 3676 457 3754 κινούμενον
472 3678 636 3754 πλημμελῶς
655 3676 700 3734 καί
722 3675 858 3751 ἀτάκτως,
874 3677 910 3744 εἷς
930 3677 1002 3744 νύξιν
1047 3683 1153 3759 σώματι
1171 3681 1362 3760 περιεκάλυψεν
1382 3680 1478 3752 αὐτήν·
1495 3679 1564 3737 ἀλλά
1578 3684 1610 3756 τῇ
1626 3678 1697 3747 τάξει
1715 3684 1763 3749 τῆς
1780 3681 1829 3738 οδ·

224 3765 288 3824 αὐτὸ
307 3764 406 3845 ἤγαγεν
421 3767 451 3826 έκ
464 3771 510 3837 τῆς
526 3763 647 3837 ἀταξίας,
662 3765 825 3842 ἡγησάμενος
846 3766 929 3824 έκεῖνο
943 3766 1000 3824 τού·
1046 3771 1113 3838 σίας.
1134 3772 1173 3830 Τὸ
1188 3769 1237 3848 γδρ
1262 3773 1298 3845 τῷ
1313 3769 1464 3849 δημιουργῷ
1485 3770 1691 3848 προσεχέστερον
1710 3767 1830 3844 πρεσδύ-

222 3877 267 3914 νῦν
280 3854 385 3923 πάντως
400 3854 503 3930 ulpttsov
521 3855 580 3932 (cf-
596 3854 673 3916 Phil.
690 3855 742 3913 Gn
761 3853 873 3928 Πείρεω.
887 3855 947 3912 νοΙ.
965 3854 1001 3926 ΙΙ,
1047 3883 1138 3938 τερον,
1151 3858 1182 3916 τδ
1197 3857 1223 3915 δὲ
1236 3857 1396 3938 πορβωτέρω
1410 3857 1547 3936 νεώτερον.
1564 3859 1597 3916 Et
1613 3856 1639 3914 δὲ
1656 3857 1762 3935 βούλει,
1777 3859 1828 3914 καί

223 3962 253 4019 p.
274 3944 345 4019 159)
359 3943 420 4002 haec
435 3944 587 4002 annotavit
599 3963 665 4022 pag.
687 3945 753 4002 ιι6.
769 3943 801 4001 Β.
816 3941 867 4019 [p.
883 3949 938 4014 ατί,
956 3943 1000 4000 ed.
1047 3947 1116 4006 κατὰ
1136 3944 1227 4026 χρόνον
1241 3944 1272 4003 τὸ
1288 3943 1465 4024 πρεσδύτερον
1485 3945 1530 4004 καί
1550 3943 1580 4003 τδ
1598 3944 1723 4022 νεώτερον
1746 3944 1827 4002 ἀκου-

223 4029 405 4112 Schneider.]
422 4033 445 4090 οί
467 4031 514 4107 μέν
529 4030 590 4112 περί
615 4030 784 4110 Πλούταρχον
803 4031 846 4088 τὸν
863 4029 1000 4109 Χαιρωνέα
1046 4035 1129 4096 στέον.
1162 4031 1343 4113 Πρεσθότερος
1367 4030 1417 4110 γάρ
1440 4039 1454 4093 θ
1479 4035 1548 4111 ἐντῇ
1566 4035 1639 4112 ψυχῇ
1664 4031 1757 4112 χρόνος
1776 4034 1826 4091 καί

224 4114 269 4173 καί
281 4115 397 4175 Ἀττικὸν
412 4118 530 4198 λιπαρῶς
545 4117 700 4197 ἀντέχονται
724 4118 822 4177 τούτων
840 4121 892 4176 τῶν
915 4117 1001 4197 βημά·
1046 4120 1187 4201 θειότερος,
1202 4117 1325 4199 νεώτερος
1340 4119 1367 4178 δὲ
1383 4123 1396 4178 δ
1411 4126 1456 4178 τοῦ
1472 4119 1608 4200 σώματος,
1624 4119 1669 4177 καί
1688 4121 1745 4178 καθ’
1759 4119 1826 4180 όσον

224 4224 276 4259 των
303 4205 336 4268 ῶς
362 4202 410 4274 τὴν
427 4206 479 4264 ἀπὸ
505 4204 600 4285 χρόνου
624 4209 662 4286 τῷ
683 4205 775 4286 κόσμῳ
793 4203 894 4282 γένεσιν
915 4207 1000 4272 αὐτοῖς
1046 4209 1116 4268 ἐστίν
1130 4214 1147 4282 ἡ
1162 4208 1234 4288 ψυχὴ
1249 4208 1359 4287 χρόνον,
1379 4208 1448 4268 κατθι
1460 4217 1548 4269 τοῦτον
1562 4210 1610 4267 οίικ
1620 4207 1677 4266 ἔστι
1688 4207 1717 4266 τί)
1732 4231 1827 4282 σωμα-

225 4290 440 4368 μαρτυρούντων,
467 4293 512 4351 καὶ
529 4291 560 4363 δὴ
585 4294 630 4350 καί
649 4315 713 4371 φασι
737 4296 855 4373 προεῖναι
883 4289 930 4369 μέν
953 4293 1000 4364 τὴν
1044 4297 1213 4370 τικόν,ἀλλά
1232 4299 1290 4356 καθ’
1309 4296 1416 4376 ἕτερον,
1433 4295 1532 4358 ίκείνου
1547 4296 1676 4378 δεύτερον.
1700 4295 1750 4364 Ὦς
1770 4297 1826 4377 γάμ

224 4379 374 4453 ἀκόσμητον
395 4379 460 4450 θλην
483 4379 533 4458 πρὸ
548 4383 594 4448 τῆς
614 4382 754 4457 γενέσεως,
775 4383 892 4459 inpositus
908 4379 935 4438 il
955 4381 999 4439 καί
1045 4388 1169 4458 κινήσεως
1185 4384 1272 4465 ἕτερον
1290 4375 1356 4453 εἶδος
1377 4387 1404 4444 έν
1424 4389 1537 4466 ἀμφοῖν,
1554 4384 1621 4446 sisu
1640 4386 1685 4444 καί
1700 4391 1713 4446 δ
1728 4385 1824 4464 χρόνος

223 4461 269 4536 τὴν
288 4465 444 4544 κοτιργάτιν
456 4465 543 4548 ψυχὴν
558 4467 604 4538 τὴν
616 4473 693 4526 τοῦτο
706 4473 844 4526 κινοῦσαν·
859 4467 935 4528 πόθεν
949 4467 999 4550 γύρ
1045 4475 1139 4552 έτερος.
1166 4474 1206 4532 Ex
1228 4474 1273 4533 his
1295 4475 1417 4552 aliisque
1441 4475 1512 4532 locis
1534 4474 1670 4548 efficitur,
1686 4475 1826 4533 statuisse

222 4545 631 4633 ἦκίνησῑςῆν,ἢύπὸψνχῆς;
648 4554 867 4626 steteramus
887 4555 997 4630 κίνησις,
1046 4563 1170 4620 Atticum
1195 4561 1349 4621 motionem
1377 4575 1405 4620 et
1445 4561 1592 4620 materiam
1626 4560 1824 4623 inordinatam

223 4642 275 4704 άπὸ
291 4641 404 4702 ἀτάκτου
418 4645 518 4723 ψυχῆς·
539 4642 627 4721 εἴρηκε
640 4647 700 4721 γοῦν
709 4635 741 4702 ’έν
758 4643 855 4718 Νόμοις
870 4644 933 4723 (tib.
957 4648 997 4721 X,
1045 4663 1109 4708 ortu
1138 4669 1252 4722 catere,
1286 4653 1428 4707 mundum
1452 4662 1547 4708 autem
1569 4663 1699 4726 tempore
1722 4663 1822 4707 ortntn

209 4753 288 4810 pag.
309 4735 376 4808 897.
399 4731 443 4809 A)
463 4731 510 4802 τλν
532 4732 579 4810 μὲν
603 4733 743 4811 ἀγαθοειδῆ
764 4731 851 4815 ψυχὴν
868 4734 931 4811 ὀρθὰ
954 4734 998 4791 καί
1044 4757 1120 4810 esse,
1137 4739 1217 4795 velut
1233 4759 1261 4815 p.
1282 4740 1348 4798 116.
1367 4736 1398 4797 F.
1416 4737 1468 4815 [p.
1486 4737 1543 4809 '275
1566 4737 1611 4797 ed.
1628 4737 1824 4815 Schneider.]

222 4819 340 4900 έμρρονα
354 4822 544 4901 παιδαγωγεῖν,
561 4821 608 4892 τὴν
624 4820 651 4880 δὲ
664 4821 819 4900 κατεργάτιν
836 4822 956 4889 ἀτάκτως
970 4845 999 4880 τε
1045 4825 1103 4883 ἀλλ’
1117 4827 1159 4884 ἐπί
1181 4824 1228 4900 μέν
1241 4831 1288 4898 τῆς
1306 4829 1392 4906 ψυχῆς
1414 4824 1556 4900 ἀσωμάτου
1576 4825 1655 4895 ούσης
1669 4829 1747 4883 τοῦτο
1760 4827 1825 4896 ἀλη·

223 4915 349 4969 κινεῖσθαι
369 4911 412 4969 καί
433 4909 463 4968 τδ
477 4912 521 4968 ὑπ’
544 4911 625 4983 αύτῆς
646 4911 821 4988 διοικούμενον
837 4911 999 4987 πλημμελῶς
1045 4913 1101 4980 θές·
1115 4913 1158 4971 ἐπί
1173 4912 1200 4972 δέ
1214 4920 1257 4972 soi
1276 4912 1399 4990 σώματος
1415 4913 1445 4971 τὸ
1465 4913 1512 4988 μὲν
1525 4913 1586 4992 περί
1604 4916 1656 4971 τῶν
1673 4913 1749 4970 είδῶν
1768 4916 1821 4972 τῶν

224 4998 310 5074 ἀγειν·
328 4998 512 5076 ἐπιγενομένης
534 4997 561 5057 δέ
581 5005 627 5070 τῆς
644 4999 696 5057 άπδ
711 5003 757 5057 τοῦ
776 5000 935 5075 δημιουργοῦ
955 5021 998 5058 κο·
1044 4999 1153 5081 πρώτων
1170 4999 1337 5079 δεδείχαμεν,
1352 4999 1421 5067 ὅπως
1436 4999 1481 5058 καί
1499 4999 1599 5058 τούτων
1620 4998 1727 5066 αίτιοςδ
1747 4999 1819 5074 θεός,
1902 5007 1920 5042 ⁶

224 5087 362 5161 σμοπυιίας
380 5093 427 5158 τήν
443 5087 490 5163 μέν
509 5088 574 5158 ύλην
596 5088 769 5146 καθίστασθαι
795 5086 859 5166 πρδς
886 5085 932 5156 τήν
954 5092 998 5146 τοῖ
1044 5087 1143 5168 περίδέ
1161 5093 1206 5160 τῆς
1223 5087 1287 5158 itt..
1302 5088 1527 5160 αύτῆςζητιόσειεν
1544 5085 1821 5165 ἀντις,είτεάγένη-

224 5171 325 5251 κόσμου
341 5173 485 5249 σύστασιν,
501 5176 548 5248 τὴν
566 5177 592 5234 δέ
608 5175 763 5256 κατεργάτιν
777 5183 822 5234 νοῖῖ
837 5177 1000 5254 μεταλαχοῶ·
1044 5175 1086 5241 τός
1104 5177 1173 5233 ἐστιν
1192 5177 1238 5234 ἀπ’
1260 5173 1362 5248 αίτίοις,
1384 5171 1417 5240 ῶς
1433 5195 1511 5256 φασιν
1523 5175 1552 5232 οῖ
1568 5173 1627 5233 πεοί
1649 5171 1820 5252 Πλούταρχον
