3938 5968
501 391 730 455 enniconun
751 387 1085 453 nrconncneoeun
1107 386 1390 449 PARAPHRASIS.
1488 347 1494 356 ’
1693 393 1753 453 ase

129 553 178 598 τας
186 532 212 590 οῖ
225 527 361 610 εὐεργέται
375 529 480 609 φιλοῦσι
490 527 601 604 μᾶλλον,
612 525 681 596 ’δίεπ’
695 525 802 584 ἐκείνων
817 527 921 604 φιλοῦν·
967 501 1029 578 bene
1041 525 1124 578 meriti
1135 530 1194 578 sunt
1204 527 1376 578 veberrrentius
1385 521 1478 590 ornent,
1493 541 1570 592 quam
1584 527 1616 578 ab
1627 527 1658 579 iis
1671 541 1754 580 amen·

130 641 195 675 ται·
209 618 319 698 καὶγὰρ
334 621 369 684 ὡς
384 615 535 696 παράλογον
549 615 683 693 γινόμενον
700 617 872 686 ίπιζητεῖτοιι.
885 614 921 673 Οἱ
967 621 1010 668 tur
1022 637 1029 668 ε
1044 631 1152 682 numque
1167 619 1221 682 ejus
1235 618 1280 681 rei,
1294 617 1367 682 quest
1383 619 1475 681 preter
1484 617 1607 667 rationem
1618 621 1643 668 et
1659 618 1752 682 opinio·

131 705 182 784 μέν
200 697 246 766 οὐν
262 707 355 766 πολλοὶ
372 705 415 765 διδι
439 704 516 766 τοῦτό
537 727 602 784 φασι
625 708 709 782 φιλεῖν
736 705 839 779 μᾶλλον
862 701 922 769 τούς
968 721 1024 757 nem
1037 707 1149 757 omnium
1172 706 1224 765 fiat,
1244 705 1308 756 ratio
1326 706 1457 770 queritur.
1480 708 1514 756 nt
1539 706 1629 770 vulgus
1653 706 1756 770 quidem

131 797 289 874 εὐεργέτας,
305 794 339 852 δι’
357 793 429 852 θκαὶ
443 795 467 852 ot
481 792 615 852 δανεισταί
637 794 754 872 φιλοῦσιν
770 783 807 858 οἷς
822 789 922 852 ἐδάνει-
968 795 1061 848 idcirco
1079 796 1202 848 benetioos
1215 795 1401 860 vehementiore
1417 809 1502 846 amore
1523 797 1608 860 captos
1628 809 1682 846 esse
1700 797 1756 860 opi-

131 907 201 954 σαν,
217 883 254 961 μὴ
278 883 428 964 φιλούμενοι
444 881 493 940 tat
509 885 560 941 τῶν
582 882 755 962 ὀφειλόντων·
773 883 797 940 οῖ
811 879 858 958 μέν
871 879 922 959 γδρ
967 889 1051 946 uetur,
1069 885 1137 950 quod
1156 885 1292 935 creditores
1312 898 1369 943 eos,
1385 885 1478 950 quibus
1499 885 1629 949 pecuniam
1643 885 1757 935 credide-

131 971 284 1054 χρήσαντες
306 971 445 1052 βούλονται
463 975 516 1038 τοῖς
536 971 669 1051 ὀφείλουσι
694 969 742 1040 τὴν
771 969 920 1050 σωτηρίαν,
968 978 1035 1030 runt.
1064 978 1163 1034 emunt,
1191 974 1310 1040 quamvis
1330 973 1456 1024 debitores
1483 974 1585 1024 iliorum
1605 975 1683 1026 amori
1707 989 1756 1024 non

132 1061 181 1121 καί
194 1063 283 1122 πάντα
300 1061 394 1142 τρόπον
412 1064 564 1140 βοηθοῦσιν,
590 1057 631 1119 ίνοι
647 1061 733 1127 αὐτοῖς
748 1057 781 1117 τθι
795 1059 923 1139 χρήματα
968 1065 1159 1129 respondeant:
1187 1077 1275 1129 nempe
1304 1063 1442 1115 creditores
1462 1062 1619 1114 debitoribus
1649 1064 1756 1115 salutem

132 1149 280 1228 ἐπανέλθῃ,
294 1153 318 1209 οῖ
330 1150 357 1208 δὲ
366 1148 511 1230 ὀφείλοντες
524 1139 561 1222 οἷς
574 1147 722 1228 ὀφείλουσιν
736 1146 823 1206 οὐκέτι
830 1169 848 1201 ι·
863 1145 923 1225 βού-
969 1156 1053 1208 terunt
1067 1161 1093 1208 et
1112 1161 1245 1223 exoptant,
1267 1156 1384 1220 omnique
1403 1156 1479 1207 modo
1495 1157 1526 1206 iis
1539 1156 1703 1216 subveniunt¹
1728 1160 1758 1206 ut

132 1233 225 1298 λοιντο
245 1239 296 1320 γδιρ
325 1238 356 1297 δν
382 1235 474 1304 αὐτοὺς
498 1237 536 1314 μὴ
561 1225 644 1312 εἶναι,
662 1241 698 1304 ὡς
724 1235 832 1313 άμεινον
855 1233 924 1294 οὕτω
969 1247 1080 1312 pecunie
1096 1247 1155 1312 ipsis
1173 1247 1290 1306 redeant,
1304 1246 1431 1298 debitores
1448 1259 1509 1296 vero
1524 1246 1688 1297 creditoribus
1708 1261 1757 1296 non

132 1326 280 1406 πράξοντες
296 1333 341 1386 τοῦ
357 1325 459 1384 δανείου
474 1325 608 1394 λυθέντος·
626 1325 669 1385 τθν
687 1324 764 1384 αὐτόν
779 1324 810 1396 δὴ
827 1322 922 1403 τρόπον
970 1336 1030 1385 item
1050 1336 1164 1386 :vellent
1178 1336 1244 1387 enim
1260 1349 1303 1386 eos
1317 1335 1437 1386 excedere
1451 1350 1466 1386 e
1478 1335 1544 1396 vito,
1559 1335 1619 1400 quia
1637 1335 1758 1386 dissoluto

133 1414 202 1493 φασί
224 1415 270 1474 καί
288 1416 332 1474 ἐπὶ
352 1413 469 1474 τούτων·
489 1413 547 1482 τούς
563 1414 611 1492 μέν
625 1413 762 1496 εὐεργέτας
783 1411 924 1492 βούλεσθαι
970 1437 1019 1475 aerc
1032 1423 1544 1476 aiieuofeticiusvicturiridentur:idem
1558 1425 1633 1475 etbic
1647 1423 1759 1474 accidere

133 1496 266 1565 εἶναικαὶ
286 1505 415 1575 σώζεσθαι
437 1503 496 1572 τούς
520 1493 550 1563 εὐ
566 1503 712 1580 παθόντας,
734 1509 769 1572 ὡς
791 1503 859 1565 οὐτιο
879 1525 925 1562 κο-
971 1513 1096 1564 atiirmeut
1108 1514 1247 1564 :beneficos
1262 1513 1365 1578 quidem
1377 1517 1464 1578 optare
1479 1514 1558 1565 vitam
1571 1517 1597 1565 et
1607 1514 1714 1565 salutem
1728 1513 1759 1563 iis

134 1594 295 1672 μιουμένους
304 1595 351 1664 τὰς
366 1593 497 1671 ὀιριοιόάς,
513 1592 573 1662 τούς
587 1594 614 1654 δέ
627 1586 655 1654 εὐ
669 1595 798 1662 παθόντας
812 1597 841 1654 οὐ
853 1593 921 1674 σφό-
971 1601 996 1650 iu
1006 1615 1070 1664 quos
1081 1601 1199 1652 beneticia
1211 1603 1380 1665 contulerunt,
1394 1602 1462 1667 quod
1473 1603 1508 1652 sic
1523 1602 1635 1652 beneficii
1654 1603 1759 1666 gratiam

134 1685 187 1763 δρα
204 1687 290 1766 φιλεῖν
300 1683 346 1755 τὴν
359 1687 410 1742 τῶν
421 1684 561 1762 εὐεργετῶν
573 1683 721 1762 σωτηρίαν·
736 1682 830 1764 οὐγὰρ
842 1683 924 1752 οὕτως
972 1703 998 1740 se
1008 1695 1186 1740 consecuturos
1192 1704 1246 1742 esse
1260 1694 1366 1755 sperent,
1380 1705 1423 1742 eos
1432 1705 1491 1742 vero
1501 1692 1545 1756 qui
1556 1690 1673 1742 beneficia
1688 1705 1759 1743 acoe-

137 1773 261 1851 ἒπιμελὲς
272 1773 325 1842 τοῖς
335 1771 480 1853 ἀνθρώποις
489 1771 519 1830 τδ
530 1773 733 1846 ἀνταποδοῦναι,
741 1777 775 1839 ὡς
783 1771 813 1830 τύ
824 1774 925 1831 άπολοι-
973 1781 1063 1842 perunt
1077 1777 1109 1830 de
1128 1777 1294 1829 beneficorum
1316 1779 1397 1829 salute
1410 1793 1458 1828 non
1473 1778 1546 1828 valde
1557 1779 1675 1829 sollicitos
1684 1793 1738 1829 esse
1751 1799 1757 1830 ε

137 1863 206 1926 δεῖν.
225 1861 261 1923 Ἥ
279 1861 325 1940 μὲν
347 1852 392 1920 οὐν
407 1862 520 1920 δοκοῦσα
542 1868 596 1927 τοῖς
623 1861 729 1928 πολλοῖς
755 1858 828 1918 αἰτία
857 1859 926 1934 αὐτη
971 1878 1052 1929 neque
1070 1865 1136 1926 euim
1156 1869 1285 1931 tantopere
1298 1865 1412 1916 laborare
1429 1866 1584 1917 bominesde
1600 1867 1680 1930 gratia
1694 1867 1758 1918 rete·

135 1953 211 2024 ἔστί,
240 1952 286 2012 καί
309 1956 395 2011 ταῦτα
422 1949 596 2030 προήχθησαν
621 1948 750 2027 νομίζειν,
779 1949 843 2032 πρὸς
867 1949 925 2018 τοὺς
972 1951 1057 2010 reuda,
1082 1955 1236 2016 quantopere
1263 1952 1294 2003 de
1324 1953 1467 2018 accipiendo
1495 1953 1612 2004 beueticio
1637 1954 1757 2006 laborant.

136 2041 295 2122 ἂγεώμονας
317 2041 363 2102 χαὶ
385 2039 513 2119 πονηροὺς
538 2038 733 2108 ἀπσὸλέποντες
747 2044 800 2100 τῶν
824 2041 925 2124 ἀνθρώ.
972 2045 1053 2107 Atque
1069 2043 1125 2093 bec
1138 2044 1241 2108 quidem
1253 2058 1282 2095 ea
1292 2049 1337 2102 est,
1350 2061 1426 2110 quarn
1443 2047 1534 2111 vulgus
1546 2061 1601 2098 esse
1612 2048 1758 2109 arbitratur,

134 2141 213 2190 πων·
229 2132 274 2192 καί
288 2131 304 2191 ὅ
318 2155 397 2213 φησιν
411 2128 597 2208 Ἐπίχαρμος,
611 2130 641 2187 ἐκ
654 2134 769 2207 πονηροῦ
787 2130 923 2206 θεώμενοι.
972 2145 1054 2192 causa,
1076 2147 1133 2199 quae
1148 2134 1251 2198 quidem
1267 2135 1369 2185 credere
1385 2136 1466 2186 coacti
1484 2141 1542 2187 sunt
1561 2137 1632 2203 quod
1651 2137 1760 2202 ingratos

134 2217 232 2282 Ἔοικε
257 2219 285 2280 δέ
308 2220 471 2300 ἀνθρωπικὸν
491 2217 522 2276 τό
540 2207 756 2275 ebroicensium·
778 2217 926 2296 ἀμνήμονες
973 2224 1071 2271 tantum
1083 2225 1159 2286 atque
1175 2222 1302 2286 improbos
1318 2224 1429 2274 homiues
1448 2225 1588 2289 respiciunt,
1600 2227 1703 2292 etquod
1723 2229 1762 2278 est

135 2310 190 2391 γὰρ
200 2312 225 2370 οἱ
238 2311 349 2384 πολλοί,
367 2308 525 2384 καὶμᾶλλον
540 2297 568 2363 εὐ
578 2305 703 2384 πάσχειν,
719 2305 830 2377 ἢποιεῖν
843 2308 924 2389 ἐφίει·
973 2311 1040 2374 apud
1055 2309 1240 2374 Epicharmum,
1258 2325 1290 2362 er
1314 2312 1390 2362 animi
1407 2314 1531 2376 pravitate
1541 2318 1693 2379 spectantes.
1715 2315 1760 2366 Vi-

135 2420 194 2457 ται.’
212 2398 302 2468 Δόίειε
327 2399 350 2456 δ’
364 2397 395 2456 διν
422 2391 600 2477 φυσικώτερον
625 2385 692 2454 εἶναι
716 2394 743 2454 ιδ
763 2393 844 2454 αίτιον
854 2439 863 2469 ,
881 2396 926 2456 καί
973 2398 1047 2449 detur
1058 2402 1142 2450 eutem
1150 2399 1200 2450 tale
1208 2400 1270 2465 quid
1279 2401 1372 2452 bomini
1380 2403 1506 2466 proprium
1519 2417 1572 2454 csse
1584 2421 1590 2452 :
1603 2404 1761 2456 immemores

135 2489 189 2567 οὐχ
205 2487 294 2566 δμοιον
306 2489 344 2567 τῷ
358 2485 418 2566 περί
433 2484 491 2551 τούς
501 2482 680 2550 δανείσαντας.
694 2482 742 2542 Ἐν
751 2481 798 2558 μέν
811 2483 863 2564 γὰρ
874 2488 928 2553 τοῖς
973 2488 1038 2538 enim
1048 2487 1161 2554 plerique
1172 2493 1240 2550 sunt,
1252 2491 1381 2556 magisque
1394 2489 1460 2541 attici
1469 2491 1603 2552 beneflciis,
1612 2507 1689 2557 quam
1701 2508 1762 2544 con-

137 2576 292 2656 εὐεργέταις
301 2573 347 2634 καί
362 2581 415 2641 τοῖς
430 2564 458 2632 εὐ
475 2571 610 2652 πάσχουσι
632 2570 736 2652 φίλησίς
751 2573 840 2647 ἐστιν,
857 2575 883 2632 ἐν
899 2574 926 2634 δὲ
974 2577 1075 2629 ierreea
1095 2579 1121 2630 iu
1141 2581 1203 2631 aiios
1222 2581 1336 2645 cupiunt.
1352 2585 1446 2632 Verum
1461 2583 1537 2646 huius
1548 2583 1586 2633 rei
1597 2597 1672 2636 cansa
1685 2587 1759 2635 nutu-

136 2666 192 2732 τοῖς
209 2664 396 2741 δανειζομένοις
410 2662 456 2722 καλ
479 2663 626 2728 δανεισταῖς
648 2662 678 2720 οὐ
696 2660 817 2742 φίλησις·
832 2661 927 2744 οὐγὰρ
973 2667 1033 2718 ralis
1050 2669 1135 2734 potius
1150 2669 1258 2729 videtur,
1280 2685 1361 2736 neque
1373 2671 1462 2722 similis
1479 2685 1533 2722 esse
1550 2673 1703 2725 creditorum
1725 2690 1762 2726 ra-

138 2755 236 2834 φιλεῖθ
252 2752 372 2820 δανείσας
385 2752 428 2811 τὸν
444 2750 598 2832 ὀφείλοντα,
611 2747 670 2808 ἀλλ’
683 2749 747 2808 αὐτὸ
760 2753 836 2808 τοῦτο
848 2751 926 2827 μόνον
974 2755 1044 2808 ῖῖοιιῖ.
1053 2757 1118 2808 iniis
1128 2758 1272 2824 quippequi
1283 2760 1402 2811 beneticio
1411 2760 1523 2811 afficiunt
1533 2764 1558 2812 et
1568 2761 1762 2826 quiatdciuntur

137 2841 271 2912 σώζεσθαι
291 2841 367 2902 αὐτόν
383 2840 505 2920 βούλεται
519 2844 565 2911 τῆς
586 2839 696 2916 κομιδῆς
711 2838 801 2914 ἕνεκα,
823 2839 868 2898 καὶ
883 2838 926 2901 ίνιι
974 2849 1078 2897 mutuus
1090 2861 1159 2898 amor
1172 2852 1219 2908 est,
1237 2849 1263 2898 iu
1283 2848 1440 2900 debitoribus
1458 2854 1543 2901 entem
1558 2855 1584 2902 et
1595 2852 1762 2906 creditoribus
1786 2857 1790 2866 ’

137 2931 169 2990 τὸ
185 2931 287 2990 δάνειον
302 2928 434 3006 ἁπολάῦῃ·
450 2931 473 2988 oi
496 2929 518 2986 δ’
535 2920 563 2988 εὐ
576 2925 749 2998 πεποιηκότες
763 2930 868 3010 φιλοῦσι
882 2931 927 2990 καὶ
975 2949 1024 2986 uon
1038 2939 1076 2986 cst
1090 2951 1159 2987 emor
1181 2956 1188 2986 :
1206 2951 1287 3002 neque
1311 2938 1376 2989 euim
1396 2942 1464 2990 amat
1485 2939 1594 2990 creditor
1611 2941 1760 3008 debitorem,

139 3022 267 3099 ἀγαπῶσι
281 3011 378 3086 τούςεύ
396 3017 573 3090 πεπονθότας,
588 3015 638 3076 κθν
653 3015 714 3093 1’μὴ
727 3005 777 3076 ῶσι
787 3017 923 3097 χρήσιμοι,
975 3028 1018 3078 sed
1031 3029 1128 3079 sotrum
1143 3028 1266 3079 duntaxat
1293 3045 1346 3081 esse
1358 3031 1423 3092 vult,
1438 3035 1466 3082 ut
1486 3045 1560 3082 suurn
1579 3036 1763 3097 recuperetpe-

139 3107 209 3185 μηδὲ
225 3105 352 3166 δύνωνται
372 3107 507 3186 γενέσθαι.
525 3109 610 3166 Τοῦτο
636 3103 664 3163 δέ
679 3103 724 3164 καί
748 3105 792 3164 ἐπὶ
815 3111 868 3166 τῶν
883 3132 926 3166 τε·
974 3121 1122 3186 οιιιιῖειιιιηυο
1148 3121 1268 3173 creditam
1295 3121 1404 3186 recipiat.
1433 3123 1482 3180 Qui
1505 3129 1590 3174 autem
1615 3124 1763 3176 beneficium

58 3241 64 3252 .
137 3199 238 3278 χνιτῶν
255 3193 408 3274 συμόέόηκε
422 3216 428 3230 ·
444 3205 496 3262 πᾶς
510 3195 561 3275 γθρ
580 3193 610 3253 τὸ
634 3195 728 3252 Οἷκῑῑθθ
743 3191 818 3273 ἔργον
834 3198 927 3277 ἀγαπᾷ
974 3211 1141 3272 coutulerunt,
1165 3216 1249 3264 emant
1260 3217 1286 3264 et
1309 3215 1415 3278 diligunt
1435 3229 1477 3266 eos
1493 3231 1557 3281 quos
1571 3217 1689 3268 beneticio
1700 3218 1763 3270 atte-

138 3288 257 3363 μᾶλλον,
272 3283 290 3356 ἢ
306 3284 456 3364 άγαπηθείη
478 3283 510 3343 διν
533 3285 584 3344 ὑπὸ
598 3288 644 3342 τοῦ
659 3283 736 3364 ἔργου
750 3282 870 3365 ἐμψύχου
885 3309 928 3365 γε·
974 3308 1070 3364 cerunt,
1094 3305 1190 3356 etiamsi
1210 3306 1284 3357 utiles
1300 3307 1361 3370 ipsis
1374 3322 1421 3357 non
1434 3309 1491 3366 sint,
1511 3323 1540 3359 ac
1554 3323 1649 3361 ncesse
1662 3311 1763 3375 quidem

137 3373 262 3451 νομὲνῠυ·
280 3375 396 3451 μάλιστα
412 3373 439 3432 δέ
453 3378 531 3433 τοῦτο
543 3372 602 3451 περὶ
618 3369 677 3438 τοὺς
687 3369 798 3444 ποιητὰς
814 3373 927 3450 reptet·
975 3389 1077 3453 possint.
1094 3388 1167 3448 Quod
1189 3392 1214 3438 et
1236 3389 1261 3439 in
1284 3390 1421 3441 artificibus
1435 3407 1482 3442 usu
1506 3393 1574 3444 venit
1590 3413 1596 3443 τ
1617 3397 1684 3443 emat
1698 3395 1763 3445 enirn

138 3487 193 3523 νει·
211 3467 402 3542 ὐπεραγαπῶσι
427 3467 477 3542 γὰρ
500 3453 571 3520 οῦτοι
598 3461 631 3520 τά
656 3463 740 3520 οἰκεῖοι
765 3461 923 3539 ποιήματα,
975 3472 1172 3536 unumquisque
1195 3487 1259 3537 opus
1284 3475 1458 3526 vehementius
1472 3491 1548 3540 quarn
1568 3477 1601 3528 ab
1622 3491 1696 3542 opere
1718 3493 1764 3528 suo

139 3553 292 3633 στέργοντες
309 3551 398 3629 ὥσπερ
423 3549 520 3610 τέκνα·
535 3557 636 3610 τοιοῦτο
652 3551 679 3611 δέ
695 3551 777 3610 ἔοικεν
793 3541 859 3610 εἶναι
880 3553 924 3611 καί
975 3559 1110 3616 erneretur,
1126 3555 1191 3606 sier
1209 3555 1317 3606 inanimo
1331 3557 1401 3608 tieret
1415 3559 1570 3610 animatum:
1583 3563 1659 3624 etque
1676 3560 1723 3610 boc
1739 3562 1764 3611 in

138 3637 170 3695 τὸ
194 3643 247 3697 τῶν
265 3643 424 3721 εὐεργετῶν·
439 3641 462 3698 οἱ
485 3639 535 3718 γάρ
551 3631 580 3698 εὐ
607 3639 751 3720 πάσχοντες
775 3642 819 3698 ὐπ’
839 3643 925 3700 αὐτῶν
976 3642 1054 3708 podiis
1064 3639 1171 3690 maxime
1184 3639 1304 3702 contingit
1315 3658 1322 3690 ι
1335 3641 1427 3704 quippe
1450 3642 1474 3690 bi
1496 3655 1540 3692 sua
1553 3645 1668 3705 podmute
1688 3655 1764 3707 supra

139 3727 212 3788 κοιτδι
223 3733 299 3788 τοῦτο
313 3729 377 3810 ἔργα
399 3731 484 3787 αὐτῶν
497 3731 561 3801 rior,
582 3727 628 3787 καί
648 3728 691 3786 tat
708 3734 785 3788 τοῦτο
802 3733 926 3810 ἀγαπῶσι
975 3727 1078 3777 ffl0d¹¹1¹¹
1092 3727 1184 3782 aman&
1206 3738 1289 3775 ⁸¹¹¹⁰f⁰
1309 3739 1384 3789 Ρῐθθθ
1404 3729 1507 3789 Ρθῑθῐθθ
1533 3729 1651 3791 linquam
1673 3727 1764 3778 liberos

140 3817 244 3892 μᾶλλον
265 3815 400 3890 αὐτούς,ἢ
415 3818 448 3875 ris
464 3814 528 3894 ἔργα
541 3814 632 3881 αὐτοὺς
654 3819 756 3893 ἀγαπᾶ,
777 3815 880 3876 Τούτου
901 3819 928 3877 δὲ
975 3810 1018 3860 itte
1035 3810 1212 3873 prosequentes
1229 3827 1235 3856 :
1250 3807 1308 3857 talis
1321 3807 1419 3856 videtur
1443 3808 1468 3858 et
1488 3822 1574 3858 eorum
1588 3809 1764 3873 quibenetrriis

140 3901 293 3977 aquom„
306 3905 335 3963 τὸ
357 3903 403 3980 μὲν
425 3893 492 3962 ,ἶψρι
505 3912 586 3962 πασῃ,
601 3903 701 3980 αἱρετὸν
726 3875 771 3960 ,ξαρ
792 3906 921 3985 φλητόν.
976 3893 1037 3943 otios
1056 3895 1175 3941 ornarunt
1197 3905 1251 3940 esse
1274 3891 1337 3982 ratio
1358 3907 1363 3939 :
1386 3890 1430 3954 qui
1456 3891 1522 3940 enirn
1540 3892 1574 3942 ab
1593 3893 1624 3942 iis
1647 3893 1765 3943 beneticio

139 3989 222 4067 ρσμρ,
244 3991 271 4050 δὲ
286 3991 379 4071 κυρίως
397 3991 459 4052 ὅταν
474 3993 590 4072 ἐνεργά,
606 3981 694 4068 ὦμεν.
709 3993 787 4069 ἐσμὲν
803 3993 831 4052 δὲ
847 3997 924 4076 gm—
975 3975 1058 4037 atiquo
1082 3972 1168 4022 affecti
1189 3975 1255 4029 suut,
1284 3972 1360 4034 buJus
1392 3971 1428 4021 rei
1454 3977 1568 4036 respectu
1596 3988 1681 4024 eorum
1707 3977 1765 4025 sunt

138 4079 201 4156 γείᾳ
216 4081 242 4139 ίν
260 4083 298 4161 τῷ
313 4081 417 4153 ζῆνκαὶ
437 4051 586 4162 πράττειν.
600 4085 613 4140 δ
628 4081 655 4139 δέ
670 4080 794 4160 πράττων
808 4085 925 4167 ένεργείορ
976 4078 1057 4129 οὐκέθ’
1085 4061 1190 4125 idfflque
1210 4058 1288 4122 mgis
1320 4071 1362 4108 ⁰⁰⁵
1383 4059 1476 4118 amam'
1504 4071 1580 4122 quam
1599 4059 1631 4110 δέ)
1649 4060 1764 4123 ⁰p⁰fih¹¹⁸

140 4169 213 4228 ἐστὶ,
226 4171 253 4228 ξφ
268 4159 306 4252 τῷ
321 4169 400 4251 ἔργῳ.
415 4169 452 4231 ‘fl
465 4171 516 4251 γὰρ
535 4169 701 4246 otxotoput,
721 4170 825 4250 ,γλάγος
841 4181 852 4206 0
868 4172 925 4232 ἐστγ
976 4147 1029 4198 suis
1051 4148 1174 4196 amentur.
1195 4142 1277 4206 llujus
1290 4141 1326 4190 rei
1346 4145 1478 4204 causaest,
1495 4143 1563 4208 quod
1583 4158 1637 4195 esse
1650 4145 1765 4196 omnihus

138 4262 186 4330 ,ἧς
201 4261 365 4337 eteodepth,
380 4261 494 4342 ρπρμγα
516 4261 621 4320 ἐστγνρ,
636 4266 668 4334 τῆ
684 4264 768 4320 οἰκία,
784 4264 829 4322 κα,
858 4263 926 4324 ἔστιν
976 4231 1084 4297 optabile
1106 4231 1132 4278 et
1150 4225 1255 4276 nutabile
1269 4229 1306 4276 est
1326 4241 1331 4273 :
1354 4225 1452 4290 pmprie
1479 4232 1563 4278 eutem
1584 4232 1639 4279 turn
1661 4244 1762 4291 sumus,

485 4321 490 4342 ⁵
656 4327 661 4342 ⁶
745 4323 749 4340 '
914 4354 921 4374 ,
976 4317 1242 4382 quumactusurnus:
1264 4313 1322 4359 actu
1348 4312 1432 4360 autern
1454 4318 1683 4377 snmuspropterea
1697 4315 1763 4379 quod

140 4347 237 4460 “fflfi
250 4351 332 4424 οἰκίῃ
348 4351 414 4461 Q
434 4349 521 4464 ‘’fxi‘'
545 4351 694 4458 δτῑχῖίτης
709 4354 846 4434 ἐνεργείῦ’
863 4359 927 4414 ”⁰¹⁰⁰
976 4400 1085 4450 vivimus
1099 4394 1298 4463 atqueagimus:
1314 4392 1358 4458 qui
1380 4407 1440 4443 vero
1450 4395 1509 4458 egit,
1523 4399 1581 4444 actu
1597 4397 1666 4446 estin
1680 4410 1762 4460 opere.

139 4459 280 4550 “fimf
293 4443 396 4554 ἑμοιξὺς
410 4465 458 4552 ,καί
473 4448 523 4506 πᾶς
546 4441 656 4550 31²⁵?va
679 4443 794 4552 “fp'sdi‘
817 4444 872 4504 ἐστὶ
898 4445 928 4502 τὸ
976 4487 1039 4536 Num
1055 4482 1302 4542 architectusque
1323 4480 1456 4526 structurae
1471 4477 1535 4526 ratio
1549 4481 1596 4536 est,
1615 4481 1673 4528 netu
1687 4480 1765 4530 ostiu

139 4523 217 4636 ἔργον
230 4552 323 4642 eurota.)
337 4531 368 4589 Ει
378 4553 584 4642 τοινυνκφυσιγον
601 4529 648 4608 μέν
664 4533 782 4614 έφιεσθαι
796 4537 841 4592 τοῦ
853 4525 929 4608 εἶναι,
977 4572 1094 4624 oedffiejo:
1103 4574 1190 4634 mque
1200 4563 1431 4631 ipsumaedjqssjw,
1441 4565 1565 4627 quatenus
1575 4566 1613 4612 esp
1621 4563 1762 4622 (edificium,

139 4639 169 4675 το
187 4607 252 4676 εἶναι
274 4621 302 4678 δε
312 4642 381 4678 εστιν
397 4622 423 4678 ἐν
446 4645 483 4699 τῳ
497 4645 621 4701 πραττειν
634 4623 658 4696 ⁶,
677 4623 708 4684 τδ
723 4625 797 4705 ἔργον
819 4625 847 4684 δέ
859 4626 928 4683 ἔστιν
977 4657 1041 4707 ,φωρ
1050 4654 1141 4706 artifex
1151 4657 1217 4711 acm,
1229 4653 1352 4715 qnatenus
1364 4651 1402 4698 esp
1414 4645 1504 4697 artifex
1520 4645 1674 4710 :eodemque
1691 4647 1765 4696 modo

141 4705 221 4772 αὐτὸς
235 4707 381 4786 Midum
393 4711 525 4802 ἐνὶθΥῑίόι
543 4712 653 4794 φανερὸν
664 4713 705 4774 ὅῖῑ
720 4717 778 4772 καθ’
790 4712 850 4772 ὅσον
861 4733 871 4760 ⁹
882 4715 929 4785 (q-
976 4738 1119 4803 quicunque
1133 4735 1158 4784 in
1173 4733 1255 4797 aliqua
1265 4746 1292 4781 re
1303 4732 1430 4795 operatur,
1441 4732 1499 4779 actu
1518 4742 1581 4793 opus
1593 4742 1666 4778 suurn
1676 4732 1721 4778 est.
1738 4728 1765 4779 si

143 4798 184 4854 τῑῖ
196 4819 234 4862 τις
249 4795 278 4854 τὺ
300 4799 393 4855 ἑαυτοῦ
416 4803 504 4868 εἶναί»
525 4799 595 4858 W&
611 4808 734 4861 τοσοῦτον
753 4805 824 4874 ζητεῖ
839 4805 884 4859 καὶ
901 4800 931 4860 τί)
977 4837 1034 4886 ergo
1050 4820 1166 4871 omnibus
1183 4819 1296 4870 naturaie
1315 4823 1362 4879 est,
1376 4821 1405 4869 ut
1421 4831 1474 4868 esse
1488 4815 1596 4880 cupiant,
1614 4827 1668 4864 esse
1681 4817 1765 4862 eutem

142 4884 217 4960 ἔργον
232 4875 313 4943 ‘Mt'
330 4887 406 4966 φύσει
428 4886 455 4945 δέ
483 4911 521 4955 τις
542 4891 611 4971 φιλεῖ
627 4891 719 4950 ἑαυτὸν
740 4891 785 4949 καί
808 4889 931 4970 βούλεται
977 4909 1002 4959 in
1022 4905 1116 4970 agendo
1139 4905 1258 4964 cernitur,
1278 4919 1340 4969 opus
1361 4903 1484 4968 veroipsc
1501 4899 1600 4965 estqui
1623 4901 1680 4949 actu
1700 4893 1765 4948 iliud

144 4963 225 5032 εἶναι·
248 4973 324 5054 φόσει
346 4974 398 5054 άρα
415 4980 484 5056 φιλεῖ
497 5001 535 5045 τις
551 4979 580 5038 τὸ
597 4982 691 5038 ἑαυτοῦ
711 4979 797 5060 ἔργον.
811 4979 890 5040 Ἐπεὶ
903 4979 930 5038 δέ
977 4988 1043 5047 tacit,
1061 4988 1279 5048 manifestumne,
1296 4989 1421 5052 quatenus
1433 4985 1490 5050 quis
1502 4999 1539 5052 ¹se
1551 4985 1635 5048 ipsum
1655 4995 1707 5032 esse
1720 4981 1765 5032 de-

145 5063 262 5138 μσίλισεά
273 5088 310 5134 εις
324 5067 506 5146 φιλεῒὲαυεόν,
517 5071 562 5126 χαὶ
572 5068 690 5145 μάλιστα
699 5075 769 5150 φιλεῖ
782 5068 892 5135 ἕκαστος
901 5069 931 5126 τὸ
977 5071 1075 5121 siderei.
1091 5075 1193 5122 eotenus
1206 5083 1264 5119 eum
1272 5083 1334 5140 opus
1346 5082 1448 5134 quoque
1457 5081 1531 5117 suurn
1544 5079 1597 5118 esse
1610 5064 1763 5116 desiderator

144 5154 236 5214 ἑαυτοῦ
248 5154 336 5236 ἔργον,
351 5155 396 5215 καί
410 5155 453 5214 τύν
469 5156 697 5236 εὐεργετούμενον,
712 5157 770 5216 καθ’
781 5155 841 5217 όσον
854 5155 931 5238 ἔργον
976 5169 1066 5216 nutura
1085 5168 1170 5215 autem
1183 5163 1247 5214 duce
1263 5163 1355 5228 aliquis
1372 5175 1399 5212 se
1421 5161 1504 5227 ipsum
1527 5165 1594 5214 emet
1615 5165 1691 5227 atque
1710 5173 1764 5211 esse

145 5243 215 5303 ἐστὶν
227 5248 305 5305 αὐτοῦ
318 5289 326 5318 ,
339 5246 457 5321 μάλιστα
469 5245 591 5328 φιλάσει·
606 5247 652 5308 καὶ
663 5245 706 5307 διθι
719 5253 796 5308 τοῦτο
805 5248 851 5307 καί
861 5251 930 5328 μῦλ-
978 5257 1034 5312 vult
1053 5273 1060 5308 ι
1084 5259 1181 5308 nuturae
1199 5241 1275 5321 igitur
1295 5254 1469 5308 convententer
1495 5255 1584 5322 aliquis
1606 5270 1669 5320 opus
1689 5268 1763 5304 suum

239 5359 304 5400 nuru.
321 5363 399 5402 GRAEG.
416 5362 451 5401 tn.
1642 5354 1671 5398 34
