3976 5948
821 425 1072 494 FRAGMENTA.
1708 437 1767 500 itt

163 561 208 624 καί
224 562 342 629 άτάκτως
356 563 393 628 εἰς
406 559 479 630 τάξιν
494 559 557 620 αύτδ
577 561 674 642 ἤγαγεν
691 563 779 636 δκτῆς
794 562 909 632 ἀταξίας.
927 589 939 618 ν
988 564 1073 643 ὄγκων
1090 563 1125 624 τδι
1148 573 1266 646 στοιχεῖα
1291 567 1441 646 συγκρίνει,
1458 565 1525 648 άπερ
1549 568 1617 629 ἐστίν
1636 569 1765 650 ἐλάχιστα

163 641 304 720 Ούτυιούν
320 649 430 728 γενητδν
444 647 490 709 καί
508 649 640 729 ἄφθαρτον
655 650 772 727 λέγοντες
783 651 828 710 τδν
843 651 943 729 κόσμον
989 653 1033 713 καλ
1048 656 1125 713 οίονεὶ
1140 655 1258 734 στοιχεῖα
1279 654 1427 734 στοιχείων.

162 739 210 810 riv
228 739 326 816 γένεσιν
348 741 398 818 οὐχ
417 743 452 805 ὡς
473 735 525 797 ἀπὸ
544 737 639 818 χρόνου
660 738 723 819 prol
745 740 796 796 δεῖν
821 739 944 814 ἀκούειν,
1031 742 1176 814 [Stobaeus
1189 746 1289 820 Eclog.
1301 745 1388 822 Phys.
1400 743 1454 803 lib.
1467 743 1493 820 i,
1504 763 1567 821 cap.
1581 765 1614 818 ¹7
1627 764 1694 822 pag.
1710 745 1766 802 368

164 826 223 886 ἀλλ’
239 824 265 894 έξ
284 830 430 892 ὑποθέσεως
446 821 601 904 εἰρημένην,
620 825 791 892 διδασκαλίας
806 827 883 904 χάριν
897 833 943 898 τῆς
989 829 1033 890 ed.
1053 829 1182 904 lleeren;
1206 850 1274 908 pag.
1299 833 1353 898 143
1379 830 1427 890 ed.
1446 829 1600 903 Gaisiord3
1618 849 1686 908 pag.
1712 851 1766 888 100

163 913 260 982 τάξεως
275 919 326 973 τῶν
342 916 368 972 ἐν
384 915 454 994 αὐτῷ
471 912 604 994 προτέρων
625 937 654 972 τε
676 913 720 972 καλ
736 913 943 996 συνθετωτέρων.
988 917 1034 977 ed.
1052 917 1175 978 Meinek.
1193 917 1297 976 Eadem
1313 918 1404 976 verba
1417 931 1531 976 exstant
1545 919 1620 996 apud
1636 917 1766 976 Pseudo-

206 1001 395 1080 (Simplicius
408 1001 444 1060 ad
459 1001 641 1060 Aristotelem
660 1002 696 1060 de
711 1001 792 1059 Coelo
811 1022 877 1080 pag.
894 1025 942 1076 70.
989 1006 1174 1083 plutarchum
1191 1006 1234 1086 (le.¹
1241 1007 1339 1083 placit.
1354 1007 1430 1084 phil.
1447 1005 1500 1063 lib.
1516 1011 1542 1082 Ι,
1559 1027 1623 1084 cap.
1646 1027 1692 1078 17,
1709 1008 1767 1064 nisi

164 1089 197 1149 B.
215 1089 261 1150 cf.
277 1090 375 1150 Schol.
390 1091 478 1150 Arist.
502 1110 533 1167 p.
552 1092 620 1156 [188.
643 1090 758 1167 Spectat
772 1103 866 1148 autem
883 1091 945 1150 haec
990 1095 1069 1174 quod
1092 1096 1202 1154 omisso
1221 1094 1393 1153 Xenocratis
1409 1095 1528 1152 nomine
1546 1093 1649 1152 scribit
1663 1093 1767 1171 ’apre-

164 1180 324 1258 explicatio
339 1178 375 1237 ad
389 1177 445 1239 lib.
468 1181 481 1238 1
497 1177 533 1236 de
550 1178 633 1236 Coelo
648 1198 710 1256 cap.
729 1199 778 1254 ιο,
794 1199 859 1257 pag.
875 1200 943 1256 279.
990 1187 1082 1252 δοκλῆς
1098 1186 1127 1244 ἐκ
1141 1183 1303 1263 μικροτέρων
1317 1182 1402 1260 ύγκων
1416 1183 1474 1242 κτλ.
1492 1181 1537 1241 Cs.
1550 1181 1625 1241 ibid.
1639 1201 1703 1260 cap.
1726 1185 1761 1240 ιδ

165 1267 197 1328 Β.
212 1267 258 1328 ed.
275 1267 394 1326 Bellen
410 1269 432 1324 εἰ
447 1264 473 1324 δέ
498 1264 620 1343 γέγονεν,
635 1266 738 1344 ἀνάγκη
754 1265 874 1338 δηλονότι
894 1269 944 1326 κά·
990 1271 1175 1346 Ἐμπεδοκλῆς
1188 1271 1239 1352 πρὸ
1251 1275 1302 1329 τῶν
1317 1269 1450 1352 τεσσάρων
1463 1269 1598 1348 στοιχείων
1614 1269 1768 1348 θραύσματα

162 1363 236 1413 κεῖνα
249 1355 346 1414 δυνατὰ
359 1345 425 1412 εἶναι
435 1353 521 1420 άλλως
534 1353 657 1433 ἔχεινκαὶ
670 1357 707 1430 μη
721 1353 761 1414 olel
773 1356 852 1421 ούτως
862 1354 942 1434 ἔχειν,
989 1360 1131 1439 ἐλάχιστα,
1144 1359 1219 1418 οίονεὶ
1231 1363 1348 1439 στοιχεῖα
1364 1357 1512 1438 στοιχείων,
1527 1362 1687 1436 ὁμοιομερῆ,
1702 1360 1767 1438 ύπερ

162 1439 230 1499 ὥστε
251 1441 298 1502 καί
315 1445 465 1500 συνεστῶτα
490 1441 677 1512 διαλυθήσεται
702 1443 747 1501 καλ
770 1444 943 1520 διαλελυμένα
990 1447 1046 1506 έστλ
1069 1448 1227 1528 στρογγύλα.
1244 1449 1277 1506 ln
1302 1448 1422 1506 eandem
1444 1449 1615 1507 sententiam
1640 1447 1768 1506 Galenus

164 1527 279 1601 συνέστη
294 1529 458 1608 ἔμπροσθεν,
475 1529 520 1588 καὶ
534 1530 605 1588 τοῦτ’
624 1529 762 1610 ἀπειράκις
778 1529 886 1602 ἢῦῧτως
901 1522 938 1590 εί·
989 1536 1056 1596 hist.
1069 1538 1143 1614 phil.
1160 1557 1225 1615 cap.
1242 1559 1276 1594 10
1289 1540 1313 1594 ol
1330 1535 1376 1612 μὲν
1390 1534 1560 1612 παλαιότεροι
1573 1536 1620 1602 τδις
1633 1539 1685 1594 τῶν
1699 1559 1768 1596 στον-

165 1638 212 1695 χεν
227 1617 244 1687 ἢ
259 1618 367 1678 δυνατὸν
378 1609 420 1687 ῆν.
438 1620 470 1678 El
486 1618 513 1675 δὲ
527 1623 616 1694 τοῦτ’,
631 1622 677 1678 οὐκ
693 1618 722 1678 δν
739 1617 779 1690 εἴη
796 1619 942 1698 άρθαρτος,
989 1624 1066 1703 χείων
1083 1623 1164 1700 μίξεις
1179 1624 1240 1684 κατ’
1255 1624 1397 1684 ἀλλοίωσιν
1410 1624 1468 1696 ἤτοι
1485 1633 1578 1704 κρᾶσιν
1594 1623 1718 1703 ᾠήθησαν
1728 1622 1769 1698 γί-

165 1703 222 1764 odr'
237 1709 261 1766 tl
277 1706 362 1772 illuc
380 1698 435 1785 εἶχέ
448 1729 512 1766 ποτε
528 1703 582 1764 οὔτ’
603 1707 625 1764 εί
640 1706 748 1765 δυνατὸν
762 1709 846 1774 ἄλλως
862 1707 942 1784 ἔχειν.
989 1719 1091 1785 νεσθαι,
1108 1716 1131 1772 οἱ
1147 1712 1173 1771 δὲ
1186 1713 1248 1791 περὶ
1262 1712 1439 1789 Ἀναξαγόραν
1453 1712 1499 1770 καλ
1511 1711 1676 1787 Δημόκριτον
1699 1712 1769 1770 κατὰ

165 1793 218 1855 Ἣν
234 1796 263 1855 δέ
277 1819 344 1862 τινες
359 1794 480 1874 βοήθειαν
496 1798 660 1874 ἐπιχειροῦσι
678 1795 765 1876 φέρειν
778 1800 878 1863 ἑαυτοῖς
893 1799 944 1854 τῶν
989 1802 1142 1880 παράθεσιν.
1158 1802 1342 1879 Ἐμπεδοκλῆς
1359 1804 1384 1860 δὲ
1400 1805 1430 1860 ἐκ
1446 1801 1613 1879 μιαρωτάτων
1626 1799 1709 1860 οἴεται
1733 1802 1766 1860 τὰ

162 1885 290 1959 λεγόντων
311 1883 442 1964 άρθαρτον
459 1883 506 1962 μὲν
521 1873 587 1942 εἶναι
602 1885 738 1962 γενόμενον
755 1885 796 1956 δέ,
812 1887 859 1943 ούκ
875 1884 944 1943 ἔστιν
990 1897 1107 1970 στοιχεῖα
1117 1889 1273 1971 συγκρίνειν.
1282 1891 1406 1961 Quidam
1420 1891 1510 1966 igitur
1520 1889 1661 1948 Galenum
1676 1893 1768 1952 secuti

163 1971 263 2043 ἀληθής
281 1974 339 2034 κτλ.
364 1973 427 2031 linc
452 1973 579 2051 pertinet
600 1973 686 2030 etiam
713 1973 848 2032 scholion
876 1974 941 2032 cod.
989 2000 1048 2039 non
1071 1979 1158 2038 modo
1177 1979 1254 2058 apud
1275 1978 1478 2050 Plutarchum,
1500 1977 1550 2035 sed
1577 1978 1663 2041 etiam
1690 1980 1767 2056 apud

163 2059 253 2123 C0isl·
271 2063 337 2136 166,
354 2083 385 2141 p.
402 2063 460 2139 489
473 2061 519 2122 ed·
535 2061 670 2121 Blandis·
687 2066 770 2120 ταῦτα
784 2062 847 2140 πρὸς
862 2063 942 2120 Ξενο·
989 2067 1132 2126 Stobaeum
1145 2088 1200 2146 pro
1212 2065 1372 2144 μικροτέρων
1384 2067 1526 2133 substitui
1540 2065 1704 2142 μικροτάτων
1716 2085 1769 2122 νο-

163 2149 261 2225 sperat
282 2147 385 2227 δῖρηταῑ
409 2147 621 2226 ἀπολογούμενον
646 2145 712 2228 liiii)
736 2147 876 2216 Πλάτωνος
899 2149 944 2208 καί
989 2159 1113 2216 luerunt.
1130 2155 1235 2214 Verum
1250 2155 1329 2212 illam
1343 2174 1402 2212 rem
1413 2155 1491 2212 haud
1503 2155 1534 2212 in
1550 2173 1654 2229 magno
1664 2153 1768 2212 discri-

163 2235 274 2316 λέγοντα
294 2238 334 2296 δτι
348 2237 487 2316 γενόμενον
501 2227 559 2296 εἷπε
574 2236 617 2295 τὸν
636 2236 763 2314 κόσμονδ
787 2235 900 2297 Πλάτων
915 2241 944 2297 ού
990 2249 1067 2304 mino
1081 2244 1248 2323 ponimus.)

163 2335 237 2389 τοῦτο
253 2329 424 2410 βουλόμενος,
444 2330 511 2388 ἀλλὰ
528 2329 698 2397 διδασκαλίας
712 2329 790 2410 χάριν
806 2330 899 2412 ἔφησεν
915 2337 944 2391 ἐκ
1030 2353 1066 2393 ιν.
1085 2331 1258 2410 Ξενοκράτης
1277 2329 1322 2389 καλ
1336 2329 1467 2409 Διόδωρος
1484 2331 1570 2408 ἀμερῆ
1585 2328 1621 2386 τά
1640 2329 1768 2410 ἐλάχιστα

163 2422 210 2486 τῆς
225 2416 289 2490 ύλης
303 2422 350 2490 τῆς
372 2420 573 2498 προηγουμένης
585 2419 631 2478 καὶ
650 2424 694 2476 τοῦ
712 2417 794 2482 citou<
812 2419 944 2496 γεγονέναι
989 2421 1122 2498 ὡρίζοντο.

164 2505 207 2564 τὸν
221 2506 334 2582 κόσμον,
352 2510 386 2574 ὡς
400 2507 455 2586 ἔχει
470 2506 513 2566 tri
527 2510 578 2565 τῶν
595 2507 771 2584 μαθημάτων.
788 2505 888 2565 Simile
902 2524 945 2567 est
1031 2505 1181 2583 (Stobaeus
1206 2504 1309 2579 Eclog.
1337 2503 1425 2581 Phys.
1450 2503 1504 2564 lib.
1528 2505 1558 2576 i,
1581 2523 1644 2582 cap.
1674 2513 1721 2577 ri,
1754 2528 1765 2564 1

164 2594 297 2654 scholion
312 2595 465 2670 rodlieg.
488 2594 945 2674 ι8531.ο.δΞενοκρύτηςκοι“ιδ
989 2613 1057 2675 pag.
1077 2594 1133 2653 350
1150 2593 1196 2652 ed.
1220 2592 1348 2666 Πρωτέα,
1369 2612 1436 2672 pag.
1465 2593 1519 2650 133
1541 2592 1586 2648 ed.
1615 2591 1768 2666 Gaislord;

164 2685 337 2752 Σπεύσιππος
352 2686 544 2766 ἐπιχειροῦντες
555 2687 685 2764 βοηθῆσαι
699 2687 737 2763 τῷ
751 2685 875 2744 Πλάτωνι
889 2684 944 2744 έλε-
989 2705 1055 2764 pag.
1072 2692 1108 2761 94
1129 2683 1172 2741 ed.
1189 2683 1312 2741 Meineh.
1329 2681 1369 2740 Ut
1386 2695 1480 2740 atrtem
1493 2702 1510 2739 e
1526 2679 1690 2740 minoribus
1704 2701 1770 2739 eor-

163 2795 210 2850 γον
230 2769 271 2831 άτι
295 2775 323 2832 οὐ
339 2773 447 2850 γενητὸν
463 2773 505 2831 τδν
522 2771 622 2848 κόσμον
647 2777 661 2831 ὁ
680 2771 792 2830 Πλάτων
807 2770 943 2846 ἐδόξαζεν,
989 2773 1120 2853 pasculis
1133 2784 1197 2829 orta
1209 2784 1277 2830 sunt
1288 2771 1448 2828 elementa:
1465 2770 1507 2828 ita
1522 2789 1557 2827 ex
1573 2781 1699 2843 quatuor
1712 2769 1769 2826 ele-

164 2861 233 2919 ἇλλδτ
249 2862 390 2939 ἀγένητον,
406 2861 486 2942 χάριν
505 2861 532 2918 δέ
548 2861 718 2926 διδασκαλίας
730 2859 775 2918 καί
788 2865 833 2919 τοῦ
848 2859 945 2940 γνωρί-
990 2861 1096 2919 mentis
1111 2861 1177 2932 illa,
1199 2880 1260 2936 quae
1276 2860 1307 2916 in
1330 2859 1516 2934 tremissum,
1532 2876 1659 2935 corpora
1678 2857 1769 2931 origi·

165 2973 210 3008 σαι
225 2949 271 3009 καί
288 2953 459 3029 παραστῆσαι
475 2950 537 3007 αὐτὸ
556 2948 741 3028 ἀκριύέστερον
757 2947 831 3026 ἔλεγε
854 2955 945 3008 τοῦτον
991 2969 1057 3007 nem
1081 2961 1265 3028 acceperunt.
1290 2948 1331 3006 De
1350 2967 1409 3025 quo
1427 2959 1598 3021 argumento
1621 2944 1768 3003 Plutarchi

164 3040 285 3118 γενητύν.
300 3045 344 3098 De
360 3040 476 3117 reliquo
491 3060 556 3116 quae
572 3040 655 3097 asseri
669 3039 839 3116 Simplicius
849 3039 946 3097 Plato·
990 3039 1073 3098 locus
1086 3053 1147 3107 est,
1162 3060 1247 3117 quem
1266 3059 1344 3096 nunc
1358 3032 1587 3116 proponemus.)

165 3131 212 3188 nis
227 3129 316 3187 verba
329 3127 494 3208 παραλαὸὼν
512 3127 563 3207 γδιρ
587 3131 600 3186 δ
615 3127 670 3193 θεὸς
684 3129 741 3184 κτλ.
757 3127 894 3202 leguntur
914 3131 944 3187 in
1033 3149 1070 3188 νυ.
1085 3127 1122 3188 Τί
1133 3118 1195 3200 σύν,
1211 3127 1270 3206 οὐχί
1286 3125 1331 3185 καλ
1353 3125 1476 3186 Πλάτωνι
1492 3123 1628 3182 συνέύαινε
1639 3124 1683 3182 καὶ
1698 3123 1769 3204 Ἀρι-

164 3217 191 3276 Τ
192 3219 277 3276 imaeo
291 3239 319 3296 p.
336 3219 373 3275 30
388 3219 422 3276 Α.
438 3215 488 3274 Est
500 3236 573 3274 vero
588 3237 685 3295 operae
703 3217 829 3294 pretium
845 3218 946 3276 audire
991 3217 1108 3276 στοτέλει
1128 3216 1173 3274 καὶ
1188 3215 1364 3296 Ξενοκράτει,
1379 3211 1478 3292 χρυσδν
1494 3215 1524 3270 ἐκ
1545 3211 1582 3288 μὴ
1596 3217 1710 3292 χρυσοῦ,
1725 3212 1771 3271 καί

164 3305 357 3365 Censorinum
373 3305 471 3363 dedic
489 3305 577 3362 natali
592 3325 657 3382 cap.
675 3313 690 3371 i
708 3307 894 3382 antiquorum
910 3307 946 3365 de
989 3303 1060 3363 λίθον
1077 3305 1106 3361 έκ
1133 3304 1170 3379 μὴ
1189 3303 1281 3378 λίθου,
1308 3301 1353 3360 καί
1373 3301 1457 3360 τάλλα
1475 3309 1569 3382 γεννᾷν
1585 3306 1614 3360 ἐκ
1634 3301 1771 3380 τεσσάρων

164 3415 262 3452 rerum
284 3394 398 3469 origine
425 3395 581 3470 opiniones
609 3395 652 3450 sic
681 3394 864 3452 referentem.
890 3393 945 3452 Sed
990 3394 1081 3452 διτλῶν
1103 3391 1148 3450 καὶ
1172 3393 1285 3472 πρώτων
1301 3389 1444 3464 ἁπάντων,
1466 3389 1542 3449 Πάνυ
1559 3389 1606 3466 μέν
1626 3379 1682 3449 σύν.
1699 3388 1770 3447 Ἀλλ’

164 3484 259 3562 ρι·ἰον·,
277 3484 391 3561 inquit,
405 3483 457 3540 illa
473 3485 630 3556 sententia,
647 3503 704 3560 qua
719 3502 833 3560 semper
846 3483 946 3542 huma·
991 3480 1096 3547 ἐκείνοις
1109 3480 1156 3557 μὲν
1173 3480 1245 3546 εὐθύς
1259 3503 1287 3538 τε
1302 3479 1420 3539 συνίασιν
1433 3481 1460 3536 al
1476 3477 1557 3558 άρχαλ
1569 3477 1633 3560 πρὸς
1646 3477 1694 3548 τὴν
1708 3477 1772 3536 ἑκά·

164 3591 234 3629 num
252 3590 343 3648 genus
359 3571 448 3628 fuisse
467 3570 608 3641 creditur,
628 3585 760 3628 auctores
782 3569 870 3628 habet
883 3577 942 3649 Py·
991 3590 1053 3626 στου
1068 3569 1187 3647 γένεσιν,
1203 3566 1293 3648 ὥσπερ
1308 3567 1443 3644 συριύολδιτ
1455 3569 1572 3646 μεγάλας
1588 3568 1713 3648 φέρουσαι
1725 3568 1772 3633 τὰς

164 3660 303 3736 thagoran
325 3659 453 3717 Samium
472 3673 500 3716 et
521 3659 651 3716 Ocellam
676 3659 823 3716 Lucanum
838 3673 866 3716 et
889 3665 946 3718 Ar·
991 3657 1017 3714 έν
1034 3660 1124 3724 αὑταῖς
1136 3657 1352 3728 ποιάτητας,κα“ι
1368 3658 1430 3715 ὅταν
1445 3656 1604 3714 συνέλθωσιν
1617 3657 1652 3722 είς
1663 3655 1694 3714 rb
1706 3655 1770 3713 αὐτὸ

165 3747 271 3824 chytan
285 3749 474 3807 Tarentinum
496 3766 655 3823 omnesque
674 3746 745 3804 adeo
769 3747 945 3823 Pythagori-
991 3745 1036 3802 καὶ
1051 3769 1209 3823 συμπεοωσι
1224 3745 1309 3824 ξηροῖς
1324 3745 1408 3825 ὑγρά,
1429 3742 1473 3802 καὶ
1488 3741 1577 3824 ψυχρδι
1592 3742 1710 3819 θερμοῖς,
1726 3741 1771 3798 καὶ

165 3854 225 3895 cos,
249 3833 348 3892 Sedet
367 3835 451 3892 Plato
468 3833 654 3892 Atheniensis
674 3847 703 3891 el
725 3833 900 3894 Xenocrates
919 3850 947 3895 et
993 3836 1086 3914 στερεδι
1102 3835 1261 3910 μαλθακοῖς,
1279 3834 1391 3909 σώματα
1404 3831 1545 3905 κινούμενα
1557 3831 1710 3898 παθητικοῖς
1724 3830 1770 3884 ἀπ’

165 3921 947 4000 Dicaearchuslllesseniusitemqueautiquaeacademiae
993 3923 1130 3997 ἀλλήλων,
1154 3922 1200 3980 καί
1222 3921 1422 3999 μεταύάλλοντα
1448 3922 1481 3976 δι’
1505 3919 1591 3990 ὅλων,
1612 3917 1701 3996 ἑτέραν
1728 3915 1772 3998 ἀρ’

165 4012 335 4091 philosophi
352 4032 412 4071 non
428 4012 508 4069 aliud
522 4012 663 4090 videntur
678 4011 801 4088 opinati.
817 4013 826 4088 )
992 4011 1216 4091 έτὲραςκράοεως
1233 4009 1418 4068 συναποτίκτει
1433 4007 1548 4086 γένεσιν.

205 4119 242 4161 re.
262 4099 447 4176 Ἐμπεδοκλῆς
471 4099 515 4156 καὶ
541 4097 707 4178 Ξενοκράτης
734 4100 763 4156 ἐκ
784 4099 945 4179 μικροτέρων
1033 4101 1226 4182 (Plutarchus
1253 4099 1319 4157 adv.
1359 4097 1454 4157 Colot.
1481 4117 1547 4175 capr
1571 4117 1589 4172 9
1609 4095 1670 4154 vol.
1691 4093 1769 4166 xiil,

166 4371 297 4433 epitolam
309 4369 335 4417 ei
344 4367 489 4428 fluctuans,
501 4367 580 4432 idque
596 4379 630 4417 aa·
649 4366 803 4418 inordinato
824 4369 853 4418 ia
872 4369 945 4419 ordi·
1024 4375 1062 4421 20.
1078 4369 1141 4428 Quid
1154 4382 1211 4430 ergo
1221 4373 1232 4418 i
1243 4382 1323 4418 nonne
1334 4369 1406 4418 Plato
1420 4369 1447 4418 et
1458 4366 1602 4417 Aristoteles
1613 4366 1639 4416 ei
1649 4366 1771 4414 Xenocra-

167 4479 226 4516 ncm
238 4464 361 4517 addant.
379 4464 412 4515 lli
424 4464 498 4529 igitur
511 4467 668 4530 procreatum
680 4467 706 4516 et
721 4464 885 4516 immortalem
898 4479 945 4516 vo·
991 4461 1030 4511 ies
1041 4472 1129 4509 numm
1140 4471 1168 4508 ca
1180 4471 1230 4508 non
1242 4471 1313 4516 auro.
1335 4455 1442 4520 lapidem
1460 4469 1489 4506 ea
1511 4468 1559 4504 non
1581 4453 1662 4518 lapide
1677 4454 1702 4502 et
1720 4451 1773 4502 reii-

167 4557 250 4606 oauics
272 4553 394 4604 mnndum
407 4565 492 4605 aarum
514 4553 704 4619 procreationem
725 4568 773 4604 non
794 4556 824 4605 ut
840 4554 947 4618 quodam
992 4562 1041 4613 qna
1059 4551 1191 4612 equatuor
1203 4547 1287 4612 primis
1310 4549 1337 4596 ei
1352 4545 1504 4609 simplicibus
1517 4541 1626 4592 omniurn
1644 4539 1773 4591 elementis

165 4645 277 4708 ternpore
290 4641 380 4692 iactam
402 4641 503 4706 intelligi
513 4645 626 4706 oportere
646 4642 729 4706 ajunt,
751 4642 795 4693 seri
816 4656 846 4694 aa
859 4644 948 4693 condi.
991 4637 1101 4698 generari
1112 4637 1250 4687 iaciebant?
1265 4639 1329 4686 Sane
1351 4635 1460 4698 quidem.
1482 4633 1574 4682 Verum
1590 4629 1630 4680 hia
1643 4628 1728 4678 statim
1740 4627 1771 4675 ad

166 4731 353 4793 tionodiciam,
376 4733 405 4782 ui
415 4731 566 4782 indicaretur
579 4732 639 4782 ordo
650 4745 735 4782 eorum
748 4745 804 4797 qma
817 4733 843 4783 ia
855 4733 948 4784 inundo
992 4725 1188 4790 uniuscujusque
1206 4725 1242 4776 rei
1263 4723 1443 4789 generationem
1469 4723 1561 4770 0⁰01¹¹¹l
1582 4713 1701 4782 Pilssclllla
1716 4728 1771 4764 Μ·

166 4824 247 4888 priora
255 4825 281 4875 ei
294 4824 372 4888 magis
387 4823 521 4888 composita
535 4825 601 4874 snat.
991 4827 1117 4878 litiumque
1133 4828 1215 4865 rarum
1230 4815 1299 4863 velut
1311 4811 1478 4877 adinrnentnm
1492 4821 1550 4858 suas
1563 4805 1678 4872 quodque
1690 4801 1770 4864 quali·

200 4917 239 4964 ια.
259 4911 417 4976 Ειννροάοοίευ
430 4915 455 4963 ct
466 4913 613 4962 xenocrates
624 4926 638 4964 a
651 4911 786 4962 minoribus
796 4913 946 4977 corpusculis
990 4905 1056 4954 tiles
1067 4903 1194 4954 aderunt:
1210 4905 1236 4952 et
1247 4901 1346 4965 quando
1357 4909 1487 4962 congressa
1498 4897 1555 4944 suut
1567 4905 1624 4943 cum
1639 4891 1711 4942 uocis
1722 4889 1773 4939 ltu-f

166 5002 289 5053 clementa
310 5001 475 5065 componunt,
497 5015 553 5064 quaa
572 5001 672 5052 minima
695 5003 753 5051 suni
779 5015 809 5051 ao
829 5003 948 5066 tanquam
991 4991 1070 5054 mida,
1085 5005 1143 5042 cum
1152 4991 1238 5042 calidis
1254 4989 1357 5052 frigida,
1373 5001 1430 5037 cnm
1445 4983 1559 5035 mollibus
1573 4979 1651 5042 dura,
1669 4990 1774 5042 corpora

165 5090 344 5141 elementorum
358 5089 486 5140 clementa.
991 5083 1059 5132 moia
1067 5095 1125 5132 cum
1134 5081 1173 5131 his
1184 5093 1241 5143 quaa
1249 5079 1353 5128 invicem
1361 5089 1388 5126 aa
1399 5072 1525 5134 alliciunt,
1537 5071 1563 5122 ei
1572 5067 1670 5134 penitus
1678 5067 1774 5116 mutata

200 5180 237 5228 ta.
254 5177 401 5228 Xenocrates
419 5192 449 5229 ao
470 5178 594 5229 Diodorus
612 5177 715 5228 minima
730 5177 843 5243 partibus
862 5189 947 5227 carero
991 5171 1118 5224 diversum
1136 5171 1234 5222 diversa
1252 5169 1360 5220 minima
1377 5167 1474 5231 parium
1489 5161 1564 5213 simul
1575 5160 1660 5212 edunt.

166 5265 306 5318 censebant
