4020 5950
223 425 278 505 fao
928 427 979 487 oa
1000 392 1194 486 Patrona.

235 574 315 635 enim
329 572 451 634 dubium
467 583 520 642 est,
538 570 612 647 quin
627 567 712 626 multi
726 568 777 625 alii
795 565 915 624 eandem
936 563 1016 622 divi·
1062 561 1136 618 bene
1152 553 1278 615 materiae
1292 551 1487 614 similitudine
1505 567 1567 609 esse
1584 563 1693 628 partas,
1709 545 1850 626 quasdam

235 663 397 722 dandorum
421 659 550 717 Platonis
573 675 693 734 operum
717 656 794 712 viam
816 654 1018 729 rationemque
1038 627 1043 702 l
1063 649 1150 706 etiam
1167 647 1219 704 vix
1234 645 1367 703 terendas
1381 639 1494 713 videri,
1509 639 1698 718 perspicuum
1718 649 1769 696 est.
1792 635 1852 694 Sed

235 748 398 829 probarint.
421 746 493 805 Nam
520 746 634 804 etiamsi
659 745 807 820 Diogenes
836 743 897 818 (37)
924 742 976 812 ait,
1002 759 1019 797 a
1062 740 1159 809 enim,
1173 736 1198 796 si
1214 734 1339 816 primam
1351 729 1533 804 tetralogiam
1546 749 1612 786 cum
1627 725 1754 786 secunda
1768 747 1851 784 com·

235 837 392 914 Thrasyllo
412 837 536 913 primam
551 834 590 893 oh
607 832 769 910 argumenti
794 831 1017 890 similitudinem
1063 843 1217 902 paramus,
1241 821 1301 900 jam
1325 820 1388 878 baec
1417 818 1548 878 nascitur
1572 815 1745 886 difficultas,
1772 813 1854 893 quod

236 946 299 986 eam
311 924 381 1002 poni
396 923 594 999 tetralogiam,
607 941 665 999 qua
680 919 832 980 ostendere
851 919 932 994 velit,
949 936 1019 994 qua·
1064 913 1199 990 Cratylus
1213 923 1242 970 et
1262 909 1427 968 Theaetetus
1447 905 1590 984 temporis
1613 903 1720 962 ordine
1737 903 1854 981 Euthy-

236 1015 274 1074 lis
290 1011 459 1092 philosophi
484 1011 545 1070 rita
569 1029 631 1070 esse
657 1009 776 1081 debeat,
802 1020 888 1085 atque
909 1006 1020 1064 idcirco
1065 1000 1206 1078 platonem
1228 997 1412 1078 precedunt,
1433 995 1464 1054 id
1485 993 1565 1072 quod
1586 993 1671 1050 facile
1684 1005 1726 1051 est
1748 991 1853 1050 adin·

235 1100 409 1178 Thrasyllus
423 1099 518 1158 videri
534 1111 629 1178 potest
647 1117 708 1156 non
728 1114 859 1156 servasse
873 1109 1019 1174 receptum
1066 1089 1254 1165 telligendum
1271 1087 1383 1164 Cratyli
1407 1086 1494 1143 tinem
1519 1103 1585 1140 cunt
1604 1081 1744 1140 Theaeteti
1764 1097 1854 1157 argu-

236 1191 420 1265 dialogorum
455 1188 607 1260 ordinem,
634 1187 685 1246 sed
717 1183 933 1264 quodammodo
960 1205 1020 1242 mu·
1067 1191 1182 1249 mento,
1212 1197 1244 1236 ac
1260 1176 1285 1233 T
1288 1175 1399 1234 heaeteti
1425 1173 1512 1231 linem
1541 1189 1605 1228 cum
1631 1169 1855 1248 Euthyphronis

237 1289 328 1348 tasse,
355 1289 482 1333 tamene
499 1276 607 1346 verbis,
637 1293 700 1351 quae
716 1272 770 1332 lib.
793 1272 848 1343 ΙΙΙ,
865 1274 900 1330 61
929 1272 1020 1330 indici
1066 1267 1152 1325 initio
1178 1265 1348 1324 conferenti.
1375 1261 1475 1340 Neque
1499 1279 1571 1318 vero
1590 1258 1730 1334 diffiteor,
1749 1259 1854 1316 reterri

235 1363 380 1422 librorum
409 1363 628 1421 Platonicorum
656 1362 693 1420 ad
716 1360 904 1438 Thrasyllum
921 1373 1021 1418 aucto·
1066 1354 1091 1412 T
1094 1355 1244 1414 beaetetum
1261 1353 1296 1411 ad
1310 1352 1488 1431 Sophistam,
1512 1347 1750 1424 ontninoque,si
1766 1347 1856 1406 unius

235 1471 295 1510 rem
319 1452 410 1510 relato
435 1450 602 1528 subjungit,
631 1449 677 1509 καί
696 1439 769 1515 οὗτος
793 1448 840 1524 μὲν
864 1448 930 1507 otlrm
954 1449 1022 1507 διαι-
1069 1443 1211 1514 materiae,
1224 1463 1282 1500 non
1297 1441 1438 1519 temporis
1450 1437 1574 1496 ducatur
1586 1436 1672 1508 ratio,
1686 1433 1854 1511 Cmtylurn,

236 1547 289 1618 pti,
311 1538 357 1598 καί
370 1561 438 1604 τινες
457 1553 543 1614 atque
564 1546 587 1595 is
601 1543 714 1614 quictem
726 1541 883 1607 sic,divr'dit
896 1550 923 1592 et
936 1536 1020 1613 (alii)
1067 1529 1437 1607 Theaetetum,Sophista1n
1453 1537 1482 1583 et
1501 1524 1660 1582 Politicunt
1675 1521 1784 1600 justam
1806 1523 1856 1580 ha·

234 1628 461 1707 quidamflpari
488 1629 576 1686 morlo
602 1627 811 1703 distribuunt),
845 1626 910 1701 cogi
931 1647 1022 1703 opor·
1068 1618 1132 1677 beri
1146 1639 1232 1698 posse
1247 1617 1438 1703 tetralogiam.
1462 1613 1575 1683 Quodsi
1597 1610 1748 1688 Thrasylli
1769 1616 1867 1669 tetra!

235 1729 286 1788 tet,
294 1729 399 1794 praeter
410 1715 597 1794 Thrasyllum
609 1717 682 1774 alios
693 1735 810 1792 (quoque
824 1715 1022 1772 eodemmodo
1070 1709 1152 1783 logiae
1164 1727 1250 1766 unam
1267 1705 1354 1764 nobis
1368 1705 1442 1762 hanc
1452 1705 1606 1762 utilitatem
1621 1702 1759 1772 atterunt,
1772 1701 1852 1779 qnam

235 1803 330 1862 libros
351 1805 517 1862 Platonicos
544 1805 704 1864 ordinasse.
730 1803 792 1860 lluc
813 1802 924 1860 accedit
950 1821 1020 1876 gra·
1068 1817 1145 1854 nunc
1165 1814 1282 1874 quoque
1309 1793 1457 1864 tridentus,
1483 1813 1542 1870 quo
1566 1791 1671 1850 ordine
1695 1789 1757 1867 jam
1789 1803 1855 1846 ante

236 1893 358 1952 tissima
367 1891 507 1950 Varronis
517 1895 686 1964 auctoritas,
702 1891 753 1968 qui
767 1890 802 1948 de
817 1890 889 1965 ling.
908 1891 955 1948 lat
967 1888 1019 1947 lib.
1068 1884 1161 1961 ipsius
1175 1896 1285 1941 aetatem
1301 1881 1434 1939 Platonis
1449 1881 1557 1958 scripta
1569 1881 1602 1938 in
1613 1877 1742 1953 vulgatis
1756 1896 1856 1936 exent-

236 1979 301 2050 vu,
320 1979 355 2054 37
379 1979 554 2038 Phaedoncm
576 1993 707 2056 spectans
733 1979 801 2036 citat
819 1977 968 2035 Platonem
992 1978 1023 2034 in
1069 1971 1200 2048 plarihus
1220 1969 1342 2040 luerint,
1359 1968 1520 2045 quaeritur,
1538 1966 1615 2025 unde
1639 1979 1720 2023 ortus
1745 1965 1783 2022 sit
1807 1964 1857 2022 liic

238 2081 342 2146 quarto
359 2068 431 2144 (38).
452 2067 503 2127 Est
524 2081 619 2126 autem
646 2069 678 2126 in
700 2065 849 2143 Thrasylli
878 2064 1022 2124 elassibus
1069 2059 1143 2117 ordo
1169 2079 1228 2137 quo
1254 2061 1283 2116 in
1309 2057 1480 2116 universum
1505 2074 1562 2114 non
1592 2056 1688 2112 minus
1717 2053 1858 2131 temporis

237 2156 366 2214 Phaedon
381 2170 502 2233 quartus
513 2157 614 2235 primae
625 2155 785 2232 tetralogiae
795 2153 940 2228 dialogus.
952 2152 1024 2211 lude
1068 2167 1155 2224 quam
1171 2147 1297 2206 materiae
1315 2147 1391 2206 ratio
1408 2145 1578 2222 negligitur.
1597 2141 1693 2220 Hujus
1707 2141 1854 2217 originem

236 2243 399 2322 probabilis
426 2244 543 2303 ducitur
565 2243 754 2320 conjectura,
777 2241 906 2300 Platonis
926 2240 1025 2300 libro·
1068 2235 1136 2293 inde
1152 2236 1337 2314 repetendam
1359 2255 1438 2310 reor,
1457 2233 1535 2311 quod
1555 2233 1636 2292 Plato
1651 2249 1737 2309 quem
1755 2231 1859 2288 verisi-

236 2351 301 2389 rum
310 2331 442 2390 ordinem
453 2332 504 2407 qui
513 2331 669 2408 Thrasyllo
679 2329 830 2402 tribuitur,
840 2344 868 2388 et
881 2331 932 2406 qui
946 2349 1025 2388 nune
1070 2323 1189 2381 mileast
1197 2336 1262 2381 ante
1269 2322 1394 2380 Socratis
1404 2334 1526 2379 mortem
1540 2335 1567 2380 et
1577 2321 1858 2397 tnujoraqnaesusce·

237 2439 355 2497 quoque
371 2421 403 2478 in
424 2420 573 2498 plerisque
594 2419 678 2478 codd.
697 2439 784 2478 manu
799 2419 925 2476 exaratis
940 2437 1024 2496 repe·
1069 2412 1112 2489 pit
1123 2411 1247 2483 itinera,
1266 2409 1338 2468 nihil
1350 2408 1429 2486 (quod
1439 2408 1545 2467 litteris
1558 2410 1767 2483 consignasset,
1781 2407 1855 2464 emi-

236 2509 323 2580 titur,
337 2507 399 2585 jam
414 2521 480 2567 ante
495 2508 752 2587 Thrasyllumnon
762 2521 873 2566 tantum
886 2505 1022 2580 Varroni,
1069 2499 1151 2572 sisse,
1171 2499 1292 2558 forsitan
1307 2497 1439 2556 omnium
1454 2498 1550 2575 prima
1562 2496 1674 2572 ingenii
1690 2496 1735 2554 sui
1752 2513 1854 2553 monu-

237 2596 436 2655 sedontnibus
451 2596 539 2655 luisse
550 2611 668 2670 notum,
684 2598 725 2655 ita
739 2596 862 2654 ursolus
879 2595 1021 2653 librorum
1071 2600 1166 2646 menta
1177 2587 1303 2664 junctim
1318 2586 1445 2644 ediderit
1459 2584 1712 2664 Euthyplrronem,
1726 2583 1854 2644 Socratis

236 2702 374 2744 numerus
388 2684 425 2742 ad
436 2684 632 2760 designandos
647 2685 778 2759 singulos
793 2684 926 2758 dialogos
943 2683 1023 2741 suffi.
1071 2675 1255 2752 apologiam,
1268 2673 1419 2732 Critonem
1429 2685 1458 2731 et
1472 2669 1658 2744 Phaedonem,
1675 2685 1706 2730 ut
1722 2673 1855 2748 gratissi·
1922 2739 1928 2750 ‚

238 2785 326 2833 aeret.
342 2771 407 2830 Jant
422 2772 534 2830 sirecte
548 2784 798 2848 argumentamur,
815 2790 879 2829 cum
891 2789 925 2828 ea
937 2789 1023 2849 quani
1070 2782 1148 2821 mum
1160 2782 1229 2838 erga
1243 2762 1432 2840 praeceptoris
1454 2780 1554 2820 manes
1575 2763 1704 2820 animum
1722 2761 1856 2818 testifica-

238 2861 325 2918 mndo
337 2861 593 2937 pronuntiavimus
608 2859 750 2918 sententia
761 2858 883 2917 sortasse
897 2861 940 2917 sic
953 2880 1023 2916 con·
1070 2865 1158 2923 retur,
1171 2871 1244 2910 neve
1257 2864 1385 2929 posteras
1398 2863 1497 2926 gentes
1510 2850 1651 2929 (aequales
1660 2851 1738 2908 enim
1755 2870 1856 2910 omnes

235 2948 322 3022 jungi
347 2957 442 3023 potest
464 2949 542 3023 quod
561 2947 710 3007 mentoriae
723 2946 822 3025 prodit
836 2946 1024 3023 Thrasyllus,
1071 2940 1218 3020 sciebant)
1236 2943 1373 3017 ignorare
1386 2940 1506 3008 sineret,
1523 2960 1588 3016 quae
1606 2959 1692 2998 causa
1707 2942 1809 2998 mortis
1826 2955 1854 2998 et

238 3035 387 3092 Platonem
407 3053 497 3110 opera
519 3054 572 3092 sua
597 3035 665 3093 κατὰ
689 3034 859 3114 τετραλογίαν
879 3035 955 3092 toras
971 3035 1025 3092 de·
1069 3031 1164 3106 qualis
1180 3031 1243 3106 ipsa
1256 3049 1334 3088 mors
1347 3029 1475 3094 Socratis
1490 3027 1599 3088 fuisset.
1613 3029 1683 3099 Quae
1695 3048 1741 3086 res
1758 3031 1856 3087 nescio

237 3123 330 3195 disse,
346 3135 378 3181 ut
391 3121 521 3181 dicamus
543 3122 748 3200 Thrasyllum,
765 3143 855 3202 alnum
879 3143 896 3180 a
920 3125 1026 3182 veteri·
1070 3146 1106 3183 an
1120 3127 1269 3199 effecerit,
1285 3141 1328 3200 ut,
1343 3127 1483 3204 quoniam
1496 3127 1602 3205 primi,
1619 3145 1693 3204 quos
1707 3125 1854 3184 Platonem

235 3212 294 3270 bus
320 3213 493 3288 accepisset,
517 3231 534 3269 a
559 3213 680 3272 Platone
706 3213 866 3272 nonnullos
889 3213 1023 3288 dialogos
1069 3213 1195 3274 edidisse
1209 3216 1325 3292 opinor,
1348 3215 1458 3290 dialogi
1479 3233 1603 3272 nurnero
1624 3227 1761 3292 quattuor
1776 3227 1854 3286 sunt,

236 3301 306 3360 κατὰ
321 3298 490 3379 τετραλογίαν
506 3301 671 3377 divulgatos
685 3321 765 3373 esse,
786 3319 935 3380 quumque
956 3322 1021 3360 eunt
1070 3323 1219 3380 quumque
1243 3305 1306 3361 fieri
1336 3315 1438 3380 «queat,
1469 3317 1500 3360 ut
1527 3315 1626 3379 postea
1658 3323 1776 3380 quoque
1803 3304 1856 3362 ali-

238 3407 325 3466 quem
341 3389 437 3449 Varro
451 3401 479 3446 et
495 3389 603 3467 reliqui
616 3409 714 3448 omnes
734 3403 878 3448 noverant
890 3389 1022 3466 dialogo-
1070 3391 1187 3467 quando
1201 3405 1339 3467 quattuor
1353 3391 1485 3466 dialogos
1496 3409 1555 3449 una
1570 3391 1746 3466 vulgaverit,
1763 3392 1855 3450 incer·

240 3498 306 3537 runa
320 3475 539 3536 Platonicorum
554 3479 686 3536 ordinem
704 3481 735 3538 in
749 3477 927 3538 membranis
942 3481 1025 3538 inve·
1071 3492 1115 3536 tus
1129 3499 1230 3537 rumor
1244 3481 1281 3538 ad
1296 3493 1429 3558 posteros
1441 3492 1582 3557 serperet,
1600 3479 1752 3538 Platonem
1766 3501 1854 3559 opera

239 3568 340 3638 nisset,
355 3566 409 3625 bac
420 3579 535 3626 servata
555 3566 698 3626 librorum
721 3572 795 3627 serie
814 3587 881 3627 suas
907 3570 1022 3628 tetralo·
1069 3586 1120 3624 sna
1135 3567 1235 3626 omnia
1251 3565 1321 3626 κατὰ
1335 3565 1508 3646 τετραλογίαν
1524 3569 1555 3625 in
1570 3566 1664 3626 lucent
1689 3568 1854 3646 protulisse.

239 3657 301 3732 gias
316 3656 511 3715 constituisse.
525 3654 559 3713 ln
573 3653 620 3714 his
634 3656 794 3734 tetralogiis
808 3657 909 3732 negari
924 3660 1025 3734 nequit
1070 3654 1225 3715 Enimvero
1239 3657 1310 3715 huic
1320 3656 1460 3735 opinioni
1478 3675 1537 3714 non
1554 3655 1666 3731 obstat,
1680 3657 1759 3734 qttotl
1778 3657 1855 3716 inter

237 3745 310 3821 quin
328 3742 459 3822 quaedam
482 3745 542 3803 sint
556 3743 676 3802 Platone
692 3765 751 3803 non
770 3746 916 3822 indignae,
932 3745 1023 3804 veluti
1070 3743 1235 3804 Platonicos
1248 3747 1300 3823 qui
1323 3757 1436 3804 exstant
1455 3743 1588 3821 dialogos
1609 3745 1748 3803 nonnulli
1773 3765 1855 3823 repe·

236 3833 332 3911 prima
344 3846 372 3892 et
388 3833 530 3906 secunda,
547 3852 670 3910 quarum
683 3833 734 3890 illa
745 3852 782 3892 ex
793 3831 1020 3912 Euthyphrone,
1070 3833 1186 3890 riuntur
1198 3835 1284 3910 longe
1299 3835 1358 3893 illis
1370 3847 1508 3912 quattuor
1517 3847 1546 3892 et
1557 3833 1692 3893 rudiores
1704 3848 1733 3892 et
1745 3835 1854 3912 imper·

235 3923 379 4000 Apologia
399 3921 544 3994 Socratis,
561 3921 680 3980 Critone
702 3935 730 3980 et
745 3921 891 3981 Phaedone
905 3941 1022 3999 compo·
1070 3923 1215 3998 lectiores,
1241 3946 1314 4002 quos
1340 3938 1406 3984 ante
1423 3923 1492 3984 illos
1509 3945 1526 3984 a
1545 3925 1722 4004 philosopho
1745 3925 1855 4002 scripto

237 4010 292 4069 sita
315 4023 376 4082 est,
398 4011 459 4069 haee
485 4031 522 4070 ex
538 4010 672 4088 Cratylo,
695 4010 860 4083 Theaeteto,
887 4010 1023 4088 Sophista
1067 4013 1218 4072 mandatos
1232 4033 1295 4072 esse
1317 4013 1609 4073 averisimilitudine
1624 4033 1681 4072 non
1697 4013 1853 4084 abliorret,

236 4097 403 4155 etPolitico
420 4111 547 4170 constat;
565 4099 612 4156 sed
630 4099 784 4176 plerasque
806 4119 907 4158 omnes
926 4101 1023 4158 rninus
1068 4116 1095 4160 et
1119 4103 1197 4180 quod
1229 4103 1313 4161 multi
1338 4117 1394 4161 tarn
1419 4117 1589 4179 argumento
1614 4122 1699 4182 quam
1723 4115 1854 4179 ternpore

246 4221 419 4236 m

236 4287 328 4351 scripta
340 4288 640 4351 sineordineposuerunt.
662 4291 754 4355 -(37)
771 4292 894 4354 Diogenes
912 4293 1024 4344 Laertius
1066 4293 1135 4343 licta.
1157 4293 1279 4343 Nimirum
1293 4295 1414 4357 quattuor
1435 4294 1477 4344 illa
1491 4291 1592 4344 llumina
1607 4293 1674 4359 apud
1694 4294 1821 4345 Platonem
1837 4295 1854 4342 l.

236 4359 279 4410 lib.
290 4362 336 4420 111,
355 4362 385 4410 57
401 4373 407 4402 ι
419 4361 513 4421 πρώτην
530 4363 570 4422 μὲν
585 4361 626 4410 οὖν
639 4364 789 4426 τετραλογίαν
800 4365 877 4420 τίθησι
888 4365 930 4424 τὴν
943 4367 1023 4423 κοινὴν
1066 4367 1156 4414 esunt
1170 4365 1294 4425 Oceanus,
1315 4364 1445 4426 Acheron,
1466 4364 1676 4428 Pyriphlegethon
1689 4370 1715 4417 et
1729 4367 1791 4428 Styi
1803 4363 1856 4414 sire

235 4431 344 4480 ὑπόθεσιν
356 4430 469 4494 ἔχουσαν·
482 4433 617 4495 παραδεῖξαι
631 4435 676 4497 γὰρ
688 4434 813 4496 βούλεται,
826 4437 906 4490 ὁποῖοι
919 4437 947 4484 dtr
959 4437 995 4493 εΙη
1009 4438 1022 4483 ὁ
1070 4435 1185 4496 Cocytus.
1197 4436 1237 4486 tit
1246 4437 1311 4486 enim
1323 4437 1435 4500 scriptor,
1449 4439 1477 4485 ut
1487 4435 1549 4486 bene
1559 4437 1764 4500 wyttenbachius
1779 4437 1853 4485 intur·

235 4508 277 4552 τοῦ
294 4502 420 4565 φιλοσόφου
437 4503 496 4566 βίος.
514 4529 546 4541 -
563 4505 613 4566 tes)
629 4503 723 4568 Optimi
745 4501 816 4554 codd.
831 4505 912 4554 locum
927 4505 963 4554 sic
979 4517 1023 4554 ex·
1068 4499 1186 4566 pretatur,
1193 4505 1731 4571 ροιῑιοιιιυηιοοςηοιαίαοιὶ(ἐπονομάζεσθαι)
1744 4508 1853 4569 stygem,

235 4574 339 4624 hibent:
356 4575 437 4624 Plato
451 4577 479 4623 tat
496 4578 590 4639 quarto
605 4573 637 4624 ata
648 4573 812 4638 staminibus
834 4577 907 4640 apud
925 4576 1023 4640 inseras
1066 4576 1193 4640 proprium
1213 4579 1298 4626 antem
1317 4578 1341 4626 ai
1355 4591 1443 4628 nomen
1463 4591 1520 4628 esse
1539 4578 1632 4640 (ὄνομα
1650 4578 1675 4626 at
1691 4578 1768 4640 τούτῳ
1787 4577 1853 4638 ἐστί)

236 4646 417 4712 quartanae
440 4645 479 4696 hta
498 4659 584 4696 anam
606 4649 757 4697 Tartarum
778 4645 919 4712 appetita·
938 4642 1023 4712 qta'ara
1067 4647 1194 4710 cocytum.
1208 4649 1339 4698 Tartarum
1352 4661 1412 4699 vero
1430 4649 1501 4698 Plato
1515 4647 1627 4711 perhibet
1640 4661 1694 4698 esse
1709 4647 1850 4702 hiatumin

240 4719 348 4770 Tartari
368 4718 439 4779 orlaa
462 4729 557 4781 praeco.
579 4722 609 4770 lu
631 4717 754 4769 nonnullis
766 4719 858 4783 legitur
877 4721 976 4771 :Plato
994 4724 1022 4771 tn
1067 4730 1141 4779 quern
1162 4717 1233 4768 llurii
1254 4732 1339 4769 omnes
1363 4719 1488 4769 confluant
1503 4722 1528 4768 et
1550 4718 1616 4767 unde
1638 4730 1725 4768 narsus
1747 4718 1851 4767 ellluant

239 4795 296 4841 llll
315 4790 347 4841 tte
353 4789 382 4856 tl.
396 4791 444 4839 ete.
459 4790 591 4842 Muellerus
610 4804 625 4843 e
637 4789 745 4853 scioppii
757 4791 900 4856 conjectura
920 4791 998 4843 edidit
1014 4807 1019 4838 :
1067 4789 1114 4852 (τίς
1124 4791 1247 4852 γάρτοῦτο
1259 4793 1287 4839 τὸ
1302 4791 1385 4854 χάσμα
1395 4789 1520 4854 saepserat
1534 4805 1560 4838 τε
1572 4789 1656 4844 πάντες
1666 4791 1688 4837 ot
1698 4789 1801 4850 ποταμοὶ
1813 4789 1853 4836 οιαὶ

239 4865 339 4913 «Ptolo
349 4865 378 4913 tn
390 4861 517 4924 quartam
528 4863 682 4927 stamtntotts
693 4863 768 4922 apae
782 4861 882 4926 inseras
895 4867 1022 4927 quatiat,
1067 4862 1093 4909 ta
1104 4862 1187 4910 τούτου
1200 4861 1269 4910 πάλιν
1282 4859 1424 4926 tretonae).
1435 4864 1522 4924 ltaque
1535 4859 1655 4910 Varronis
1666 4859 1742 4909 rerba
1753 4857 1779 4908 in
1788 4857 1854 4908 hunc

239 4936 267 4982 tn
278 4933 319 4984 lats
333 4943 418 4988 anum
431 4936 577 4985 Tartarum
586 4934 722 4998 appeltam
732 4945 817 4998 quara
827 4933 935 4982 Tartari
951 4938 1021 4997 οιιρυ
1066 4931 1167 4982 modum
1177 4931 1298 4982 emendo:
1314 4934 1393 4983 Plato
1405 4935 1434 4982 tn
1448 4933 1545 4996 ρυανίο
1558 4931 1591 4984 rte
1604 4930 1762 4994 flumtntbtts
1778 4929 1853 4987 arad

237 5017 358 5068 praeca»
372 5009 465 5058 testem
487 5005 607 5055 adhibens
628 5005 755 5054 Platonem
777 5004 900 5054 Phaedone
925 5018 950 5067 p.
976 5011 1019 5054 ιιι
1066 5002 1165 5067 mseras
1187 5003 1427 5068 torneamentum,
1441 5006 1470 5053 tra
1485 5015 1598 5068 queram
1615 5001 1776 5067 ornarant,
1790 5003 1853 5052 Tar-

238 5077 317 5126 tnulta
335 5076 447 5128 fabulose
464 5077 494 5128 de
512 5077 632 5139 quattuor
652 5075 700 5126 illis
715 5075 858 5124 huminibus
872 5079 1019 5126 narrantem.
1067 5077 1148 5122 tarum
1159 5073 1279 5136 appellatt
1292 5087 1367 5137 quare
1380 5077 1483 5127 Tartari
1500 5075 1572 5136 ονίρο
1584 5085 1678 5134 praeca

238 5149 271 5194 tt
282 5158 374 5205 vereor,
385 5161 416 5197 ne
428 5147 561 5197 Muellerus
577 5145 704 5194 Platonem
723 5145 806 5210 ipsum
820 5145 861 5194 hic
877 5157 925 5193 non
943 5147 1021 5208 inspe-
1096 5143 1147 5206 (38)
1169 5145 1288 5208 Diogenes
1304 5146 1415 5195 Laertius
1436 5144 1479 5195 lib.
1498 5148 1544 5208 111,
1567 5147 1599 5194 57
1610 5146 1656 5194 etat
1675 5144 1766 5206 τοίνυν,
1782 5145 1851 5206 pasta

238 5216 317 5276 xant,
332 5227 394 5265 nere
411 5229 467 5266 cum
486 5217 601 5279 Scioppio
618 5215 714 5266 initium
737 5215 804 5278 qnod
825 5215 945 5278 integrum
966 5219 1018 5273 cst,
1064 5218 1091 5280 (a
1108 5215 1266 5278 Θράσυλλος),
1286 5220 1307 5265 at
1331 5217 1414 5273 πάντες
1437 5217 1504 5278 αὐτῷ
1527 5217 1618 5278 γνήσιαι
1640 5217 1745 5278 διάλογοι
1770 5215 1852 5271 ettae

239 5286 302 5338 male
322 5287 466 5348 mutarit,
481 5285 549 5340 haud
566 5286 615 5339 leri
630 5287 719 5340 mendo
733 5287 757 5337 in
779 5285 865 5339 mediis
889 5286 968 5336 verbis
982 5301 1018 5337 re·
1062 5289 1219 5350 πεντήκοντα,
1232 5292 1271 5346 τῆς
1283 5288 1323 5349 μὲν
1333 5285 1449 5344 πολιτείας
1462 5287 1494 5344 τίς
1506 5289 1564 5335 δέκα
1576 5288 1745 5350 διαιρουμένης,
1763 5291 1811 5336 τῶν
1826 5285 1851 5334 it
