3882 5954
416 317 643 380 ETHlGORUM
665 316 1006 380 NlCOMACHEORUM
1028 319 1310 381 PARAPHRASIS.
1612 323 1672 382 1111

54 453 188 532 αγούσης,
207 449 238 508 τὸ
252 451 309 536 ίσον
331 448 398 522 αὐτ-η
413 451 498 523 ζητεῖ,
514 448 559 510 καί
575 448 669 510 τούτου
685 449 743 509 ἐστί
762 473 841 522 ποιη-
887 457 935 517 rit,
952 461 1027 524 atque
1047 458 1110 508 banc
1127 457 1210 510 efficit.
1229 461 1311 524 Atque
1331 459 1387 509 hac
1407 459 1538 524 equalitas
1561 460 1672 512 medium

51 541 130 614 τική.
163 537 202 599 Ὃ
217 537 249 610 δὴ
264 539 321 596 ίσον
344 537 425 614 μέσον
446 538 503 597 ίστί
524 543 570 598 τοῦ
595 540 711 617 μείζονος
728 539 774 598 καί
796 545 842 599 τοῦ
887 546 1008 612 quiddam
1028 547 1093 597 iuter
1105 549 1186 613 majus
1199 551 1225 598 et
1245 548 1327 599 minus
1341 551 1424 608 tenet,
1448 547 1554 614 ideoque
1569 550 1623 615 ipsa
1635 553 1673 601 est

52 631 212 705 ἐλάττονος,
233 626 279 687 καί·
302 625 348 685 διδ
366 633 444 687 τοῦτο
463 628 530 702 ata-l,
548 629 596 707 μὲν
622 629 735 707 μεσότης
758 629 841 688 ἐστίν·
888 635 1101 687 mediocritas:at
1112 637 1233 702 injustitia
1247 640 1285 688 cst
1297 637 1454 698 extremitas,
1470 638 1530 702 quia
1540 642 1577 689 ast
1590 642 1674 690 extre·

50 728 72 796 ἡ
91 721 120 781 δὲ
135 717 225 780 ἀδικία
240 715 371 797 ἀκρότης,
386 717 488 776 ὅτιτῶν
503 718 591 799 ἄκμων
605 719 669 781 ίστί.
693 716 746 779 Καί
762 721 779 788 ἡ
795 718 842 796 μὲν
887 736 993 776 mamm.
1007 727 1040 776 llt
1049 725 1148 790 justitia
1168 726 1270 792 quidem
1290 731 1329 777 est
1343 727 1458 786 habitus,
1479 742 1510 778 ex
1526 743 1577 792 quo
1589 729 1674 792 justus

51 809 212 882 δικαιοσύνη
229 807 299 867 ἐστίν
314 807 378 880 ἕξις,
393 809 451 866 καθ’
471 805 503 879 ἣν
519 810 533 866 ό
548 807 647 878 δίκαιος
665 804 736 867 κατά
747 808 843 886 προαί-
888 813 994 864 habetur
1005 827 1140 878 propensus
1153 814 1317 879 adageudum
1330 817 1443 868 consulto
1459 816 1485 868 id
1495 817 1562 881 quod
1577 817 1674 881 justun

53 925 130 982 μεσιν
145 898 290 980 πρακτικός
304 899 360 956 ἐστι
375 902 422 956 τοῦ
437 896 562 973 δικαίου,
582 897 628 956 καί
644 895 841 972 διανεμητικύς,
888 907 940 962 est,
957 902 1027 954 etad
1043 903 1250 964 distribuendum,
1267 905 1303 956 ila
1316 909 1344 956 ut
1357 908 1412 956 tum
1429 905 1476 956 sibi
1496 905 1574 970 legem
1593 907 1674 971 irupo-

51 990 127 1050 όιστε
150 987 196 1048 καί
220 991 307 1068 {aurp
331 986 479 1065 νομοθετεῖν
504 986 690 1067 προσηκόντως
710 987 841 1064 διανέμειν
888 994 931 1042 nat
947 995 1013 1042 recte
1027 991 1204 1056 distribuendi,
1224 993 1276 1044 aire
1293 993 1326 1044 ad
1340 994 1402 1045 alios
1421 995 1474 1045 sive
1488 994 1520 1044 ad
1539 1009 1581 1060 se,
1595 1010 1674 1060 quum

53 1079 123 1160 πρὸς
140 1077 234 1146 σίλλους
242 1125 251 1152 ,
261 1075 307 1136 καί
318 1075 383 1156 πρὸς
394 1074 487 1134 ἑαυτὸν
506 1077 529 1133 εί
543 1074 645 1148 δεήσει,
660 1074 704 1134 καί
723 1075 776 1140 τοῖς
788 1074 840 1132 ἀλ·
888 1082 1019 1146 oportebit,
1034 1096 1064 1132 ea
1075 1082 1218 1134 distributio
1234 1086 1342 1148 spectet;
1353 1088 1408 1134 tum
1423 1085 1498 1135 etiam
1514 1085 1570 1135 aliis
1581 1089 1675 1136 certam

52 1171 111 1235 λοις
125 1167 252 1249 παρέχειν
265 1163 363 1226 κανόνα
375 1165 514 1242 διανομῆς,
536 1163 586 1243 οὐχ
598 1163 684 1243 1αυτῷ
700 1158 747 1238 μίν
761 1159 841 1219 πλίον
889 1169 1053 1222 distribuendi
1073 1171 1152 1236 legem
1168 1187 1331 1238 normamque
1351 1173 1499 1232 constituat,
1514 1174 1573 1238 quia
1584 1175 1609 1224 in
1622 1174 1674 1222 dis-

53 1261 103 1314 τοῦ
124 1259 225 1335 ἀγαθοῦ
246 1252 370 1335 ταρίχων
392 1254 418 1312 ἐν
438 1257 473 1332 τῇ
494 1252 605 1333 διανομῇ
626 1250 734 1311 ἔλαττον
753 1249 780 1308 δὲ
804 1252 842 1330 τῷ
889 1259 1023 1310 tributione
1035 1273 1084 1310 nou
1102 1259 1148 1310 sibi
1161 1261 1217 1324 plus
1230 1261 1295 1320 boui,
1312 1262 1394 1312 minus
1409 1261 1495 1320 alteri,
1509 1265 1553 1312 aut
1566 1263 1613 1312 sibi
1627 1265 1676 1312 mi-

54 1344 190 1418 πλησίον,
216 1341 294 1414 ἢτοῦ
321 1341 451 1422 βλαόεμοῦ
468 1343 554 1420 ἑαυτῷ
576 1339 624 1419 μίν
638 1339 746 1400 ἔλαττον
761 1339 839 1400 πλέον
890 1349 1039 1408 nusdamul,
1054 1350 1110 1414 plus
1123 1351 1203 1410 alteri,
1220 1351 1264 1402 sed
1277 1352 1360 1403 sibiet
1375 1352 1430 1403 aliis
1444 1352 1471 1402 id
1488 1351 1556 1417 quod
1574 1366 1675 1418 acquum

56 1434 85 1492 δί
102 1438 141 1513 τῷ
164 1431 295 1505 πλησίον,
313 1431 381 1490 ἀλλά
395 1430 425 1489 τὸ
451 1431 506 1490 ίσον
530 1435 576 1490 τοῦ
594 1428 663 1490 κατά
689 1429 841 1509 ἀναλογίαν·
889 1452 934 1503 pro
948 1438 1059 1502 portione
1072 1441 1111 1490 est
1129 1439 1233 1490 tribuit:
1247 1455 1325 1506 eoquo
1343 1440 1417 1492 modo
1433 1440 1677 1506 aliisquoqueprae·

56 1523 157 1601 ὁμοίως
178 1520 205 1582 δί
218 1521 263 1580 καί
278 1521 351 1601 ἄλλῳ
362 1523 508 1598 νομοθετῶν
526 1519 561 1580 τά
584 1520 628 1579 ίσα
643 1527 726 1580 ποιεῖν
745 1523 772 1580 ἐν
785 1528 842 1588 ταῖς
890 1530 964 1595 cipit,
979 1533 1007 1580 ut
1020 1531 1164 1595 equitatem
1177 1531 1203 1582 in
1219 1531 1436 1584 distributionibus
1452 1535 1557 1583 servent.
1575 1535 1607 1582 Ει
1619 1532 1677 1582 talis

58 1611 210 1689 διανομαῖς.
230 1613 256 1670 T
257 1607 350 1680 οιαύτη
367 1607 415 1686 μὲν
430 1612 447 1679 ἡ
464 1608 628 1680 δικαιοσύνη.
891 1609 994 1676 quidem
1007 1612 1043 1660 est
1051 1610 1157 1674 iustitia.
1654 1619 1660 1658 ι

101 1699 118 1736 *
132 1699 167 1760 Ἡ
181 1697 208 1756 ἀί
221 1697 308 1757 ἀδικία
322 1705 374 1757 πᾶν
391 1695 551 1759 τούναντίον.
568 1696 720 1778 Ὑπερόολὴ
735 1696 786 1778 γὰρ
799 1696 844 1757 καί
920 1707 952 1756 λι
965 1705 1085 1770 injustitia
1094 1705 1167 1769 plane
1176 1703 1329 1754 contrarium
1340 1705 1387 1755 est.
1398 1705 1444 1754 llst
1453 1701 1519 1754 euim
1534 1701 1638 1752 nimium
1651 1703 1677 1751 et

58 1787 176 1870 ἔλλειψίς
190 1789 303 1847 ίστιτοῦ
315 1785 449 1868 ὠφελίμου
460 1783 506 1845 καί
519 1785 733 1866 βλαύιροῦπαρά
744 1786 845 1847 τδάνά·
890 1807 979 1859 parum
997 1795 1051 1859 ejus
1072 1793 1139 1858 quod
1157 1793 1259 1858 prodest
1277 1796 1322 1844 aut
1340 1795 1426 1851 nocet,
1447 1793 1541 1856 justam
1557 1789 1678 1841 excedens

58 1882 148 1957 λογον.
173 1876 207 1939 ‘O
221 1875 273 1958 γὰρ
296 1876 384 1943 ἄδικος
407 1876 434 1934 ίν
449 1884 506 1943 ταῖς
527 1877 663 1953 διανομαῖς
685 1875 845 1954 ίιπερόάλλιι
891 1879 1080 1944 proportionem.
1104 1881 1217 1944 Namque
1234 1879 1342 1944 injustus
1357 1879 1383 1928 iu
1404 1876 1621 1928 distributionibus
1642 1875 1679 1925 ila

58 1968 109 2046 μὲν
124 1969 167 2028 τὸν
178 1967 291 2038 πλησίον
304 1968 330 2026 ίν
343 1974 397 2034 τοῖς
412 1963 567 2047 ὠφελίμοις,
585 1965 699 2026 ἀλλείπει
718 1965 746 2024 δὲ
763 1967 842 2025 αὐτοῦ
891 1968 1013 2026 versatur,
1027 1968 1056 2014 ut
1070 1964 1095 2014 in
1106 1965 1181 2016 rebus
1190 1965 1295 2016 utilibus
1312 1965 1419 2015 alterum
1429 1975 1545 2026 superare
1561 1961 1637 2020 velit,
1653 1961 1679 2010 1ο

58 2059 89 2116 ἓν
104 2065 157 2124 τοῖς
175 2051 324 2136 βλαύιροῖς·
347 2053 409 2113 ὅταν
425 2054 453 2112 δί
468 2053 532 2133 πρὸς
547 2053 641 2120 ἄλλους
655 2052 704 2126 τὴν
718 2053 844 2130 διανομὴν
892 2057 966 2108 rebus
978 2055 1104 2106 dumosis
1118 2055 1149 2104 ab
1165 2069 1194 2106 ec
1208 2055 1319 2120 superari
1334 2069 1339 2099 :
1354 2054 1419 2104 inter
1432 2053 1494 2104 alios
1505 2055 1588 2102 autem
1599 2065 1679 2116 quum

57 2151 187 2222 ποιῆται,
204 2144 250 2204 καί
263 2143 322 2204 τότε
349 2142 397 2222 μὲν
422 2143 495 2224 παρὰ
518 2143 548 2203 τδ
568 2145 712 2224 ἀνάλογον,
733 2143 802 2216 πλὴν
816 2146 845 2203 οὗ
891 2144 993 2207 dividit,
1006 2144 1082 2194 ctiam
1099 2147 1153 2194 lum
1165 2144 1349 2208 proportionem
1360 2142 1475 2206 negligit,
1488 2141 1536 2192 uisi
1548 2139 1616 2205 quod
1630 2153 1679 2188 non

55 2235 121 2303 εοις
134 2231 229 2300 αὐτοὺς
241 2234 312 2292 ποιεῖ
321 2236 373 2292 τῶν
386 2234 472 2292 αὐτῶν
485 2230 688 2313 ιιιιρύιιλλιινῆ
705 2232 844 2306 ἐλλείπειν,
892 2232 991 2284 eosdem
1004 2230 1092 2281 uadem
1112 2245 1209 2296 semper
1230 2231 1369 2296 superiores
1390 2233 1434 2280 aut
1452 2227 1582 2279 interiores
1601 2227 1677 2286 iacit,

58 2326 123 2384 ἀλλ’
137 2327 172 2391 ίος
189 2323 291 2402 ἀτυχιν·
310 2321 379 2382 ὥστε
395 2311 461 2380 είναι
476 2321 522 2381 καί
540 2321 688 2402 ύπερόολήν
702 2321 748 2380 καί
764 2321 847 2382 ἔλλει-
892 2321 936 2374 sed
945 2324 975 2371 ut
986 2333 1039 2372 sors
1048 2319 1151 2370 tulerit:
1164 2320 1200 2370 ita
1210 2322 1238 2370 ut
1248 2319 1421 2384 exsuperantia
1433 2321 1458 2368 et
1476 2315 1589 2368 deiectus
1600 2315 1626 2365 in
1640 2315 1680 2364 in-

56 2414 108 2493 ψιν
120 2411 146 2468 ίν
158 2409 210 2477 τοῖς
225 2409 404 2487 ἀδικήμασιν,
418 2407 449 2467 τδ
465 2412 552 2486 μεῖζον
568 2408 615 2468 και
629 2409 660 2468 τὸ
672 2407 792 2468 ἔλαττον·
802 2409 847 2469 καί
890 2411 963 2478 juriis
973 2409 1006 2460 sit
1016 2410 1098 2473 majus
1114 2409 1247 2474 minusque
1264 2412 1306 2459 :et
1318 2409 1400 2472 majus
1414 2405 1517 2472 quidem
1534 2409 1572 2455 est
1587 2404 1679 2468 injuste

57 2503 151 2577 μεῖζον
173 2497 220 2575 μίν
233 2501 289 2558 tau
300 2498 330 2558 τὸ
345 2500 462 2572 ἀδικεῖν,
484 2497 593 2558 ἔλαττον
608 2496 636 2558 ct
650 2496 681 2557 τὸ
693 2499 847 2560 ἀδικεῖσθαι·
893 2499 986 2560 tacere,
999 2500 1154 2550 minuerem
1172 2498 1288 2562 iniuriam
1302 2498 1412 2562 accipere
1427 2511 1434 2541 τ
1449 2509 1556 2560 quorum
1567 2492 1678 2544 medium

56 2583 100 2650 ὧν
117 2588 195 2666 μίσον
208 2587 303 2648 ἐστὶτδ
312 2587 387 2662 ἴσον,
400 2585 460 2658 ήτοι
472 2586 503 2646 τὸ
516 2587 626 2648 δίκαιον.
893 2595 931 2644 εει
947 2591 1059 2657 equale,
1079 2590 1127 2642 1ιοο
1135 2593 1174 2641 est
1185 2591 1290 2654 iustum.

105 2678 231 2757 (Scripsi
247 2682 259 2712 ¹
273 2676 339 2737 ἄλλο
353 2672 443 2756 ἐστίν]
454 2676 520 2737 cod.
537 2675 603 2735 ἀλλό
617 2676 698 2738 ίστιν.
714 2707 754 2722 -
773 2677 848 2735 δάν-

58 2767 157 2850 δρεία]
170 2763 236 2830 cod.
253 2765 361 2848 ἀνδρία.
379 2773 444 2812 ..c
463 2767 512 2825 οὐκ
534 2765 608 2846 ἔχει]
625 2765 691 2827 cod.
716 2765 765 2846 οὐχ
779 2763 846 2845 ἔχει.

399 3037 518 3118 δίκαι’·
1221 3058 1281 3122 οη).
1298 3058 1367 3108 vin.

174 3218 231 3274 Πῶς
244 3215 333 3266 ιστινε
347 3216 454 3274 ἀδικεῖν,
472 3215 513 3264 και
528 3215 560 3277 μὴ
574 3215 658 3265 ἄδικον
671 3215 740 3264 εῖναι.
895 3210 1015 3266 Quomodo
1025 3209 1076 3256 lteri
1088 3209 1167 3268 pouit,
1179 3211 1205 3255 ut
1218 3209 1270 3330 ηοῖμ
1289 3209 1375 3330 infrare
1390 3204 1465 3262 iaciat,
1477 3215 1520 3252 uec
1532 3207 1609 3250 tamen
1618 3204 1680 3260 tntu·

1240 3297 1251 3330 a
1263 3295 1311 3330 uas
1332 3315 1339 3329 .

108 3367 137 3402 *⁴¹
152 3367 220 3446 Περί
237 3365 284 3440 μίν
306 3356 350 3425 οδν
366 3363 531 3436 δικαιοσύνης
553 3363 598 3422 καί
612 3361 730 3438 δδικίοις,
745 3361 790 3422 κοί
812 3361 850 3430 τίς
925 3379 963 3427 De
972 3375 1070 3441 justitia
1084 3374 1161 3439 igitur
1173 3377 1198 3426 et
1211 3373 1332 3439 injustitia
1341 3413 1347 3432 ,
1356 3375 1411 3424 tum
1424 3385 1481 3438 quae
1494 3371 1625 3436 utriusque
1637 3385 1683 3421 na·

60 3457 176 3535 ἑκατέρα
189 3455 288 3514 τούτων
301 3458 319 3526 ἡ
334 3452 423 3536 φύσις,
438 3453 485 3512 κοδ
494 3454 554 3533 περί
567 3452 669 3512 δικοίου
684 3451 730 3512 κοί
744 3451 846 3525 ἀδίκου,
894 3468 951 3516 tura
966 3464 1011 3523 ait,
1023 3468 1078 3514 tum
1089 3463 1198 3528 deinsto
1209 3467 1287 3528 atque
1303 3462 1395 3528 injusto
1410 3461 1437 3512 in
1455 3461 1601 3512 universum
1613 3459 1680 3510 dixi·

61 3542 177 3603 κνίδιον
199 3542 311 3623 illiciti·
327 3542 431 3602 Ἐνιιῗνο
454 3540 481 3600 δδ
495 3546 540 3599 νῦν
564 3541 698 3614 ζητητέοι·
714 3539 772 3600 ἐπιδ
798 3539 848 3600 ιίοί
893 3569 957 3606 ιιιυο.
971 3553 1036 3606 lllud
1048 3567 1108 3605 vero
1118 3555 1171 3619 jam
1188 3552 1352 3619 quaerendum
1361 3554 1414 3612 eat,
1428 3565 1507 3616 quum
1520 3551 1570 3601 sint
1583 3549 1683 3614 injusta

61 3654 126 3690 τινα
147 3630 314 3709 ἀδικήματα,
335 3629 352 3688 ἀ
370 3633 451 3690 ποιῶν
473 3654 511 3697 τις
526 3630 612 3690 ἀδικεῖ
626 3631 692 3707 μέν,
718 3629 806 3698 ἀδικος
821 3628 848 3689 δὲ
894 3645 1010 3709 quoedam
1034 3643 1156 3706 actiones,
1177 3657 1242 3708 quas
1261 3641 1305 3708 qui
1329 3641 1449 3705 suscipit,
1471 3640 1561 3704 iniusta
1580 3638 1683 3704 quidem

62 3723 113 3780 ot'rtt
127 3723 197 3793 ἔστι,
211 3721 270 3778 τίνοι
284 3724 380 3780 ταῦτα.
400 3722 511 3798 Πρῶτον
524 3717 552 3777 δὲ
567 3721 650 3778 ἐκεῖνο
665 3719 791 3796 δείξομεν,
808 3717 849 3778 δτι
894 3733 967 3795 facit,
982 3736 1126 3784 nontamen
1145 3733 1254 3797 injustus
1275 3735 1325 3791 est,
1348 3743 1464 3797 (sumnam
1484 3729 1534 3780 sint
1556 3727 1615 3779 illoe,
1648 3728 1684 3776 Ac

64 3805 173 3865 δυνατὸν
188 3806 286 3865 ἀδικεῖν
305 3827 377 3878 τινα,
400 3805 444 3864 καί
469 3805 507 3880 μὴ
523 3806 610 3865 ἀδικον
629 3796 703 3864 εἶναι·
720 3797 772 3865 οἷον
787 3805 848 3866 κλί-
894 3822 1003 3887 primum
1026 3820 1089 3872 illud
1111 3821 1287 3878 ostendemus,
1313 3819 1367 3870 fieri
1390 3831 1474 3884 possa,
1491 3819 1519 3866 ut
1536 3815 1627 3880 injuste
1642 3813 1681 3864 [a.

63 3917 155 3968 πῖιῑιι
169 3895 215 3952 καί
236 3893 273 3972 μὴ
289 3895 403 3966 κλέπτοι
418 3883 501 3967 είιΰῑῑν
524 3894 569 3952 καί
583 3893 731 3974 μοιχῑῦῑιιι
744 3892 789 3953 καί
808 3895 845 3972 μὴ
894 3913 944 3962 ciat
957 3910 1055 3976 aliquis,
1067 3923 1112 3961 uec
1125 3912 1208 3960 tamen
1220 3910 1253 3960 sit
1262 3909 1371 3972 injustus
1382 3925 1389 3956 τ
1401 3905 1471 3956 verbi
1484 3919 1565 3963 causa,
1577 3907 1606 3954 ut
1618 3903 1684 3954 iure·

66 3983 159 4063 μοιχὸν
174 3973 250 4042 εἶναι.
263 3981 298 4046 '0
312 3983 363 4062 γὰρ
375 3982 474 4063 κλὲψας
488 3981 535 4056 τὴν
548 3984 684 4064 μάχοιιραν
698 3989 743 4043 τοῦ
760 4007 850 4061 μαινο·
894 4003 945 4058 tur,
960 4012 1006 4049 uec
1016 4001 1099 4048 tamen
1117 3995 1159 4046 tur
1178 3997 1219 4056 sit,
1233 3999 1308 4062 atque
1325 3998 1354 4045 ut
1373 3993 1525 4045 adulterium
1542 3993 1621 4053 ineat,
1638 4005 1683 4044 uec

65 4072 159 4150 μένον,
168 4071 212 4132 διν
227 4071 264 4149 μδ
275 4071 367 4132 ἑαυτὸν
382 4075 396 4131 ὁ
411 4071 566 4150 μαινόμενος
578 4073 737 4152 ἅποοφοίζῃ,
752 4073 845 4154 ἔκλεψε
895 4091 927 4140 ιιι
937 4087 1043 4140 adulter.
1056 4087 1106 4145 Qui
1116 4085 1189 4146 enim,
1204 4085 1289 4137 insano
1301 4083 1394 4135 homini
1405 4083 1515 4150 gladium
1529 4081 1635 4142 iuratur,
1651 4095 1683 4133 nc

67 4161 130 4238 pa,
142 4159 256 4233 ιιλίπτιις
269 4161 296 4222 δδ
307 4165 354 4220 οὒκ
365 4161 428 4220 ἔστι·
442 4159 512 4220 κοδδ
528 4159 672 4240 μνῑχῑιίννν,
691 4159 735 4219 ἵνα
749 4161 845 4242 δυνηθῇ
894 4183 1001 4231 mortem
1014 4179 1062 4230 sibi
1077 4177 1229 4238 consciscat,
1254 4176 1354 4228 furatur
1375 4176 1489 4242 quidem,
1514 4175 1558 4226 sed
1575 4189 1623 4225 non
1641 4178 1680 4225 est

65 4250 199 4320 πδννιιῖν,
216 4249 333 4331 palpata
349 4250 415 4326 μέν,
439 4248 531 4329 μοιχδς
551 4249 578 4308 δὲ
595 4251 643 4309 οὒκ
663 4249 750 4328 ἔστιν,
778 4252 847 4312 ἀλλά
894 4269 956 4320 iau:
974 4271 1000 4320 ct
1018 4268 1063 4334 qui
1074 4267 1226 4320 adulterium
1248 4265 1322 4326 facit,
1345 4269 1374 4316 ut
1390 4265 1460 4317 dives
1479 4265 1532 4316 tleri
1553 4267 1645 4330 queat,
1662 4264 1684 4314 is

65 4337 269 4417 φίδθλΡδμαῗθι·
283 4338 407 4405 χαίῑῖτῑι
422 4337 632 4418 torpuerat,
645 4337 711 4398 ⁵152
724 4345 848 4401 ννοοῧνῖο
894 4355 1045 4408 adulterium
1057 4355 1160 4422 quidem
1174 4355 1249 4415 iacit,
1263 4369 1309 4406 uec
1323 4357 1407 4406 tamen
1426 4353 1533 4416 adulter,
1545 4351 1589 4402 scd
1607 4364 1683 4416 pecu-

64 4426 105 4505 tp·
122 4417 144 4507 ᾧ
160 4425 252 4500 σώσει,
266 4428 356 4505 ἀπατᾷ
371 4425 432 4501 μίν,
448 4427 572 4487 ἀπατεὼν
588 4428 615 4486 δὲ
635 4430 683 4488 οὐκ
701 4428 769 4489 ἔστι.
784 4428 849 4492 Ὅτι
894 4445 942 4496 nia
953 4444 1043 4496 avidus
1053 4447 1092 4496 at
1102 4461 1108 4494 :
1120 4447 1146 4496 et
1160 4444 1248 4510 siquis
1259 4442 1374 4494 medicus
1384 4443 1506 4507 aegrotum
1521 4438 1638 4502 decipiat,
1652 4439 1682 4487 ut

64 4509 110 4573 οὖν
134 4517 189 4574 ἐστι
211 4515 319 4574 δυνατόν
336 4537 394 4574 τινα
414 4517 527 4590 ἀδικεῖν,
550 4517 596 4576 καί
615 4517 652 4594 μὴ
679 4515 769 4578 ἄδικον
783 4509 850 4579 εἶναι
895 4535 978 4593 met,
996 4533 1088 4598 decipit
1103 4532 1221 4598 quidem,
1242 4531 1286 4583 sed
1299 4530 1417 4595 deceptor
1428 4543 1477 4579 non
1489 4529 1534 4578 est,
1549 4529 1625 4576 1³05oe
1635 4523 1683 4587 igi.

64 4604 125 4663 κατ’
139 4603 239 4676 δχῑίιηι
263 4603 310 4675 *δι
326 4603 429 4663 ἀδικίαν
445 4596 477 4676 ἧς
493 4603 522 4663 ιδ
548 4605 624 4684 ἔργον
647 4610 732 4678 ποιοῖ,
760 4607 847 4682 δῆλον.
895 4623 1010 4682 turtieri,
1025 4625 1055 4672 ut
1068 4621 1126 4687 quis
1140 4620 1260 4687 injustum
1277 4619 1398 4684 quiddam
1412 4619 1476 4682 agat,
1489 4611 1683 4666 nectamenin·

64 4691 134 4754 Τίνα
148 4691 175 4750 δι’
189 4694 245 4752 ἔστι
259 4697 342 4752 ταῦτα
357 4692 390 4750 τά
403 4693 572 4769 ἀδικήματα,
588 4694 626 4753 ἐνί
639 4697 770 4777 καθολικῷ
781 4697 850 4779 λόγῳ
894 4691 977 4773 justus
992 4711 1026 4762 sit
1040 4713 1155 4774 suscepta
1170 4709 1266 4760 actione
1280 4707 1323 4758 illa
1337 4689 1430 4773 iniusta
1444 4705 1516 4770 cujus
1533 4703 1680 4760 auctorest,

66 4779 167 4862 ῥητέον·
182 4781 231 4842 ὅσα
242 4782 326 4840 ἀδικεῖ
339 4807 396 4854 τις,
413 4785 461 4862 οὒκ
473 4781 550 4842 ίνικο
564 4788 611 4843 τοῦ
624 4785 724 4858 τύλους,
739 4783 848 4867 δπροσ·
895 4801 1005 4865 apparet.
1034 4800 1096 4857 Qua
1117 4801 1201 4849 alitem
1226 4797 1275 4848 sint
1300 4795 1421 4861 ejusmodi
1439 4794 1548 4846 actiones
1566 4791 1679 4855 injusta,
1715 4780 1720 4788 ’

65 4869 178 4950 ήκειν-ᾔ
205 4869 292 4950 ἀδικίη
314 4870 416 4950 ἐκείνῃ,
432 4862 463 4942 ἧς
487 4871 534 4943 τὴν
560 4871 654 4952 πρᾶξιν
671 4877 757 4948 ποιεῖ,
782 4875 850 4935 ἀλλὰ
895 4885 1154 4952 generalidetinitione
1168 4885 1243 4937 semel
1258 4883 1434 4936 declarandum
1453 4885 1491 4934 est
1505 4896 1511 4928 ι
1525 4891 1681 4946 quacunque

68 4959 151 5017 ἀλλου
167 4959 255 5027 τύλους
270 4959 360 5035 ἕνεκα,
376 4959 394 5032 ἢ
409 4961 508 5041 ἀγαθοῦ
522 4961 539 5034 ή
556 4962 673 5043 φαύλου,
688 4965 747 5024 κατ’
762 4967 849 5024 ἐκεῖνα
897 4975 988 5040 injuste
1006 4973 1097 5039 aliquis
1115 4973 1178 5039 agit,
1196 4987 1245 5024 non
1260 4972 1314 5023 linis
1334 4985 1417 5030 causa,
1438 4970 1482 5036 qui
1501 4969 1537 5020 illi
1554 4965 1682 5032 injustitias

1392 5089 1681 5108 Μ

100 5173 110 5196 “
127 5171 156 5222 ι11
169 5174 189 5222 δ’
200 5172 284 5224 ἀδικία
296 5171 439 5226 τούναντίον
451 5177 496 5226 τοῦ
506 5175 592 5226 ἀδίκου
602 5177 654 5226 κτλ.
666 5199 698 5213 -
709 5175 739 5206 **
755 5175 814 5240 dap.
829 5179 851 5226 t.
868 5176 920 5227 ἐπεὶ
935 5178 956 5228 δ’
967 5176 1034 5228 ἔστιν
1050 5177 1184 5227 ἀδικοῦντα
1198 5174 1272 5238 μήπω
1285 5174 1369 5226 ἀδικον
1383 5173 1445 5224 ῖίναι
1456 5174 1508 5222 κτλ.
