3976 5948
276 397 336 457 tiit
1002 401 1170 467 NUMENll

274 527 405 610 βλέπειπε
418 530 476 588 ἀντὶ
488 534 535 588 ποῦ
549 531 658 612 οὐρανοῦ
673 534 709 599 εἰς
735 533 779 590 τδν
796 533 851 592 ἅνω
875 532 931 593 θεδν
956 558 1057 618 προσα-
1102 539 1278 621 γου].ἰοοπιι.
1292 541 1474 620 livungmup.
1488 539 1550 616 XV,
1565 537 1594 600 5.
1604 569 1643 585 -
1653 555 1717 600 ιτον
1727 539 1884 622 ρυτεόοντιι]

272 619 382 698 γόμινον
401 619 481 678 αὐτοῦ
495 617 528 678 τίι
551 619 672 698 όμματα,
690 621 820 698 tapedia
833 643 861 680 τε
876 623 905 681 τό
924 622 972 700 μέν
993 648 1056 707 κρι-
1101 629 1223 708 evigeti
1236 634 1417 712 conjectura3
1434 629 1521 690 codd.
1536 629 1570 688 τίι
1585 629 1739 708 ριντεύοντα.
1750 639 1816 678 -θ
1834 629 1884 708 μά-

274 707 343 766 αῑαθν
356 708 408 765 ἀπὸ
420 711 466 780 τῆς
481 706 604 789 θεωρίαι,
620 707 651 766 αθ
665 707 692 768 δέ
709 709 851 788 θρμηααθν
865 711 920 770 ἀπὸ
934 717 980 786 τῆς
993 715 1052 793 έρέ-
1101 720 1177 778 λιστα
1197 719 1269 803 ἔχει]
1287 740 1304 780 e
1327 719 1422 797 Vigeri
1444 717 1630 798 conjectura3
1653 718 1740 779 codd.
1763 719 1883 794 μάλιστά

273 819 347 864 σιως.
392 797 444 858 Καὶ
467 800 481 856 δ
502 797 635 877 Σωτήριος
662 801 725 878 παρ’
740 805 805 876 ἡμῖν
825 797 915 878 λόγος,
937 803 1019 862 Οὐδέν
1033 810 1054 882 ’,
1101 811 1182 870 ἐστιν.
1200 819 1262 855 -'
1282 811 1311 868 ένι
1325 815 1370 868 τοῦ
1386 799 1596 879 δεδωκότος,οἶα
1613 807 1644 878 δή
1660 807 1882 884 totileVigeri

272 907 350 964 pict,
369 885 475 944 δύναται
496 888 509 943 δ
536 884 588 952 uti<
607 894 691 946 ποιεῖν
717 887 760 968 ἀφ’
785 890 894 962 ἑαυτοῦ,
909 889 955 948 ἐὰν
970 890 1007 967 μή
1026 915 1051 950 τι
1101 897 1284 976 conjectum
1302 897 1372 958 libri
1386 899 1415 957 ἐκ
1429 901 1474 956 τοῦ
1491 895 1645 965 δεδωκότος,
1664 895 1732 956 ἐστὶ.
1746 906 1811 941 -·
1827 896 1882 963 θεός

272 974 356 1055 βλέπῃ
371 975 414 1034 τόν
426 973 530 1056 πατέρα
544 981 678 1037 πονοῦντα.
696 975 774 1038 'nili
794 977 845 1059 γάρ
866 985 981 1040 τοσαῦτα
1007 981 1053 1040 καὶ
1101 989 1168 1046 ἐστιν
1185 986 1280 1068 ἑστώς]
1304 1009 1371 1047 cum
1384 986 1617 1064 Vigenn3codd.
1634 983 1689 1050 θεδς
1700 984 1776 1044 ἔσται
1791 985 1881 1052 deside.

271 1063 331 1145 mli
345 1065 417 1124 τοῦδέ
434 1067 448 1123 θ
464 1061 621 1141 Νουμθθῑος·
1099 1075 1253 1158 -ῑῶσπερ
1267 1077 1299 1138 ἀν
1314 1076 1338 1136 εἰ
1349 1101 1387 1144 τις
1402 1076 1469 1136 οὕτω
1492 1074 1582 1154 λέγοι]
1606 1073 1674 1133 libri
1689 1072 1781 1154 ὥσπερ
1797 1073 1830 1132 ἀν
1844 1098 1884 1141 τις

311 1151 469 1233 [Eusebius
486 1153 645 1232 Praeparat.
665 1153 774 1230 livang.
801 1155 853 1218 lib.
871 1157 909 1220 lll
931 1179 997 1239 cap.
1018 1161 1053 1218 18
1099 1160 1262 1242 οὕτωλέγοι.
1285 1170 1409 1226 -“τοῦ
1423 1165 1491 1244 μήτε
1503 1165 1704 1244 διακρουσθῆναι
1719 1163 1789 1240 μήτε
1808 1187 1885 1242 περι-

269 1249 418 1327 Νουμηνίου
435 1251 495 1330 περί
510 1255 557 1310 τοῦ
569 1253 658 1311 αὐτοῦ.
678 1251 877 1330 l'raegreditur
891 1271 987 1316 autem
1002 1277 1050 1316 cs·
1099 1253 1282 1334 πλανηθῆναι]
1293 1255 1468 1314 membrnnae
1484 1258 1529 1313 τοῦ
1546 1251 1613 1330 μήτε
1631 1253 1801 1330 διακροῦσαι,
1816 1251 1883 1328 μήτε

268 1353 319 1418 put
332 1340 368 1398 de
382 1341 509 1399 secundo
522 1342 710 1420 principioex
723 1341 850 1418 plotino,
867 1346 947 1424 quod
962 1349 1051 1406 Euse—
1100 1341 1309 1422 θποπθοχθῆναν.
1326 1351 1390 1391 -’
1415 1342 1505 1416 οὐδέν,
1522 1343 1619 1422 φησιν]
1641 1341 1751 1403 θθθῦθ·
1772 1341 1882 1418 Evang.

267 1428 383 1489 biussic
395 1431 506 1489 claudit
523 1451 529 1487 :
546 1431 637 1489 Ταῦτα
659 1431 705 1508 μίν
721 1433 734 1489 ό
751 1435 896 1500 Πλωτῖνος·
911 1437 925 1494 ό
939 1435 965 1494 δέ
982 1437 1051 1494 Nou·
1099 1449 1163 1508 cap.
1180 1429 1212 1490 V·
1228 1452 1275 1510 ¹9.
1288 1433 1339 1514 -)

267 1518 359 1596 μήνιος
372 1518 406 1578 τὰ
421 1519 562 1588 Πλάτωνος
581 1519 735 1600 πρεσθιόονν
757 1525 783 1582 έν
799 1527 851 1592 τοῖς
865 1524 924 1606 περί
938 1527 1052 1602 τάγαθοῦ
1140 1538 1174 1580 tt.
1195 1519 1239 1579 Τό
1255 1519 1302 1598 μέν
1317 1513 1361 1582 cdv
1390 1519 1503 1599 σώματα
1526 1517 1619 1578 λαθεῖν
1641 1519 1706 1596 ἡμῖν
1721 1517 1824 1592 ἔξεστι,
1839 1541 1881 1588 ση-

265 1607 327 1666 τάδε
341 1607 387 1666 καλ
403 1607 479 1674 αθτδς
492 1607 554 1686 περὶ
576 1613 621 1666 τοῦ
637 1609 757 1690 δευτέρου
782 1611 864 1670 αἰτίου
883 1611 966 1692 λέγων
983 1613 1050 1694 διερ·
1098 1607 1262 1686 μαινομένοις
1282 1607 1312 1670 ἔκ
1326 1633 1354 1670 τι
1373 1609 1487 1688 δμοίοιν,
1502 1605 1555 1666 ἀπό
1569 1631 1597 1668 τε
1612 1610 1663 1666 τῶν
1678 1608 1704 1665 ἔν
1719 1606 1774 1673 τοῖς
1794 1629 1883 1686 παρα·

268 1697 383 1774 μηνεόει.
401 1698 544 1757 Caeterum
561 1696 616 1756 loci
633 1699 720 1775 hujus
738 1701 914 1779 principium
930 1703 1052 1762 affertur
1097 1697 1223 1778 κειμένοις
1237 1699 1427 1779 μαρναμένων
1442 1698 1561 1760 ἐνόντων.
1594 1695 1717 1776 Ταῖγαθθν
1736 1694 1765 1754 δέ
1780 1695 1882 1764 died<

265 1798 293 1843 et
304 1787 449 1845 excutitur
463 1806 480 1844 a
495 1781 608 1864 Cyrillo
620 1800 720 1846 contra
742 1787 892 1846 Julinnmn
909 1789 961 1850 lib.
982 1789 1049 1850 Vlll
1098 1787 1128 1846 έκ
1141 1789 1336 1870 παρακειμένου
1357 1791 1411 1848 οὐδ’
1433 1779 1478 1848 οὖν
1493 1787 1545 1846 ἀπὸ
1569 1784 1660 1863 όμοίου
1684 1785 1811 1856 αἰσθητοῦ
1828 1787 1884 1842 ἐστι

264 1873 416 1937 ’1ὀιιι.θίΙΙ
432 1895 499 1954 pag.
521 1877 578 1935 338
602 1876 647 1938 ed.
673 1877 769 1936 Paris.
788 1877 1049 1964 Scripsi⁸:dndu]
1096 1877 1186 1936 λαθεῖν
1202 1877 1311 1958 μηχανή
1331 1901 1368 1944 τις
1391 1877 1512 1954 οὖδιμία.
1556 1871 1636 1934 ’Atti
1663 1873 1767 1948 δεήσει,
1789 1864 1885 1936 οἷονεί

265 1963 353 2025 codd.
377 1962 418 2022 ἐπ’
432 1963 464 2022 ἀν
485 1997 525 2011 -
539 1966 552 2001 ¹²
566 1963 584 2036 ἢ
599 1968 637 2045 τῷ
653 1964 827 2047 πρωῖαίτερον
842 1999 882 2013 -
895 1971 971 2044 ήμεῖς
988 1971 1050 2028 ταῦ-
1096 1988 1133 2032 τις
1148 1965 1190 2024 tsi
1203 1971 1289 2048 σκοπῇ
1301 1967 1462 2044 καθήμενος,
1478 1971 1541 2024 ναῦν
1557 1963 1652 2023 ἀλιάδα
1670 1963 1798 2043 βραχεῖάν
1814 1987 1883 2038 τινα,

263 2051 324 2133 τόν]
342 2075 408 2113 cum
421 2053 539 2114 Eusebii
552 2053 643 2128 codd;
660 2055 721 2114 ltaec
737 2056 835 2116 omnin
849 2058 945 2116 omisit
956 2057 1049 2136 Cyril-
1095 2053 1193 2114 τούτων
1207 2059 1260 2116 τῶν
1284 2055 1463 2136 έπακτρίδων,
1490 2059 1541 2113 τῶν
1563 2053 1662 2128 μόνων,
1682 2051 1757 2128 μίαν,
1780 2053 1881 2128 μόνην,

265 2143 320 2204 lus.
344 2152 411 2188 -0
432 2141 695 2226 προσκαλεσάμενοι]
722 2166 788 2204 cum
810 2145 928 2205 Eusebii
955 2147 1047 2220 codd;
1095 2139 1204 2222 έρημον,
1221 2144 1396 2222 μετακυμίαις
1407 2141 1535 2226 ἐχομένην
1550 2139 1735 2220 θξυδιδορκώς,
1752 2149 1803 2221 μιᾷ
1814 2144 1882 2223 βολῇ

21 2287 74 2304 -.-.
145 2307 151 2313 ι
261 2231 507 2312 προσκαλεσάμενος
528 2233 667 2310 cyrillus.
689 2235 757 2281 —‘¹
782 2236 926 2315 ἀρχώμεθα
948 2237 1045 2305 οὕτως·

261 2341 327 2382 cum
338 2319 456 2380 Eusebii
468 2321 544 2381 codd
555 2321 741 2403 ςᾶρχόμεθαδέ
752 2321 980 2404 οότωςῦγιῖῖίαο.
991 2336 1048 2372 —⁸

263 2409 365 2470 εὐκτέον
382 2409 429 2490 μέν
454 2409 523 2482 ήδη,
548 2411 678 2470 διελέσθαι
702 2410 729 2470 δί
752 2409 808 2491 Stil
831 2433 898 2471 cum
926 2413 1048 2474 Eusebii

261 2501 354 2574 codd;
382 2501 478 2561 omisit
501 2501 562 2560 haec
581 2502 720 2580 Cyrillus.
739 2501 800 2546 —f
819 2503 889 2561 ἐστὶν
905 2493 957 2582 εἷς]
981 2525 1046 2564 cnm

261 2587 377 2649 Eusebii
398 2589 472 2649 codd
481 2612 490 2662 ;
506 2590 577 2649 ἐστὶν
592 2593 606 2648 ό
620 2581 657 2659 tie
673 2591 814 2668 Cyrilltts.
839 2600 901 2636 -θ
922 2593 1039 2672 έπορεγό·

262 2680 355 2758 μενος]
370 2679 456 2740 codd.
483 2677 683 2760 ἀποριὶόμενος.
698 2711 738 2726 -
753 2677 766 2716 ¹¹
781 2677 858 2761 οὔτι]
884 2679 953 2740 libri
974 2681 1044 2742 οὔτε.

262 2801 299 2814 -
315 2765 379 2826 Ικαὶ
393 2771 437 2825 τοῦ
452 2767 653 2845 δημιουγοθντος
677 2767 704 2826 δί
719 2773 776 2828 θεοῦ
798 2769 850 2848 χρὴ
867 2771 979 2848 νομίζιιν
996 2795 1047 2831 πα-

259 2853 339 2936 τέρα]
355 2858 530 2916 metnbranae
553 2855 599 2916 καὶ
627 2861 672 2914 τοῦ
693 2857 913 2936 δημιουργοῦντας
937 2859 964 2918 δέ
985 2860 1045 2940 περὶ

260 2941 358 3023 πατρὸς
380 2941 425 3002 καί
442 2946 496 3004 υἰοῦ
519 2944 571 3025 χρή
598 2935 664 3004 εἶναι
685 2945 834 3024 νομίζεσθαι
849 2947 961 3031 πατέρα.
989 2951 1044 3011 Sed

262 3036 341 3092 lucus
360 3033 551 3111 interpolatus
570 3048 629 3108 est;
653 3038 778 3116 simplex
797 3051 892 3098 autem
912 3054 1044 3102 constru-

261 3123 317 3183 ctio
325 3123 496 3200 requicitur‚
504 3136 537 3182 ut
546 3126 623 3203 apud
636 3125 786 3186 Platonem
797 3125 920 3190 Conviv.
933 3149 961 3208 p.
972 3151 1040 3188 τοι.

261 3221 297 3276 i).
314 3214 375 3292 δρᾷς
393 3201 449 3284 odit,
462 3209 530 3291 ἔφη,
552 3211 591 3271 ότι
610 3213 655 3272 καὶ
677 3213 708 3272 σὺ
723 3211 832 3294 Ἔρωτα
850 3217 879 3272 οὔ
896 3214 951 3274 θεόν
966 3219 1041 3293 νομέ-

262 3307 325 3374 ζιιςς
336 3300 399 3346 -l
412 3299 592 3380 κηδευόμενα]
606 3304 730 3380 elligeri
747 3305 934 3382 conjectum
953 3307 1040 3368 codd.

259 3387 412 3462 κηδεύοντα.
436 3421 475 3436 -
492 3389 499 3424 ¹
514 3393 548 3458 ὡς
564 3392 727 3467 έμεγαλύνθη
743 3425 783 3438 -
797 3393 826 3451 τὸ
840 3395 979 3474 πρόσωπον
994 3401 1042 3468 τῆς

256 3481 320 3558 γῆς]
334 3479 424 3556 petitu
438 3493 536 3537 suntc
556 3479 663 3540 Psalm.
682 3490 735 3550 104
755 3501 800 3544 vs.
819 3493 854 3552 τί,
872 3501 952 3562 seqq.
967 3515 1007 3528 —
1023 3493 1042 3519 ¹²¹

255 3566 320 3648 πρὸς
334 3565 379 3647 σέ]
393 3567 469 3626 idem
484 3572 539 3628 boc
551 3568 616 3627 loco
626 3569 702 3629 valet
717 3571 798 3649 quod
814 3571 886 3652 cupi:
901 3577 946 3631 σοῦ
962 3575 1039 3652 apud

257 3659 377 3718 Atticos
394 3657 545 3736 AEschylus
556 3655 655 3719 Prom.
670 3661 729 3738 968
743 3663 765 3720 εἰ
781 3663 927 3742 προσδοκᾷς
938 3664 1002 3739 ἐμοῦ
1013 3687 1038 3720 τι

254 3752 406 3810 πευσεῖσθαι
421 3747 506 3827 πάρα.
532 3749 684 3829 Ανὶοιορίι.
705 3749 791 3830 Vesp.
818 3751 854 3808 56
872 3750 954 3826 μηδὲν
975 3755 1038 3831 παρ’

254 3843 330 3915 ἡμῶν
337 3839 486 3920 προσδοκᾷν
494 3837 554 3898 λίαν
565 3839 641 3918 μέγα.
650 3839 706 3900 Sed
718 3841 788 3899 ninii
801 3841 830 3898 in
839 3841 888 3898 tali
896 3841 1040 3919 scriptore

253 3941 365 3986 inutnre
384 3947 472 3988 nttsus
491 3948 566 3990 sum.
592 3961 632 3974 -
654 3934 668 3964 ¹¹
693 3929 877 4008 κηδευόμενα]
900 3949 917 3989 e
943 3929 1038 4006 vigeri

254 4015 440 4094 conjectura3
463 4016 546 4077 codd.
567 4015 721 4089 κηδεύοντα.
750 4053 788 4065 -
804 4025 815 4052 ⁰
829 4017 968 4100 Σωτηρίου
996 4020 1040 4078 λό-

255 4241 375 4305 impetum
400 4244 516 4308 uccipint.
566 4245 683 4298 Similiter
706 4249 791 4299 salutis
815 4251 907 4300 nostras
937 4252 1038 4312 auctor,

1095 2235 1197 2294 κατεῖδε
1213 2239 1260 2307 τήν
1275 2241 1346 2294 ναῦν·
1360 2233 1427 2294 οὕτω
1444 2233 1476 2304 δή
1491 2255 1550 2291 τινα
1563 2230 1708 2290 ἀπελθόντα
1722 2229 1815 2312 πόρρω
1830 2236 1882 2292 τῶν

1094 2325 1235 2398 αἰσθητῶν,
1248 2327 1374 2402 ὁμιλῆσαι
1383 2327 1422 2405 τῷ
1438 2325 1527 2403 ἀγαθῷ
1540 2321 1610 2400 μόνῳ
1624 2319 1718 2398 μόνον,
1735 2315 1798 2378 ἔνθα
1813 2319 1881 2398 μήτε

1093 2435 1132 2480 τις
1147 2413 1298 2492 ἅνθρωπος,
1313 2412 1380 2490 μήτε
1394 2436 1420 2471 τι
1434 2415 1499 2492 ζῷον
1515 2409 1615 2491 ἕτερον,
1628 2405 1696 2486 μηδὲ
1708 2410 1787 2486 σῶμα
1799 2407 1879 2488 μέγα,

1094 2501 1160 2579 μηδὲ
1175 2501 1302 2581 σμικρόν,
1318 2501 1386 2562 ἀλλά
1404 2523 1443 2568 τις
1465 2501 1562 2582 ἀρατσς
1586 2497 1631 2557 καί
1656 2497 1800 2578 ἀδιήγητος
1821 2503 1879 2558 ἀτε-

1092 2594 1161 2672 χνῶς
1169 2590 1266 2669 έρημία
1277 2589 1423 2664 θεσπέσιος,
1435 2587 1496 2648 ἔνθα
1505 2592 1548 2646 τοῦ
1560 2589 1657 2666 ἀγαθοῦ
1669 2585 1731 2660 ήθη,
1743 2585 1880 2668 διατριῦαί

1092 2701 1121 2738 τε
1131 2679 1176 2740 καί
1192 2677 1312 2758 ἀγλαΐαι,
1323 2677 1387 2738 αθτδ
1401 2669 1428 2736 δέ
1438 2678 1465 2736 ἰν
1476 2676 1576 2757 εἰρήνῃ,
1585 2677 1611 2736 ἐν
1626 2673 1759 2752 εὗμινείιγ,
1773 2674 1805 2734 τὸ
1817 2676 1878 2755 ήρε·

1092 2791 1151 2844 μον,
1161 2768 1192 2828 si>
1205 2767 1373 2847 ἡγεμονικόν,
1387 2766 1476 2841 ἵλεων,
1490 2763 1664 2844 έποχοόμινον
1678 2765 1721 2823 ἐπὶ
1734 2769 1769 2843 τῇ
1784 2767 1874 2848 οὗσίρ.

1091 2855 1161 2916 Εἶδέ
1175 2855 1282 2936 τιςπρδς
1295 2860 1347 2924 τοῖς
1367 2859 1499 2928 αἰσθητοῖς
1517 2855 1647 2934 λιπαρῶν,
1663 2852 1693 2911 τὸ
1708 2853 1808 2932 ἀγαθόν
1822 2857 1877 2933 έμ-

1091 2941 1223 3020 πτάμενον
1234 2943 1401 3024 φαντάζεται,
1412 2943 1480 3025 κᾷπε
1485 2965 1526 3002 ιτα
1535 2944 1638 3023 τρυφῶν
1646 2938 1725 3000 οἴοιτο
1735 2943 1774 3020 τῷ
1785 2944 1878 3023 ἀγαθῷ

1091 3033 1299 3113 έντιτυχηνιέναι,
1308 3037 1353 3092 τοῦ
1364 3034 1460 3100 παντὸς
1473 3032 1685 3111 ἀμαρτάνει.Τῷ
1698 3027 1750 3109 γάρ
1766 3031 1875 3107 ὅντι,οι“ι

1092 3122 1192 3204 ρῳδίας,
1205 3121 1275 3190 θείας
1287 3121 1314 3182 δέ
1327 3122 1391 3202 πρὸς
1402 3123 1466 3183 αὐτὸ
1477 3123 1516 3182 δεῖ
1526 3121 1643 3200 μεθόδου·
1652 3117 1698 3179 καί
1710 3121 1767 3178 ἔστι
1780 3122 1876 3200 κράτι-

1091 3214 1220 3288 erenstein
1230 3213 1360 3284 αἰσθητῶν
1369 3207 1831 3290 ἀμελήσαντι,νιανιευοαμένῳπρδς
1841 3210 1875 3270 tt

1090 3299 1255 3380 μαθήματα,
1270 3299 1329 3370 τοὺς
1344 3302 1467 3382 ἀριθμοὺς
1488 3300 1658 3382 θεασαμένῳ,
1673 3297 1754 3366 οὕτως
1767 3301 1876 3376 ἐκμελε-

1089 3395 1171 3464 τῆσαι
1183 3389 1294 3468 μάθημα
1303 3435 1311 3464 ,
1321 3389 1346 3451 τί
1359 3393 1414 3451 ἐστι
1424 3391 1454 3450 τδ
1465 3389 1503 3452 έν.
1514 3393 1607 3452 Ταῦτα
1621 3389 1668 3464 μέν
1678 3389 1704 3446 έν
1715 3391 1753 3469 τῷ
1765 3389 1874 3468 πρώτῳ.

1089 3479 1136 3542 Ἐν
1147 3479 1173 3538 δέ
1189 3481 1226 3558 τῷ
1241 3480 1354 3561 πέμπτῳ
1369 3479 1453 3539 ταῦτά
1465 3503 1552 3563 φησιν·
1568 3481 1590 3538 εἰ
1606 3479 1627 3537 δ’
1643 3476 1699 3537 ἔστι
1715 3476 1763 3553 μέν
1776 3473 1873 3552 Ινοητὸν

1089 3577 1106 3644 ἡ
1121 3569 1196 3629 οὐσία
1208 3569 1253 3628 καὶ
1267 3573 1284 3641 ἡ
1296 3569 1367 3644 ἰδέα,
1379 3568 1475 3643 ταύτης
1487 3570 1509 3630 δ’
1524 3567 1681 3647 ὡμολογήθη
1694 3564 1873 3650 πρεοθότερον

1088 3661 1133 3722 καί
1157 3657 1238 3719 αἴτιον
1253 3649 1318 3718 εἰναι
1339 3665 1352 3720 ὁ
1380 3664 1453 3732 νοῦς,
1471 3659 1549 3728 αὐτὸς
1569 3650 1643 3727 οὗτος
1666 3656 1743 3736 μόνος
1762 3656 1874 3738 εὕρηται

1088 3751 1124 3809 ὢν
1140 3746 1169 3808 τδ
1184 3746 1292 3826 ἀγαθόν.
1355 3747 1409 3810 lici
1423 3748 1475 3829 γδρ
1492 3751 1514 3808 εἰ
1528 3751 1542 3807 θ
1566 3746 1613 3826 μέν
1637 3747 1796 3828 δημιουργὸς
1815 3747 1873 3814 θεός

1087 3840 1142 3899 ἐστι
1160 3835 1284 3916 γενέσεως
1306 3837 1393 3918 ἀρχή,
1411 3838 1440 3898 τὸ
1466 3836 1561 3916 ἀγαθὸν
1588 3835 1678 3904 οὖοίας
1699 3836 1768 3895 ἐστὶν
1784 3835 1870 3915 ἀργή.

1086 3926 1224 4006 ’λνέλογον
1238 3925 1265 3986 δέ
1279 3925 1364 4008 τούτῳ
1380 3925 1427 4004 μέν
1443 3931 1457 3986 δ
1476 3925 1632 4008 δημιουργός
1651 3923 1723 4001 θεός,
1739 3921 1775 3982 ὢν
1790 3927 1872 3984 αὐτοῦ

1088 4017 1271 4097 μιμητής,τῇ
1297 4016 1324 4077 δί
1346 4016 1455 4100 οθσίορὴ
1476 4014 1590 4097 γένεσις,
1612 4011 1691 4074 εἰκὼν
1705 4015 1786 4086 αὐτῆς
1805 4005 1873 4074 educ

1086 4251 1154 4302 velet
1176 4249 1229 4300 acic
1248 4250 1416 4314 conspiciens,
1437 4261 1487 4298 uno
1509 4245 1638 4298 oculorum
1658 4243 1769 4309 coniectu
1793 4245 1873 4294 tutem

253 4327 341 4389 Nihil,
353 4328 443 4393 inquit,
456 4331 622 4394 polestfilim
637 4334 728 4398 facere
743 4349 760 4385 o
776 4347 821 4396 sc,
838 4338 890 4386 nist
908 4337 976 4400 quid
989 4351 1040 4402 po·
1085 4340 1188 4392 videet:
1208 4339 1244 4390 its
1257 4351 1458 4404 unumquemque
1481 4336 1511 4386 sb
1531 4335 1598 4386 omni
1617 4347 1700 4386 rernm
1717 4333 1874 4385 sensibilium

256 4417 482 4484 trentsacientent
496 4419 598 4471 viderit.
619 4423 666 4472 Sed
689 4425 750 4474 setis
769 4423 842 4474 etiam
856 4425 888 4476 de
905 4425 953 4476 bec
970 4439 1039 4478 teex
1084 4443 1131 4481 usu
1143 4431 1281 4494 sejunctum
1295 4443 1353 4480 curn
1369 4429 1422 4478 solo
1436 4427 1500 4477 bono
1512 4426 1594 4476 solum
1604 4425 1713 4484 versari,
1732 4422 1776 4473 ubi
1791 4435 1876 4486 neque
1963 4487 1964 4492 γ

252 4507 381 4562 Numenii·
1083 4519 1170 4581 bomo,
1183 4533 1262 4583 neque
1276 4517 1342 4570 slind
1354 4516 1462 4576 unimd,
1481 4529 1562 4581 neque
1575 4513 1655 4566 nilum
1668 4511 1767 4562 omnino
1781 4523 1875 4575 corpus
1963 4495 1964 4511 ¹

284 4601 322 4650 11.
344 4597 482 4661 Corporum
498 4599 606 4650 rationes
627 4599 762 4664 intelligere
785 4599 856 4652 nobis
873 4603 946 4665 licet,
971 4602 1031 4655 dum
1082 4610 1134 4660 sive
1145 4622 1260 4672 magnum
1278 4607 1330 4658 sivc
1342 4619 1446 4673 parvum
1458 4607 1586 4665 occurret,
1602 4603 1646 4654 sed
1665 4603 1739 4652 vasta
1750 4601 1873 4664 uumlsm

251 4685 494 4751 pertimesimilibus
507 4687 590 4753 siguis,
601 4687 714 4754 pertine
729 4689 958 4744 rerumvieinarum
972 4691 1037 4742 indi·
1082 4699 1197 4762 omnique
1218 4697 1328 4749 oratione
1348 4697 1470 4760 majorae
1490 4695 1560 4760 plane
1583 4693 1666 4744 divine
1684 4689 1793 4741 solitudo
1818 4709 1825 4740 :
1847 4691 1873 4741 in
1962 4707 1963 4773 γ

251 4776 295 4828 ciis
304 4776 470 4841 coniecturum
481 4778 593 4829 iacimus.
601 4779 694 4829 utboni
702 4779 754 4830 vim
765 4793 852 4844 cupere
861 4782 928 4832 nullu
935 4795 1036 4846 prorsus
1082 4803 1131 4852 qun
1145 4787 1203 4837 boni
1213 4799 1310 4849 mores,
1322 4783 1420 4846 studia,
1434 4783 1528 4835 delicio
1542 4785 1619 4832 sunt:
1635 4780 1766 4845 ipsumque
1778 4777 1873 4830 bonum

249 4865 323 4918 modo
337 4881 417 4932 neque
429 4880 460 4918 ex
471 4867 546 4918 uilius
565 4869 602 4918 rei
617 4868 707 4920 vicimo
727 4873 843 4934 aspectu,
857 4883 938 4935 nequo
949 4883 980 4920 ex
992 4883 1037 4920 cu·
1082 4891 1179 4928 summa
1196 4889 1256 4942 pum
1275 4873 1398 4939 animique
1417 4877 1471 4924 ium
1487 4871 1671 4937 mqidtuieium
1689 4867 1873 4934 tranquillitate
1961 4939 1962 4946 γ

247 4959 482 5025 ιἰιεηιιαιιιοιιιοῖιιο,
497 4974 554 5027 qum
568 4961 682 5012 sensibus
703 4961 860 5026 percipiatur,
875 4961 1036 5014 similitudine
1083 4966 1182 5030 truens,
1207 4963 1281 5017 simu
1302 4977 1386 5016 rerum
1401 4961 1563 5028 principatum
1586 4957 1699 5011 obtinens
1713 4959 1740 5009 et
1752 4957 1871 5008 omnibus
1961 4969 1962 4972 ¹

248 5061 394 5113 possumus.
429 5051 477 5103 sed
496 5051 628 5115 oportebit,
650 5055 768 5118 tunquam
788 5051 810 5102 si
830 5048 886 5115 qtiis
900 5051 925 5101 in
937 5052 1035 5116 specula
1081 5055 1214 5120 propitium
1238 5057 1334 5105 natum
1356 5052 1476 5105 universo
1504 5051 1603 5103 insidet.
1637 5053 1733 5102 Verum
1754 5049 1777 5099 si
1799 5048 1867 5113 quis,

251 5137 339 5188 sedens
353 5140 467 5203 cymbam
484 5140 679 5192 medicinmcri
691 5154 851 5207 perparvam.
865 5155 938 5192 unam
950 5155 981 5192 ex
993 5143 1034 5206 pi·
1080 5145 1140 5195 dum
1168 5143 1192 5193 in
1207 5143 1282 5194 rebus
1303 5141 1460 5193 sensibilibus
1476 5139 1593 5191 assiduus
1614 5153 1644 5190 cc
1667 5138 1798 5197 iuiusest,
1810 5135 1870 5188 boni
1960 5169 1961 5206 ,

250 5229 362 5280 senionis
380 5229 428 5281 illis
446 5231 566 5296 aliquam,
586 5245 643 5294 quun
657 5232 716 5283 enlm
727 5245 844 5298 nppnrcre
859 5233 948 5296 solent,
968 5233 1033 5285 omni
1079 5229 1251 5295 mgitutionem
1263 5229 1333 5280 velut
1344 5227 1499 5282 advolantem
1507 5223 1583 5276 menti
1596 5224 1725 5280 inlonmt.
1735 5235 1766 5272 se
1777 5220 1869 5272 deinde

247 5319 367 5372 comitutu
381 5319 488 5384 nudam,
501 5320 820 5393 fluctuumqueintermllis
835 5322 1034 5391 inclusamque
1079 5319 1205 5372 luxuriose
1226 5319 1312 5372 vivens
1329 5317 1423 5371 bonum
1440 5315 1489 5370 sibi
1509 5313 1609 5367 viuum
1623 5311 1755 5375 invenisse,
1774 5310 1798 5363 ls
1814 5310 1871 5362 tots
1959 5367 1960 5386 γ
