<?xml version="1.0" encoding="UTF-8"?>
<!DOCTYPE html PUBLIC "-//W3C//DTD XHTML 1.0 Transitional//EN"
    "http://www.w3.org/TR/xhtml1/DTD/xhtml1-transitional.dtd">
<html xmlns="http://www.w3.org/1999/xhtml" xml:lang="en" lang="en">
 <head>
  <title>
</title>
<meta http-equiv="Content-Type" content="text/html;charset=utf-8" />
  <meta name='ocr-system' content='tesseract 3.04.00' />
  <meta name='ocr-capabilities' content='ocr_page ocr_carea ocr_par ocr_line ocrx_word'/>
</head>
<body>
  <div class='ocr_page' id='page_1' title='image "./fragmentaphilos01mullgoog/fragmentaphilos01mullgoog_0598.png"; bbox 0 0 3938 5968; ppageno 0'>
   <div class='ocr_carea' id='block_1_1' title="bbox 708 379 1174 444">
    <p class='ocr_par' dir='ltr' id='par_1_1' title="bbox 708 379 1174 444">
     <span class='ocr_line' id='line_1_1' title="bbox 708 379 1174 444; baseline 0.009 -4"><span class='ocrx_word' id='word_1_1' title='bbox 708 379 760 440; x_wconf 86' lang='lat' dir='ltr'><strong>DE</strong></span> <span class='ocrx_word' id='word_1_2' title='bbox 783 381 1025 444; x_wconf 80' lang='lat' dir='ltr'><strong>AFFECTIBUS</strong></span> <span class='ocrx_word' id='word_1_3' title='bbox 1048 383 1174 444; x_wconf 81' lang='lat' dir='ltr'>LIBER.</span> 
     </span>
    </p>
   </div>
   <div class='ocr_carea' id='block_1_2' title="bbox 79 514 919 5189">
    <p class='ocr_par' dir='ltr' id='par_1_2' title="bbox 126 514 913 952">
     <span class='ocr_line' id='line_1_2' title="bbox 168 514 912 598; baseline -0.009 -17"><span class='ocrx_word' id='word_1_4' title='bbox 168 518 248 581; x_wconf 82' lang='grc' dir='ltr'>Ἴδεον</span> <span class='ocrx_word' id='word_1_5' title='bbox 263 517 290 577; x_wconf 86' lang='grc' dir='ltr'>δέ</span> <span class='ocrx_word' id='word_1_6' title='bbox 304 517 470 588; x_wconf 79' lang='grc' dir='ltr'>δικαιοσύνης</span> <span class='ocrx_word' id='word_1_7' title='bbox 486 515 581 576; x_wconf 83' lang='grc' dir='ltr'>ἐστίτδ</span> <span class='ocrx_word' id='word_1_8' title='bbox 596 515 682 575; x_wconf 80' lang='grc' dir='ltr'>ἐκεῖνα</span> <span class='ocrx_word' id='word_1_9' title='bbox 694 514 782 592; x_wconf 89' lang='grc' dir='ltr'>νέμειν</span> <span class='ocrx_word' id='word_1_10' title='bbox 799 514 912 598; x_wconf 83' lang='grc' dir='ltr'>ἐκάστῳ,</span> 
     </span>
     <span class='ocr_line' id='line_1_3' title="bbox 127 602 912 688; baseline -0.005 -18"><span class='ocrx_word' id='word_1_11' title='bbox 127 602 163 670; x_wconf 75' lang='grc' dir='ltr'><strong>ὧν</strong></span> <span class='ocrx_word' id='word_1_12' title='bbox 180 611 211 671; x_wconf 83' lang='grc' dir='ltr'><strong>ἄν</strong></span> <span class='ocrx_word' id='word_1_13' title='bbox 225 633 264 676; x_wconf 93' lang='grc' dir='ltr'><strong>τις</strong></span> <span class='ocrx_word' id='word_1_14' title='bbox 274 607 323 677; x_wconf 81' lang='grc' dir='ltr'>τδις</span> <span class='ocrx_word' id='word_1_15' title='bbox 344 605 428 688; x_wconf 79' lang='grc' dir='ltr'>ἀρχάς</span> <span class='ocrx_word' id='word_1_16' title='bbox 446 607 492 668; x_wconf 80' lang='grc' dir='ltr'><strong>καί</strong></span> <span class='ocrx_word' id='word_1_17' title='bbox 516 605 563 674; x_wconf 87' lang='grc' dir='ltr'>τάς</span> <span class='ocrx_word' id='word_1_18' title='bbox 583 607 667 673; x_wconf 80' lang='grc' dir='ltr'>αἰτίας</span> <span class='ocrx_word' id='word_1_19' title='bbox 689 603 912 686; x_wconf 83' lang='grc' dir='ltr'>προκαταόάλλη·</span> 
     </span>
     <span class='ocr_line' id='line_1_4' title="bbox 126 695 913 778; baseline -0.005 -20"><span class='ocrx_word' id='word_1_20' title='bbox 126 723 179 759; x_wconf 90' lang='grc' dir='ltr'>ται.</span> <span class='ocrx_word' id='word_1_21' title='bbox 199 700 294 760; x_wconf 89' lang='grc' dir='ltr'>Οίκεία</span> <span class='ocrx_word' id='word_1_22' title='bbox 314 697 341 757; x_wconf 86' lang='grc' dir='ltr'>δέ</span> <span class='ocrx_word' id='word_1_23' title='bbox 361 699 428 778; x_wconf 82' lang='grc' dir='ltr'>αὐτῇ</span> <span class='ocrx_word' id='word_1_24' title='bbox 447 695 634 776; x_wconf 72' lang='grc' dir='ltr'>ἐλευθεριότης,</span> <span class='ocrx_word' id='word_1_25' title='bbox 649 695 814 776; x_wconf 79' lang='grc' dir='ltr'>χρηστότης,</span> <span class='ocrx_word' id='word_1_26' title='bbox 838 697 913 755; x_wconf 88' lang='grc' dir='ltr'>δικα-</span> 
     </span>
     <span class='ocr_line' id='line_1_5' title="bbox 128 781 912 866; baseline -0.003 -22"><span class='ocrx_word' id='word_1_27' title='bbox 128 788 215 861; x_wconf 88' lang='grc' dir='ltr'>στική,</span> <span class='ocrx_word' id='word_1_28' title='bbox 231 785 429 866; x_wconf 79' lang='grc' dir='ltr'>εὐγνωμοσύνη,</span> <span class='ocrx_word' id='word_1_29' title='bbox 444 782 573 858; x_wconf 79' lang='grc' dir='ltr'>εῦσέόεια,</span> <span class='ocrx_word' id='word_1_30' title='bbox 589 783 743 864; x_wconf 86' lang='grc' dir='ltr'>εὐχαριστία</span> <span class='ocrx_word' id='word_1_31' title='bbox 751 785 774 859; x_wconf 80' lang='lat'><strong>¹³,</strong></span> <span class='ocrx_word' id='word_1_32' title='bbox 791 781 912 860; x_wconf 82' lang='grc' dir='ltr'>ὁσιότης,</span> 
     </span>
     <span class='ocr_line' id='line_1_6' title="bbox 127 871 521 952; baseline 0 -18"><span class='ocrx_word' id='word_1_33' title='bbox 127 874 338 952; x_wconf 78' lang='grc' dir='ltr'>εθσυναλλαξία,</span> <span class='ocrx_word' id='word_1_34' title='bbox 353 871 521 951; x_wconf 90' lang='grc' dir='ltr'>νομοθετική.</span> 
     </span>
    </p>

    <p class='ocr_par' dir='ltr' id='par_1_3' title="bbox 128 959 911 1136">
     <span class='ocr_line' id='line_1_7' title="bbox 169 959 911 1045; baseline -0.009 -20"><span class='ocrx_word' id='word_1_35' title='bbox 169 965 311 1045; x_wconf 71' lang='lat' dir='ltr'><strong>iscripsi:</strong></span> <span class='ocrx_word' id='word_1_36' title='bbox 328 961 446 1045; x_wconf 76' lang='grc' dir='ltr'>“οίκεία]</span> <span class='ocrx_word' id='word_1_37' title='bbox 463 961 548 1021; x_wconf 92' lang='lat' dir='ltr'>codd.</span> <span class='ocrx_word' id='word_1_38' title='bbox 563 963 656 1023; x_wconf 79' lang='grc' dir='ltr'>οἰκεῖα.</span> <span class='ocrx_word' id='word_1_39' title='bbox 668 993 708 1008; x_wconf 90' lang='lat'><em>-</em></span> <span class='ocrx_word' id='word_1_40' title='bbox 721 959 911 1042; x_wconf 66' lang='grc' dir='ltr'><strong>ὴεὐχαριστία]</strong></span> 
     </span>
     <span class='ocr_line' id='line_1_8' title="bbox 128 1053 427 1136; baseline -0.013 -20"><span class='ocrx_word' id='word_1_41' title='bbox 128 1057 215 1118; x_wconf 91' lang='lat' dir='ltr'><strong>codd.</strong></span> <span class='ocrx_word' id='word_1_42' title='bbox 232 1053 427 1136; x_wconf 85' lang='grc' dir='ltr'>χαριστία.-)</span> 
     </span>
    </p>

    <p class='ocr_par' dir='ltr' id='par_1_4' title="bbox 126 1129 913 1314">
     <span class='ocr_line' id='line_1_9' title="bbox 166 1129 913 1222; baseline -0.019 -16"><span class='ocrx_word' id='word_1_43' title='bbox 166 1141 365 1222; x_wconf 86' lang='grc' dir='ltr'>Ἐλευθεριότης</span> <span class='ocrx_word' id='word_1_44' title='bbox 382 1141 429 1218; x_wconf 85' lang='grc' dir='ltr'>μὲν</span> <span class='ocrx_word' id='word_1_45' title='bbox 452 1129 496 1199; x_wconf 80' lang='grc' dir='ltr'><strong>οῦν</strong></span> <span class='ocrx_word' id='word_1_46' title='bbox 522 1141 592 1198; x_wconf 89' lang='grc' dir='ltr'>ε’στιν</span> <span class='ocrx_word' id='word_1_47' title='bbox 616 1135 666 1204; x_wconf 76' lang='grc' dir='ltr'>ἕξις</span> <span class='ocrx_word' id='word_1_48' title='bbox 686 1137 712 1194; x_wconf 84' lang='grc' dir='ltr'><strong>έν</strong></span> <span class='ocrx_word' id='word_1_49' title='bbox 732 1133 841 1215; x_wconf 79' lang='grc' dir='ltr'>προέσει</span> <span class='ocrx_word' id='word_1_50' title='bbox 868 1133 913 1192; x_wconf 87' lang='grc' dir='ltr'><strong>καί</strong></span> 
     </span>
     <span class='ocr_line' id='line_1_10' title="bbox 126 1222 911 1314; baseline -0.015 -20"><span class='ocrx_word' id='word_1_51' title='bbox 126 1233 206 1314; x_wconf 84' lang='grc' dir='ltr'>λήψει</span> <span class='ocrx_word' id='word_1_52' title='bbox 231 1229 448 1312; x_wconf 79' lang='grc' dir='ltr'>ὁμολογουμένως</span> <span class='ocrx_word' id='word_1_53' title='bbox 469 1225 710 1308; x_wconf 77' lang='grc' dir='ltr'>ἀναστρεφομένους</span> <span class='ocrx_word' id='word_1_54' title='bbox 731 1222 911 1306; x_wconf 85' lang='grc' dir='ltr'>παρεχομένη.</span> 
     </span>
    </p>

    <p class='ocr_par' dir='ltr' id='par_1_5' title="bbox 161 1311 740 1401">
     <span class='ocr_line' id='line_1_11' title="bbox 161 1311 740 1401; baseline -0.021 -20"><span class='ocrx_word' id='word_1_55' title='bbox 161 1320 317 1401; x_wconf 89' lang='grc' dir='ltr'>Χρηστότης</span> <span class='ocrx_word' id='word_1_56' title='bbox 327 1319 355 1380; x_wconf 89' lang='grc' dir='ltr'>δέ</span> <span class='ocrx_word' id='word_1_57' title='bbox 369 1317 419 1388; x_wconf 70' lang='grc' dir='ltr'>ἵξις</span> <span class='ocrx_word' id='word_1_58' title='bbox 436 1316 560 1383; x_wconf 81' lang='grc' dir='ltr'>ἑκουσίως</span> <span class='ocrx_word' id='word_1_59' title='bbox 575 1311 740 1386; x_wconf 87' lang='grc' dir='ltr'>εύποιητική.</span> 
     </span>
    </p>

    <p class='ocr_par' dir='ltr' id='par_1_6' title="bbox 167 1397 913 1484">
     <span class='ocr_line' id='line_1_12' title="bbox 167 1397 913 1484; baseline -0.02 -12"><span class='ocrx_word' id='word_1_60' title='bbox 167 1407 315 1481; x_wconf 80' lang='grc' dir='ltr'>Δικαστικὴ</span> <span class='ocrx_word' id='word_1_61' title='bbox 332 1406 359 1466; x_wconf 82' lang='grc' dir='ltr'><strong>δέ</strong></span> <span class='ocrx_word' id='word_1_62' title='bbox 375 1404 508 1482; x_wconf 76' lang='grc' dir='ltr'>ἐπιστήμη</span> <span class='ocrx_word' id='word_1_63' title='bbox 522 1401 634 1484; x_wconf 87' lang='grc' dir='ltr'>κρίσεων</span> <span class='ocrx_word' id='word_1_64' title='bbox 648 1400 693 1460; x_wconf 84' lang='grc' dir='ltr'><strong>καί</strong></span> <span class='ocrx_word' id='word_1_65' title='bbox 708 1397 842 1459; x_wconf 78' lang='grc' dir='ltr'>κολάσεων</span> <span class='ocrx_word' id='word_1_66' title='bbox 868 1399 913 1458; x_wconf 82' lang='grc' dir='ltr'><strong>καί</strong></span> 
     </span>
    </p>

    <p class='ocr_par' dir='ltr' id='par_1_7' title="bbox 127 1498 310 1575">
     <span class='ocr_line' id='line_1_13' title="bbox 127 1498 310 1575; baseline 0 -18"><span class='ocrx_word' id='word_1_67' title='bbox 127 1498 310 1575; x_wconf 84' lang='grc' dir='ltr'>ἀδικημάτων.</span> 
     </span>
    </p>

    <p class='ocr_par' dir='ltr' id='par_1_8' title="bbox 79 1581 713 1666">
     <span class='ocr_line' id='line_1_14' title="bbox 79 1581 713 1666; baseline -0.013 -18"><span class='ocrx_word' id='word_1_68' title='bbox 79 1581 83 1586; x_wconf 54' lang='grc'><strong>’</strong></span> <span class='ocrx_word' id='word_1_69' title='bbox 167 1585 365 1666; x_wconf 86' lang='grc' dir='ltr'>Εὖγνωμοσύνη</span> <span class='ocrx_word' id='word_1_70' title='bbox 378 1586 405 1646; x_wconf 85' lang='grc' dir='ltr'>δέ</span> <span class='ocrx_word' id='word_1_71' title='bbox 422 1585 537 1653; x_wconf 76' lang='grc' dir='ltr'>ἑκούσιος</span> <span class='ocrx_word' id='word_1_72' title='bbox 553 1582 713 1657; x_wconf 85' lang='grc' dir='ltr'>δικαιοσύνη.</span> 
     </span>
    </p>

    <p class='ocr_par' dir='ltr' id='par_1_9' title="bbox 167 1671 731 1754">
     <span class='ocr_line' id='line_1_15' title="bbox 167 1671 731 1754; baseline -0.004 -18"><span class='ocrx_word' id='word_1_73' title='bbox 167 1676 297 1736; x_wconf 67' lang='lat' dir='ltr'><strong>Elatiae</strong></span> <span class='ocrx_word' id='word_1_74' title='bbox 312 1675 339 1735; x_wconf 89' lang='grc' dir='ltr'>δέ</span> <span class='ocrx_word' id='word_1_75' title='bbox 354 1675 489 1754; x_wconf 87' lang='grc' dir='ltr'>ίπιστήμη</span> <span class='ocrx_word' id='word_1_76' title='bbox 505 1679 565 1734; x_wconf 91' lang='grc' dir='ltr'>θεοῦ</span> <span class='ocrx_word' id='word_1_77' title='bbox 580 1671 731 1754; x_wconf 88' lang='grc' dir='ltr'>θεραπείας.</span> 
     </span>
    </p>

    <p class='ocr_par' dir='ltr' id='par_1_10' title="bbox 126 1757 914 1932">
     <span class='ocr_line' id='line_1_16' title="bbox 167 1757 914 1847; baseline -0.009 -21"><span class='ocrx_word' id='word_1_78' title='bbox 167 1765 333 1847; x_wconf 84' lang='grc' dir='ltr'>Εὐχαριστία</span> <span class='ocrx_word' id='word_1_79' title='bbox 347 1764 374 1824; x_wconf 84' lang='grc' dir='ltr'><strong>δέ</strong></span> <span class='ocrx_word' id='word_1_80' title='bbox 390 1763 525 1842; x_wconf 74' lang='grc' dir='ltr'>ἐπιστήμη</span> <span class='ocrx_word' id='word_1_81' title='bbox 546 1768 593 1822; x_wconf 92' lang='grc' dir='ltr'><strong>τοῦ</strong></span> <span class='ocrx_word' id='word_1_82' title='bbox 614 1763 668 1822; x_wconf 88' lang='grc' dir='ltr'>τίσι</span> <span class='ocrx_word' id='word_1_83' title='bbox 692 1761 737 1820; x_wconf 83' lang='grc' dir='ltr'><strong>καί</strong></span> <span class='ocrx_word' id='word_1_84' title='bbox 755 1757 819 1819; x_wconf 89' lang='grc' dir='ltr'>πότε</span> <span class='ocrx_word' id='word_1_85' title='bbox 833 1781 914 1840; x_wconf 87' lang='grc' dir='ltr'>παρε-</span> 
     </span>
     <span class='ocr_line' id='line_1_17' title="bbox 126 1847 822 1932; baseline -0.004 -20"><span class='ocrx_word' id='word_1_86' title='bbox 126 1851 201 1912; x_wconf 89' lang='grc' dir='ltr'>κτέον</span> <span class='ocrx_word' id='word_1_87' title='bbox 213 1854 300 1932; x_wconf 85' lang='grc' dir='ltr'>χάριν,</span> <span class='ocrx_word' id='word_1_88' title='bbox 312 1851 356 1912; x_wconf 84' lang='grc' dir='ltr'><strong>καί</strong></span> <span class='ocrx_word' id='word_1_89' title='bbox 369 1855 442 1925; x_wconf 83' lang='grc' dir='ltr'>πῶς,</span> <span class='ocrx_word' id='word_1_90' title='bbox 459 1851 504 1912; x_wconf 83' lang='grc' dir='ltr'><strong>καί</strong></span> <span class='ocrx_word' id='word_1_91' title='bbox 519 1850 593 1932; x_wconf 86' lang='grc' dir='ltr'>παρθι</span> <span class='ocrx_word' id='word_1_92' title='bbox 608 1849 684 1910; x_wconf 90' lang='grc' dir='ltr'>τίνων</span> <span class='ocrx_word' id='word_1_93' title='bbox 696 1847 822 1922; x_wconf 83' lang='grc' dir='ltr'>ληπτέον.</span> 
     </span>
    </p>

    <p class='ocr_par' dir='ltr' id='par_1_11' title="bbox 125 1935 912 2204">
     <span class='ocr_line' id='line_1_18' title="bbox 168 1935 912 2020; baseline -0.009 -17"><span class='ocrx_word' id='word_1_94' title='bbox 168 1941 291 2015; x_wconf 84' lang='grc' dir='ltr'>Ὀσιότης</span> <span class='ocrx_word' id='word_1_95' title='bbox 314 1940 342 2000; x_wconf 82' lang='grc' dir='ltr'><strong>δέ</strong></span> <span class='ocrx_word' id='word_1_96' title='bbox 364 1937 498 2016; x_wconf 83' lang='grc' dir='ltr'>ἐπιστήμη</span> <span class='ocrx_word' id='word_1_97' title='bbox 529 1941 698 2020; x_wconf 78' lang='grc' dir='ltr'>παρεχομένη</span> <span class='ocrx_word' id='word_1_98' title='bbox 735 1937 843 2003; x_wconf 82' lang='grc' dir='ltr'>πιστοὺς</span> <span class='ocrx_word' id='word_1_99' title='bbox 866 1935 912 1996; x_wconf 82' lang='grc' dir='ltr'><strong>καί</strong></span> 
     </span>
     <span class='ocr_line' id='line_1_19' title="bbox 126 2025 911 2112; baseline -0.006 -22"><span class='ocrx_word' id='word_1_100' title='bbox 126 2035 269 2111; x_wconf 84' lang='grc' dir='ltr'>τηροῦντας</span> <span class='ocrx_word' id='word_1_101' title='bbox 282 2031 316 2090; x_wconf 77' lang='lat' dir='ltr'><strong>ad</strong></span> <span class='ocrx_word' id='word_1_102' title='bbox 333 2029 397 2112; x_wconf 79' lang='grc' dir='ltr'>πρὸς</span> <span class='ocrx_word' id='word_1_103' title='bbox 410 2030 440 2090; x_wconf 83' lang='grc' dir='ltr'><strong>τό</strong></span> <span class='ocrx_word' id='word_1_104' title='bbox 455 2033 521 2090; x_wconf 83' lang='grc' dir='ltr'>θεῖον</span> <span class='ocrx_word' id='word_1_105' title='bbox 539 2031 643 2090; x_wconf 92' lang='grc' dir='ltr'>δίκαια·</span> <span class='ocrx_word' id='word_1_106' title='bbox 658 2031 675 2101; x_wconf 74' lang='grc' dir='ltr'>ἢ</span> <span class='ocrx_word' id='word_1_107' title='bbox 697 2031 760 2111; x_wconf 76' lang='grc' dir='ltr'>ὀρθή</span> <span class='ocrx_word' id='word_1_108' title='bbox 777 2025 911 2104; x_wconf 75' lang='grc' dir='ltr'>ἐπιστήμη</span> 
     </span>
     <span class='ocr_line' id='line_1_20' title="bbox 125 2118 870 2204; baseline 0.008 -24"><span class='ocrx_word' id='word_1_109' title='bbox 125 2120 185 2200; x_wconf 84' lang='grc' dir='ltr'>περί</span> <span class='ocrx_word' id='word_1_110' title='bbox 203 2125 261 2180; x_wconf 92' lang='grc' dir='ltr'>θεοῦ</span> <span class='ocrx_word' id='word_1_111' title='bbox 275 2126 366 2198; x_wconf 77' lang='grc' dir='ltr'>τιμῆς·</span> <span class='ocrx_word' id='word_1_112' title='bbox 380 2125 398 2192; x_wconf 80' lang='grc' dir='ltr'>ἡ</span> <span class='ocrx_word' id='word_1_113' title='bbox 414 2118 480 2192; x_wconf 81' lang='grc' dir='ltr'>αὐτὴ</span> <span class='ocrx_word' id='word_1_114' title='bbox 494 2119 576 2180; x_wconf 80' lang='grc' dir='ltr'>δὲκαὶ</span> <span class='ocrx_word' id='word_1_115' title='bbox 590 2123 740 2197; x_wconf 83' lang='grc' dir='ltr'>δικαιοσύνη</span> <span class='ocrx_word' id='word_1_116' title='bbox 755 2123 870 2204; x_wconf 89' lang='grc' dir='ltr'>λέγεται.</span> 
     </span>
    </p>

    <p class='ocr_par' dir='ltr' id='par_1_12' title="bbox 127 2207 912 2360">
     <span class='ocr_line' id='line_1_21' title="bbox 167 2207 912 2295; baseline 0 -26"><span class='ocrx_word' id='word_1_117' title='bbox 167 2209 366 2278; x_wconf 78' lang='grc' dir='ltr'>Εύσυναλλαξία</span> <span class='ocrx_word' id='word_1_118' title='bbox 382 2207 409 2269; x_wconf 81' lang='grc' dir='ltr'>δέ</span> <span class='ocrx_word' id='word_1_119' title='bbox 434 2209 483 2278; x_wconf 74' lang='grc' dir='ltr'>ἐἘις</span> <span class='ocrx_word' id='word_1_120' title='bbox 503 2213 530 2270; x_wconf 83' lang='grc' dir='ltr'><strong>ἐν</strong></span> <span class='ocrx_word' id='word_1_121' title='bbox 555 2212 731 2293; x_wconf 83' lang='grc' dir='ltr'>συναλλαγαῖς</span> <span class='ocrx_word' id='word_1_122' title='bbox 747 2211 912 2295; x_wconf 79' lang='grc' dir='ltr'>φυλάττουσα</span> 
     </span>
     <span class='ocr_line' id='line_1_22' title="bbox 127 2295 283 2360; baseline 0.026 -4"><span class='ocrx_word' id='word_1_123' title='bbox 127 2295 158 2356; x_wconf 81' lang='grc' dir='ltr'><strong>τό</strong></span> <span class='ocrx_word' id='word_1_124' title='bbox 171 2297 283 2360; x_wconf 89' lang='grc' dir='ltr'>δίκαιον.</span> 
     </span>
    </p>

    <p class='ocr_par' dir='ltr' id='par_1_13' title="bbox 127 2386 914 2558">
     <span class='ocr_line' id='line_1_23' title="bbox 170 2386 914 2468; baseline -0.005 -18"><span class='ocrx_word' id='word_1_125' title='bbox 170 2386 336 2464; x_wconf 83' lang='grc' dir='ltr'>Νομοθετική</span> <span class='ocrx_word' id='word_1_126' title='bbox 359 2387 386 2446; x_wconf 88' lang='grc' dir='ltr'>δέ</span> <span class='ocrx_word' id='word_1_127' title='bbox 413 2386 548 2463; x_wconf 85' lang='grc' dir='ltr'>ἐπιστήμη</span> <span class='ocrx_word' id='word_1_128' title='bbox 567 2387 754 2468; x_wconf 71' lang='grc' dir='ltr'>διαταγμάτων</span> <span class='ocrx_word' id='word_1_129' title='bbox 771 2390 914 2449; x_wconf 81' lang='grc' dir='ltr'>πολιτικῶν</span> 
     </span>
     <span class='ocr_line' id='line_1_24' title="bbox 127 2474 579 2558; baseline 0.002 -22"><span class='ocrx_word' id='word_1_130' title='bbox 127 2477 192 2558; x_wconf 82' lang='grc' dir='ltr'>πρὸς</span> <span class='ocrx_word' id='word_1_131' title='bbox 207 2475 346 2538; x_wconf 78' lang='grc' dir='ltr'>κοινωνίαν</span> <span class='ocrx_word' id='word_1_132' title='bbox 363 2474 579 2556; x_wconf 86' lang='grc' dir='ltr'>ἀναφερομένων.</span> 
     </span>
    </p>

    <p class='ocr_par' dir='ltr' id='par_1_14' title="bbox 127 2554 914 2912">
     <span class='ocr_line' id='line_1_25' title="bbox 168 2554 913 2646; baseline -0.009 -19"><span class='ocrx_word' id='word_1_133' title='bbox 168 2563 290 2646; x_wconf 79' lang='grc' dir='ltr'>Ἐργαδέ</span> <span class='ocrx_word' id='word_1_134' title='bbox 303 2561 472 2634; x_wconf 88' lang='grc' dir='ltr'>δικαιοσύνης</span> <span class='ocrx_word' id='word_1_135' title='bbox 485 2561 706 2642; x_wconf 86' lang='grc' dir='ltr'>τδδιανεμητικθν</span> <span class='ocrx_word' id='word_1_136' title='bbox 717 2554 785 2624; x_wconf 75' lang='grc' dir='ltr'>εἶναι</span> <span class='ocrx_word' id='word_1_137' title='bbox 794 2567 840 2623; x_wconf 90' lang='grc' dir='ltr'><strong>τοῦ</strong></span> <span class='ocrx_word' id='word_1_138' title='bbox 853 2565 913 2623; x_wconf 86' lang='grc' dir='ltr'>κατ’</span> 
     </span>
     <span class='ocr_line' id='line_1_26' title="bbox 128 2648 914 2730; baseline -0.004 -19"><span class='ocrx_word' id='word_1_139' title='bbox 128 2651 212 2726; x_wconf 77' lang='grc' dir='ltr'>ἀξίαν,</span> <span class='ocrx_word' id='word_1_140' title='bbox 234 2651 264 2712; x_wconf 81' lang='lat' dir='ltr'><strong>ab</strong></span> <span class='ocrx_word' id='word_1_141' title='bbox 288 2651 380 2722; x_wconf 83' lang='grc' dir='ltr'>σώζειν</span> <span class='ocrx_word' id='word_1_142' title='bbox 397 2649 430 2711; x_wconf 87' lang='grc' dir='ltr'><strong>τδι</strong></span> <span class='ocrx_word' id='word_1_143' title='bbox 445 2649 544 2730; x_wconf 90' lang='grc' dir='ltr'>πάτρια</span> <span class='ocrx_word' id='word_1_144' title='bbox 559 2649 621 2722; x_wconf 86' lang='grc' dir='ltr'>ἔθη,</span> <span class='ocrx_word' id='word_1_145' title='bbox 633 2648 664 2710; x_wconf 87' lang='grc' dir='ltr'><strong>τθ</strong></span> <span class='ocrx_word' id='word_1_146' title='bbox 678 2649 769 2722; x_wconf 85' lang='grc' dir='ltr'>σώζειν</span> <span class='ocrx_word' id='word_1_147' title='bbox 781 2650 839 2718; x_wconf 82' lang='grc' dir='ltr'>τοὺς</span> <span class='ocrx_word' id='word_1_148' title='bbox 857 2653 914 2710; x_wconf 84' lang='grc' dir='ltr'>ἐπι-</span> 
     </span>
     <span class='ocr_line' id='line_1_27' title="bbox 127 2738 913 2822; baseline -0.003 -21"><span class='ocrx_word' id='word_1_149' title='bbox 127 2739 327 2822; x_wconf 75' lang='grc' dir='ltr'>γεγραμμένους</span> <span class='ocrx_word' id='word_1_150' title='bbox 343 2741 454 2818; x_wconf 90' lang='grc' dir='ltr'>νόμους,</span> <span class='ocrx_word' id='word_1_151' title='bbox 466 2739 495 2797; x_wconf 81' lang='grc' dir='ltr'><strong>τὸ</strong></span> <span class='ocrx_word' id='word_1_152' title='bbox 508 2738 643 2806; x_wconf 83' lang='grc' dir='ltr'>ἀληθεύειν</span> <span class='ocrx_word' id='word_1_153' title='bbox 660 2743 686 2800; x_wconf 82' lang='grc' dir='ltr'><strong>ἐν</strong></span> <span class='ocrx_word' id='word_1_154' title='bbox 697 2743 734 2822; x_wconf 81' lang='grc' dir='ltr'><strong>τῷ</strong></span> <span class='ocrx_word' id='word_1_155' title='bbox 749 2739 913 2820; x_wconf 87' lang='grc' dir='ltr'>διαφέροντι,</span> 
     </span>
     <span class='ocr_line' id='line_1_28' title="bbox 128 2829 584 2912; baseline -0.002 -21"><span class='ocrx_word' id='word_1_156' title='bbox 128 2832 158 2891; x_wconf 85' lang='grc' dir='ltr'><strong>τὸ</strong></span> <span class='ocrx_word' id='word_1_157' title='bbox 173 2831 357 2912; x_wconf 88' lang='grc' dir='ltr'>διαφυλάττειν</span> <span class='ocrx_word' id='word_1_158' title='bbox 372 2830 418 2897; x_wconf 83' lang='grc' dir='ltr'><strong>τθς</strong></span> <span class='ocrx_word' id='word_1_159' title='bbox 433 2829 584 2908; x_wconf 82' lang='grc' dir='ltr'>ὁμολογίας.</span> 
     </span>
    </p>

    <p class='ocr_par' dir='ltr' id='par_1_15' title="bbox 128 2915 915 3265">
     <span class='ocr_line' id='line_1_29' title="bbox 166 2915 912 3000; baseline -0.007 -20"><span class='ocrx_word' id='word_1_160' title='bbox 166 2917 248 2980; x_wconf 83' lang='grc' dir='ltr'>Ἔστι</span> <span class='ocrx_word' id='word_1_161' title='bbox 259 2920 286 2979; x_wconf 83' lang='grc' dir='ltr'><strong>δὲ</strong></span> <span class='ocrx_word' id='word_1_162' title='bbox 309 2923 415 3000; x_wconf 80' lang='grc' dir='ltr'>’πρῶτον</span> <span class='ocrx_word' id='word_1_163' title='bbox 437 2922 490 2977; x_wconf 87' lang='grc' dir='ltr'><strong>τῶν</strong></span> <span class='ocrx_word' id='word_1_164' title='bbox 513 2915 621 2978; x_wconf 87' lang='grc' dir='ltr'>δικαίων</span> <span class='ocrx_word' id='word_1_165' title='bbox 647 2917 680 2976; x_wconf 67' lang='lat' dir='ltr'><strong>ab</strong></span> <span class='ocrx_word' id='word_1_166' title='bbox 694 2917 758 2999; x_wconf 79' lang='grc' dir='ltr'>πρὸς</span> <span class='ocrx_word' id='word_1_167' title='bbox 777 2917 821 2978; x_wconf 85' lang='grc' dir='ltr'><strong>τθν</strong></span> <span class='ocrx_word' id='word_1_168' title='bbox 841 2916 912 2976; x_wconf 87' lang='grc' dir='ltr'>θεόν·</span> 
     </span>
     <span class='ocr_line' id='line_1_30' title="bbox 128 2995 914 3088; baseline -0.004 -21"><span class='ocrx_word' id='word_1_169' title='bbox 128 2999 184 3067; x_wconf 75' lang='grc' dir='ltr'>εἶτα</span> <span class='ocrx_word' id='word_1_170' title='bbox 200 3008 233 3066; x_wconf 78' lang='grc' dir='ltr'><strong>τά</strong></span> <span class='ocrx_word' id='word_1_171' title='bbox 245 3006 309 3088; x_wconf 77' lang='grc' dir='ltr'>πρὸς</span> <span class='ocrx_word' id='word_1_172' title='bbox 327 3008 455 3087; x_wconf 89' lang='grc' dir='ltr'>πατρίδας</span> <span class='ocrx_word' id='word_1_173' title='bbox 479 3005 524 3065; x_wconf 82' lang='grc' dir='ltr'><strong>καί</strong></span> <span class='ocrx_word' id='word_1_174' title='bbox 532 3014 632 3084; x_wconf 87' lang='grc' dir='ltr'>γονεῖς·</span> <span class='ocrx_word' id='word_1_175' title='bbox 655 2995 712 3066; x_wconf 74' lang='grc' dir='ltr'>εἶτα</span> <span class='ocrx_word' id='word_1_176' title='bbox 729 3005 762 3066; x_wconf 86' lang='grc' dir='ltr'><strong>τθι</strong></span> <span class='ocrx_word' id='word_1_177' title='bbox 777 3005 841 3085; x_wconf 76' lang='grc' dir='ltr'>πρὸς</span> <span class='ocrx_word' id='word_1_178' title='bbox 854 3004 914 3075; x_wconf 83' lang='grc' dir='ltr'>τοῦς</span> 
     </span>
     <span class='ocr_line' id='line_1_31' title="bbox 129 3085 915 3176; baseline -0.005 -20"><span class='ocrx_word' id='word_1_179' title='bbox 129 3095 341 3176; x_wconf 87' lang='grc' dir='ltr'>κατοιχομένους.</span> <span class='ocrx_word' id='word_1_180' title='bbox 358 3095 404 3157; x_wconf 83' lang='grc' dir='ltr'><strong>Ἐν</strong></span> <span class='ocrx_word' id='word_1_181' title='bbox 419 3085 456 3163; x_wconf 78' lang='grc' dir='ltr'><strong>οἷς</strong></span> <span class='ocrx_word' id='word_1_182' title='bbox 480 3094 557 3166; x_wconf 82' lang='grc' dir='ltr'>καὶὴ</span> <span class='ocrx_word' id='word_1_183' title='bbox 579 3092 711 3170; x_wconf 80' lang='grc' dir='ltr'>εὒσέόεια,</span> <span class='ocrx_word' id='word_1_184' title='bbox 726 3095 743 3168; x_wconf 81' lang='grc' dir='ltr'>ἢ</span> <span class='ocrx_word' id='word_1_185' title='bbox 758 3095 835 3175; x_wconf 86' lang='grc' dir='ltr'>μέρος</span> <span class='ocrx_word' id='word_1_186' title='bbox 849 3086 915 3155; x_wconf 84' lang='grc' dir='ltr'>οῦσοι</span> 
     </span>
     <span class='ocr_line' id='line_1_32' title="bbox 129 3183 592 3265; baseline -0.002 -20"><span class='ocrx_word' id='word_1_187' title='bbox 129 3183 303 3260; x_wconf 86' lang='grc' dir='ltr'>δικαιοσύνης,</span> <span class='ocrx_word' id='word_1_188' title='bbox 314 3183 332 3256; x_wconf 77' lang='grc' dir='ltr'>ἢ</span> <span class='ocrx_word' id='word_1_189' title='bbox 346 3185 592 3265; x_wconf 80' lang='grc' dir='ltr'>παρακολουθοῦσα.</span> 
     </span>
    </p>

    <p class='ocr_par' dir='ltr' id='par_1_16' title="bbox 129 3270 914 3440">
     <span class='ocr_line' id='line_1_33' title="bbox 170 3270 914 3355; baseline -0.007 -21"><span class='ocrx_word' id='word_1_190' title='bbox 170 3273 320 3334; x_wconf 77' lang='grc' dir='ltr'>Ἀκολουθεῖ</span> <span class='ocrx_word' id='word_1_191' title='bbox 330 3272 358 3333; x_wconf 82' lang='grc' dir='ltr'><strong>δὲ</strong></span> <span class='ocrx_word' id='word_1_192' title='bbox 372 3297 405 3352; x_wconf 90' lang='grc' dir='ltr'><strong>τη</strong></span> <span class='ocrx_word' id='word_1_193' title='bbox 423 3272 575 3350; x_wconf 85' lang='grc' dir='ltr'>δικαιοσύνη</span> <span class='ocrx_word' id='word_1_194' title='bbox 591 3270 636 3332; x_wconf 82' lang='grc' dir='ltr'><strong>καί</strong></span> <span class='ocrx_word' id='word_1_195' title='bbox 651 3270 830 3355; x_wconf 53' lang='lat' dir='ltr'><strong>baldramni</strong></span> <span class='ocrx_word' id='word_1_196' title='bbox 846 3270 914 3344; x_wconf 84' lang='grc' dir='ltr'>ἀλή-</span> 
     </span>
     <span class='ocr_line' id='line_1_34' title="bbox 129 3357 632 3440; baseline -0.008 -18"><span class='ocrx_word' id='word_1_197' title='bbox 129 3371 199 3435; x_wconf 88' lang='grc' dir='ltr'>θεια,</span> <span class='ocrx_word' id='word_1_198' title='bbox 214 3361 258 3421; x_wconf 85' lang='grc' dir='ltr'><strong>καί</strong></span> <span class='ocrx_word' id='word_1_199' title='bbox 270 3361 369 3437; x_wconf 85' lang='grc' dir='ltr'>πίστις,</span> <span class='ocrx_word' id='word_1_200' title='bbox 385 3361 431 3420; x_wconf 81' lang='grc' dir='ltr'>καὶ</span> <span class='ocrx_word' id='word_1_201' title='bbox 446 3357 632 3440; x_wconf 90' lang='grc' dir='ltr'>μισοπονηρία.</span> 
     </span>
    </p>

    <p class='ocr_par' dir='ltr' id='par_1_17' title="bbox 129 3447 913 3606">
     <span class='ocr_line' id='line_1_35' title="bbox 169 3447 913 3530; baseline -0.005 -20"><span class='ocrx_word' id='word_1_202' title='bbox 169 3449 247 3510; x_wconf 84' lang='grc' dir='ltr'>Ἔστι</span> <span class='ocrx_word' id='word_1_203' title='bbox 259 3447 286 3509; x_wconf 80' lang='grc' dir='ltr'><strong>δέ</strong></span> <span class='ocrx_word' id='word_1_204' title='bbox 301 3450 388 3520; x_wconf 86' lang='grc' dir='ltr'>πίστις</span> <span class='ocrx_word' id='word_1_205' title='bbox 398 3455 415 3523; x_wconf 79' lang='grc' dir='ltr'>ἡ</span> <span class='ocrx_word' id='word_1_206' title='bbox 427 3452 463 3516; x_wconf 79' lang='grc' dir='ltr'>ὡς</span> <span class='ocrx_word' id='word_1_207' title='bbox 471 3451 564 3522; x_wconf 80' lang='grc' dir='ltr'>ἀληθεῖ</span> <span class='ocrx_word' id='word_1_208' title='bbox 577 3451 616 3530; x_wconf 81' lang='grc' dir='ltr'><strong>τῷ</strong></span> <span class='ocrx_word' id='word_1_209' title='bbox 625 3447 766 3529; x_wconf 85' lang='grc' dir='ltr'>γνωσθέντι</span> <span class='ocrx_word' id='word_1_210' title='bbox 783 3448 913 3526; x_wconf 86' lang='grc' dir='ltr'>συγκατά·</span> 
     </span>
     <span class='ocr_line' id='line_1_36' title="bbox 129 3539 232 3606; baseline -0.058 -6"><span class='ocrx_word' id='word_1_211' title='bbox 129 3539 232 3606; x_wconf 86' lang='grc' dir='ltr'>θεσις*.</span> 
     </span>
    </p>

    <p class='ocr_par' dir='ltr' id='par_1_18' title="bbox 130 3624 916 3776">
     <span class='ocr_line' id='line_1_37' title="bbox 171 3624 916 3706; baseline 0 -22"><span class='ocrx_word' id='word_1_212' title='bbox 171 3631 179 3703; x_wconf 71' lang='lat' dir='ltr'><strong>i</strong></span> <span class='ocrx_word' id='word_1_213' title='bbox 199 3627 310 3704; x_wconf 79' lang='lat' dir='ltr'><strong>Scripsi</strong></span> <span class='ocrx_word' id='word_1_214' title='bbox 328 3626 362 3684; x_wconf 67' lang='grc' dir='ltr'>τ*</span> <span class='ocrx_word' id='word_1_215' title='bbox 380 3624 570 3703; x_wconf 88' lang='grc' dir='ltr'>συγκατάθεσις</span> <span class='ocrx_word' id='word_1_216' title='bbox 588 3627 598 3702; x_wconf 90' lang='grc'><strong>]</strong></span> <span class='ocrx_word' id='word_1_217' title='bbox 623 3627 710 3689; x_wconf 90' lang='lat' dir='ltr'><strong>codd.</strong></span> <span class='ocrx_word' id='word_1_218' title='bbox 748 3627 916 3706; x_wconf 85' lang='grc' dir='ltr'>συκαγτάθε-</span> 
     </span>
     <span class='ocr_line' id='line_1_38' title="bbox 130 3731 227 3776; baseline -0.01 -10"><span class='ocrx_word' id='word_1_219' title='bbox 130 3731 227 3776; x_wconf 84' lang='grc' dir='ltr'>αις.-</span> 
     </span>
    </p>

    <p class='ocr_par' dir='ltr' id='par_1_19' title="bbox 232 3706 675 3865">
     <span class='ocr_line' id='line_1_39' title="bbox 232 3706 675 3865; baseline 0 -19"><span class='ocrx_word' id='word_1_220' title='bbox 232 3706 246 3784; x_wconf 71' lang='lat'><em>)</em></span> <span class='ocrx_word' id='word_1_221' title='bbox 352 3784 418 3864; x_wconf 76' lang='grc' dir='ltr'>Περὶ</span> <span class='ocrx_word' id='word_1_222' title='bbox 434 3783 643 3865; x_wconf 81' lang='grc' dir='ltr'>ἐλευθεριότητος</span> <span class='ocrx_word' id='word_1_223' title='bbox 652 3791 675 3846; x_wconf 77' lang='lat'><strong>⁸.</strong></span> 
     </span>
    </p>

    <p class='ocr_par' dir='ltr' id='par_1_20' title="bbox 94 3871 918 4032">
     <span class='ocr_line' id='line_1_40' title="bbox 171 3871 918 3954; baseline -0.005 -16"><span class='ocrx_word' id='word_1_224' title='bbox 171 3874 388 3954; x_wconf 65' lang='grc' dir='ltr'>Ἐλιυθιριότηςθ</span> <span class='ocrx_word' id='word_1_225' title='bbox 404 3872 433 3932; x_wconf 84' lang='grc' dir='ltr'><strong>δέ</strong></span> <span class='ocrx_word' id='word_1_226' title='bbox 459 3875 529 3932; x_wconf 79' lang='grc' dir='ltr'>ἐστιν</span> <span class='ocrx_word' id='word_1_227' title='bbox 560 3872 641 3952; x_wconf 81' lang='grc' dir='ltr'>ἀρετ-λ</span> <span class='ocrx_word' id='word_1_228' title='bbox 663 3875 750 3954; x_wconf 76' lang='grc' dir='ltr'>ψυχῆς</span> <span class='ocrx_word' id='word_1_229' title='bbox 767 3871 918 3950; x_wconf 78' lang='grc' dir='ltr'>εὐδαίμονος</span> 
     </span>
     <span class='ocr_line' id='line_1_41' title="bbox 94 3965 341 4032; baseline -0.012 -7"><span class='ocrx_word' id='word_1_230' title='bbox 94 3987 98 3994; x_wconf 82' lang='grc'><strong>’</strong></span> <span class='ocrx_word' id='word_1_231' title='bbox 131 3965 308 4030; x_wconf 83' lang='grc' dir='ltr'>εἰςτθικαλά.</span> <span class='ocrx_word' id='word_1_232' title='bbox 340 4029 341 4032; x_wconf 10' lang='lat'>¹</span> 
     </span>
    </p>

    <p class='ocr_par' dir='ltr' id='par_1_21' title="bbox 130 4039 917 4396">
     <span class='ocr_line' id='line_1_42' title="bbox 171 4039 917 4135; baseline -0.008 -21"><span class='ocrx_word' id='word_1_233' title='bbox 171 4053 259 4135; x_wconf 82' lang='grc' dir='ltr'>Ἔργα</span> <span class='ocrx_word' id='word_1_234' title='bbox 272 4052 300 4112; x_wconf 91' lang='grc' dir='ltr'>δέ</span> <span class='ocrx_word' id='word_1_235' title='bbox 313 4055 393 4124; x_wconf 83' lang='grc' dir='ltr'>αὐτῆς</span> <span class='ocrx_word' id='word_1_236' title='bbox 407 4051 437 4110; x_wconf 84' lang='grc' dir='ltr'><strong>τό</strong></span> <span class='ocrx_word' id='word_1_237' title='bbox 448 4049 606 4130; x_wconf 85' lang='grc' dir='ltr'>παρεκτικθν</span> <span class='ocrx_word' id='word_1_238' title='bbox 617 4039 683 4109; x_wconf 70' lang='grc' dir='ltr'>εἶναι</span> <span class='ocrx_word' id='word_1_239' title='bbox 697 4049 843 4130; x_wconf 89' lang='grc' dir='ltr'>χρημάτων</span> <span class='ocrx_word' id='word_1_240' title='bbox 853 4051 917 4131; x_wconf 81' lang='grc' dir='ltr'>πρὸς</span> 
     </span>
     <span class='ocr_line' id='line_1_43' title="bbox 130 4137 916 4220; baseline -0.003 -20"><span class='ocrx_word' id='word_1_241' title='bbox 130 4143 164 4200; x_wconf 85' lang='grc' dir='ltr'><strong>τθι</strong></span> <span class='ocrx_word' id='word_1_242' title='bbox 175 4141 312 4212; x_wconf 83' lang='grc' dir='ltr'>ἐπαινετά,</span> <span class='ocrx_word' id='word_1_243' title='bbox 330 4141 359 4200; x_wconf 83' lang='grc' dir='ltr'><strong>τό</strong></span> <span class='ocrx_word' id='word_1_244' title='bbox 372 4138 559 4218; x_wconf 80' lang='grc' dir='ltr'>δαψιλεύεσθαι</span> <span class='ocrx_word' id='word_1_245' title='bbox 580 4139 624 4198; x_wconf 82' lang='grc' dir='ltr'><strong>ἐπὶ</strong></span> <span class='ocrx_word' id='word_1_246' title='bbox 638 4142 676 4220; x_wconf 82' lang='grc' dir='ltr'><strong>τῷ</strong></span> <span class='ocrx_word' id='word_1_247' title='bbox 691 4141 727 4207; x_wconf 88' lang='grc' dir='ltr'><strong>είς</strong></span> <span class='ocrx_word' id='word_1_248' title='bbox 742 4137 834 4200; x_wconf 88' lang='grc' dir='ltr'>δέοντα</span> <span class='ocrx_word' id='word_1_249' title='bbox 851 4144 916 4198; x_wconf 91' lang='grc' dir='ltr'>ἀνα-</span> 
     </span>
     <span class='ocr_line' id='line_1_44' title="bbox 132 4219 917 4310; baseline -0.004 -22"><span class='ocrx_word' id='word_1_250' title='bbox 132 4233 263 4302; x_wconf 77' lang='grc' dir='ltr'>λωθῆναι,</span> <span class='ocrx_word' id='word_1_251' title='bbox 280 4229 325 4287; x_wconf 86' lang='grc' dir='ltr'><strong>καί</strong></span> <span class='ocrx_word' id='word_1_252' title='bbox 340 4229 370 4288; x_wconf 79' lang='grc' dir='ltr'><strong>τὸ</strong></span> <span class='ocrx_word' id='word_1_253' title='bbox 385 4228 474 4298; x_wconf 84' lang='grc' dir='ltr'>ήθικὸν</span> <span class='ocrx_word' id='word_1_254' title='bbox 496 4219 563 4286; x_wconf 74' lang='grc' dir='ltr'>εἶναι</span> <span class='ocrx_word' id='word_1_255' title='bbox 578 4230 605 4288; x_wconf 83' lang='grc' dir='ltr'><strong>ἐν</strong></span> <span class='ocrx_word' id='word_1_256' title='bbox 620 4231 657 4309; x_wconf 80' lang='grc' dir='ltr'><strong>τῷ</strong></span> <span class='ocrx_word' id='word_1_257' title='bbox 674 4227 789 4310; x_wconf 82' lang='grc' dir='ltr'>διαφόρῳ</span> <span class='ocrx_word' id='word_1_258' title='bbox 809 4225 854 4286; x_wconf 78' lang='grc' dir='ltr'><strong>καί</strong></span> <span class='ocrx_word' id='word_1_259' title='bbox 874 4251 917 4308; x_wconf 92' lang='grc' dir='ltr'><strong>φι-</strong></span> 
     </span>
     <span class='ocr_line' id='line_1_45' title="bbox 133 4314 731 4396; baseline 0 -20"><span class='ocrx_word' id='word_1_260' title='bbox 133 4317 286 4396; x_wconf 83' lang='grc' dir='ltr'>λάνθρωπον</span> <span class='ocrx_word' id='word_1_261' title='bbox 295 4363 302 4388; x_wconf 92' lang='grc'><strong>,</strong></span> <span class='ocrx_word' id='word_1_262' title='bbox 312 4315 357 4375; x_wconf 85' lang='grc' dir='ltr'><strong>καί</strong></span> <span class='ocrx_word' id='word_1_263' title='bbox 371 4315 402 4375; x_wconf 82' lang='grc' dir='ltr'><strong>τὸ</strong></span> <span class='ocrx_word' id='word_1_264' title='bbox 418 4316 455 4392; x_wconf 80' lang='grc' dir='ltr'>μὴ</span> <span class='ocrx_word' id='word_1_265' title='bbox 465 4314 558 4375; x_wconf 80' lang='grc' dir='ltr'>λαθεῖν</span> <span class='ocrx_word' id='word_1_266' title='bbox 571 4317 629 4376; x_wconf 83' lang='grc' dir='ltr'>ὅθεν</span> <span class='ocrx_word' id='word_1_267' title='bbox 641 4321 671 4378; x_wconf 84' lang='grc' dir='ltr'><strong>οὗ</strong></span> <span class='ocrx_word' id='word_1_268' title='bbox 684 4319 731 4378; x_wconf 84' lang='grc' dir='ltr'>δεῖ.</span> 
     </span>
    </p>

    <p class='ocr_par' dir='ltr' id='par_1_22' title="bbox 131 4405 916 4574">
     <span class='ocr_line' id='line_1_46' title="bbox 173 4405 916 4487; baseline -0.003 -22"><span class='ocrx_word' id='word_1_269' title='bbox 173 4407 311 4484; x_wconf 76' lang='lat' dir='ltr'><strong>(Scripsi:</strong></span> <span class='ocrx_word' id='word_1_270' title='bbox 326 4415 339 4440; x_wconf 73' lang='lat'>⁸</span> <span class='ocrx_word' id='word_1_271' title='bbox 350 4405 571 4486; x_wconf 86' lang='grc' dir='ltr'>ἐλευθεριότητος]</span> <span class='ocrx_word' id='word_1_272' title='bbox 594 4406 680 4468; x_wconf 89' lang='lat' dir='ltr'><strong>codd.</strong></span> <span class='ocrx_word' id='word_1_273' title='bbox 705 4405 863 4487; x_wconf 82' lang='grc' dir='ltr'>ἐλευθερίας.</span> <span class='ocrx_word' id='word_1_274' title='bbox 877 4439 916 4450; x_wconf 94' lang='grc'>-</span> 
     </span>
     <span class='ocr_line' id='line_1_47' title="bbox 131 4493 677 4574; baseline -0.004 -20"><span class='ocrx_word' id='word_1_275' title='bbox 131 4493 341 4574; x_wconf 63' lang='grc' dir='ltr'>θέλευθεριότης]</span> <span class='ocrx_word' id='word_1_276' title='bbox 358 4494 443 4552; x_wconf 82' lang='lat' dir='ltr'>codd.</span> <span class='ocrx_word' id='word_1_277' title='bbox 461 4493 604 4574; x_wconf 80' lang='grc' dir='ltr'>ἐλευθερία.</span> <span class='ocrx_word' id='word_1_278' title='bbox 616 4495 677 4573; x_wconf 86' lang='grc'><strong>-)</strong></span> 
     </span>
    </p>

    <p class='ocr_par' dir='ltr' id='par_1_23' title="bbox 131 4581 919 4928">
     <span class='ocr_line' id='line_1_48' title="bbox 172 4581 919 4665; baseline -0.001 -22"><span class='ocrx_word' id='word_1_279' title='bbox 172 4583 364 4664; x_wconf 84' lang='grc' dir='ltr'>Μεγαλοψοχία</span> <span class='ocrx_word' id='word_1_280' title='bbox 379 4583 409 4641; x_wconf 90' lang='grc' dir='ltr'><strong>δέ</strong></span> <span class='ocrx_word' id='word_1_281' title='bbox 421 4587 490 4642; x_wconf 83' lang='grc' dir='ltr'>ἐστιν</span> <span class='ocrx_word' id='word_1_282' title='bbox 507 4581 588 4663; x_wconf 80' lang='grc' dir='ltr'>ἀρετ-λ</span> <span class='ocrx_word' id='word_1_283' title='bbox 609 4587 707 4665; x_wconf 78' lang='grc' dir='ltr'>ψυχῆς,</span> <span class='ocrx_word' id='word_1_284' title='bbox 718 4582 777 4643; x_wconf 90' lang='grc' dir='ltr'>καθ’</span> <span class='ocrx_word' id='word_1_285' title='bbox 797 4581 829 4654; x_wconf 81' lang='grc' dir='ltr'><strong>ἢν</strong></span> <span class='ocrx_word' id='word_1_286' title='bbox 845 4581 919 4642; x_wconf 85' lang='grc' dir='ltr'><strong>εῦκό·Ι</strong></span> 
     </span>
     <span class='ocr_line' id='line_1_49' title="bbox 131 4669 917 4752; baseline 0 -24"><span class='ocrx_word' id='word_1_287' title='bbox 131 4675 204 4738; x_wconf 68' lang='lat' dir='ltr'><strong>laer</strong></span> <span class='ocrx_word' id='word_1_288' title='bbox 227 4674 350 4732; x_wconf 89' lang='grc' dir='ltr'>δύνανται</span> <span class='ocrx_word' id='word_1_289' title='bbox 373 4672 457 4752; x_wconf 88' lang='grc' dir='ltr'>φέρειν</span> <span class='ocrx_word' id='word_1_290' title='bbox 481 4671 603 4752; x_wconf 83' lang='grc' dir='ltr'>εὐτυχίαν</span> <span class='ocrx_word' id='word_1_291' title='bbox 619 4672 665 4732; x_wconf 86' lang='grc' dir='ltr'><strong>καί</strong></span> <span class='ocrx_word' id='word_1_292' title='bbox 689 4669 816 4751; x_wconf 83' lang='grc' dir='ltr'>ἀτυχίαν,</span> <span class='ocrx_word' id='word_1_293' title='bbox 837 4669 917 4746; x_wconf 75' lang='grc' dir='ltr'>τιμήν</span> 
     </span>
     <span class='ocr_line' id='line_1_50' title="bbox 131 4760 918 4842; baseline -0.001 -23"><span class='ocrx_word' id='word_1_294' title='bbox 131 4760 177 4819; x_wconf 86' lang='grc' dir='ltr'><strong>καί</strong></span> <span class='ocrx_word' id='word_1_295' title='bbox 200 4761 319 4838; x_wconf 88' lang='grc' dir='ltr'>ἀτιμίαν.</span> <span class='ocrx_word' id='word_1_296' title='bbox 344 4760 491 4820; x_wconf 64' lang='grc' dir='ltr'>’ἀκολουθεῖ</span> <span class='ocrx_word' id='word_1_297' title='bbox 518 4761 595 4842; x_wconf 83' lang='grc' dir='ltr'>δὲτῇ</span> <span class='ocrx_word' id='word_1_298' title='bbox 621 4761 806 4842; x_wconf 70' lang='grc' dir='ltr'>μεγαλοψυχίᾳ</span> <span class='ocrx_word' id='word_1_299' title='bbox 835 4760 918 4819; x_wconf 83' lang='grc' dir='ltr'>ἁπλό-</span> 
     </span>
     <span class='ocr_line' id='line_1_51' title="bbox 132 4848 574 4928; baseline 0.005 -21"><span class='ocrx_word' id='word_1_300' title='bbox 132 4874 177 4922; x_wconf 87' lang='grc' dir='ltr'><strong>της</strong></span> <span class='ocrx_word' id='word_1_301' title='bbox 185 4849 206 4922; x_wconf 75' lang='lat'><strong>¹³,</strong></span> <span class='ocrx_word' id='word_1_302' title='bbox 220 4850 370 4928; x_wconf 87' lang='grc' dir='ltr'>γενναιότης</span> <span class='ocrx_word' id='word_1_303' title='bbox 389 4848 435 4908; x_wconf 86' lang='grc' dir='ltr'><strong>καί</strong></span> <span class='ocrx_word' id='word_1_304' title='bbox 451 4849 574 4922; x_wconf 86' lang='grc' dir='ltr'>ἀλήθεια.</span> 
     </span>
    </p>

    <p class='ocr_par' dir='ltr' id='par_1_24' title="bbox 133 4938 916 5108">
     <span class='ocr_line' id='line_1_52' title="bbox 172 4938 916 5018; baseline -0.004 -20"><span class='ocrx_word' id='word_1_305' title='bbox 172 4939 293 5018; x_wconf 82' lang='lat' dir='ltr'><strong>(Scripsi</strong></span> <span class='ocrx_word' id='word_1_306' title='bbox 312 4949 346 5000; x_wconf 66' lang='grc' dir='ltr'>τ’</span> <span class='ocrx_word' id='word_1_307' title='bbox 370 4938 499 5018; x_wconf 84' lang='grc' dir='ltr'>εὐκόλως]</span> <span class='ocrx_word' id='word_1_308' title='bbox 525 4942 562 5002; x_wconf 85' lang='lat' dir='ltr'><strong>cl.</strong></span> <span class='ocrx_word' id='word_1_309' title='bbox 578 4940 671 5000; x_wconf 68' lang='lat' dir='ltr'><strong>Echio.</strong></span> <span class='ocrx_word' id='word_1_310' title='bbox 692 4941 806 5000; x_wconf 88' lang='lat' dir='ltr'><strong>Nicom.</strong></span> <span class='ocrx_word' id='word_1_311' title='bbox 836 4938 886 4997; x_wconf 90' lang='lat' dir='ltr'><strong>lib.</strong></span> <span class='ocrx_word' id='word_1_312' title='bbox 905 4938 916 4996; x_wconf 94' lang='lat' dir='ltr'><strong>l</strong></span> 
     </span>
     <span class='ocr_line' id='line_1_53' title="bbox 133 5027 916 5108; baseline 0.001 -22"><span class='ocrx_word' id='word_1_313' title='bbox 133 5049 195 5107; x_wconf 83' lang='lat' dir='ltr'><strong>cap.</strong></span> <span class='ocrx_word' id='word_1_314' title='bbox 215 5049 264 5102; x_wconf 78' lang='lat'><strong>1⁰3</strong></span> <span class='ocrx_word' id='word_1_315' title='bbox 279 5028 344 5088; x_wconf 87' lang='lat' dir='ltr'><strong>eod.</strong></span> <span class='ocrx_word' id='word_1_316' title='bbox 360 5033 401 5089; x_wconf 84' lang='grc' dir='ltr'><strong>σθ.</strong></span> <span class='ocrx_word' id='word_1_317' title='bbox 415 5063 455 5075; x_wconf 92' lang='grc'><strong>-</strong></span> <span class='ocrx_word' id='word_1_318' title='bbox 468 5031 479 5066; x_wconf 84' lang='lat' dir='ltr'><strong>b</strong></span> <span class='ocrx_word' id='word_1_319' title='bbox 490 5029 619 5108; x_wconf 82' lang='grc' dir='ltr'>ἁπλότης]</span> <span class='ocrx_word' id='word_1_320' title='bbox 634 5030 720 5090; x_wconf 89' lang='lat' dir='ltr'><strong>codd.</strong></span> <span class='ocrx_word' id='word_1_321' title='bbox 735 5027 916 5104; x_wconf 67' lang='lat' dir='ltr'><strong>talaria-i</strong></span> 
     </span>
    </p>

    <p class='ocr_par' dir='ltr' id='par_1_25' title="bbox 289 5107 662 5189">
     <span class='ocr_line' id='line_1_54' title="bbox 289 5107 662 5189; baseline 0.003 -19"><span class='ocrx_word' id='word_1_322' title='bbox 289 5123 300 5131; x_wconf 82' lang='lat'>&#39;</span> <span class='ocrx_word' id='word_1_323' title='bbox 396 5107 474 5170; x_wconf 84' lang='grc' dir='ltr'>Κατόι</span> <span class='ocrx_word' id='word_1_324' title='bbox 496 5110 662 5189; x_wconf 79' lang='grc' dir='ltr'>Χρύσιππον.</span> 
     </span>
    </p>
   </div>
   <div class='ocr_carea' id='block_1_3' title="bbox 134 5188 917 5332">
    <p class='ocr_par' dir='ltr' id='par_1_26' title="bbox 134 5188 917 5332">
     <span class='ocr_line' id='line_1_55' title="bbox 134 5188 917 5327; baseline -0.005 -78"><span class='ocrx_word' id='word_1_325' title='bbox 134 5267 155 5327; x_wconf 48' lang='grc' dir='ltr'><strong>δ’</strong></span> <span class='ocrx_word' id='word_1_326' title='bbox 174 5188 308 5292; x_wconf 47' lang='grc' dir='ltr'>(φρόνησίς</span> <span class='ocrx_word' id='word_1_327' title='bbox 326 5190 397 5248; x_wconf 87' lang='grc' dir='ltr'>ἐστιν</span> <span class='ocrx_word' id='word_1_328' title='bbox 413 5189 548 5268; x_wconf 83' lang='grc' dir='ltr'>ἐπιστήμη</span> <span class='ocrx_word' id='word_1_329' title='bbox 561 5196 605 5249; x_wconf 91' lang='grc' dir='ltr'><strong>τοῦ</strong></span> <span class='ocrx_word' id='word_1_330' title='bbox 622 5198 685 5251; x_wconf 86' lang='grc' dir='ltr'>ποῖα</span> <span class='ocrx_word' id='word_1_331' title='bbox 701 5191 739 5250; x_wconf 88' lang='grc' dir='ltr'><strong>δεῖ</strong></span> <span class='ocrx_word' id='word_1_332' title='bbox 752 5200 845 5264; x_wconf 88' lang='grc' dir='ltr'>ποιεῖν,</span> <span class='ocrx_word' id='word_1_333' title='bbox 855 5196 917 5248; x_wconf 91' lang='grc' dir='ltr'>ποῖα</span> 
     </span>
     <span class='ocr_line' id='line_1_56' title="bbox 169 5291 209 5332; baseline 0.1 -5"><span class='ocrx_word' id='word_1_334' title='bbox 169 5291 209 5332; x_wconf 92' lang='grc' dir='ltr'><strong>ου.</strong></span> 
     </span>
    </p>
   </div>
   <div class='ocr_carea' id='block_1_4' title="bbox 230 5415 473 5455">
    <p class='ocr_par' dir='ltr' id='par_1_27' title="bbox 230 5415 473 5455">
     <span class='ocr_line' id='line_1_57' title="bbox 230 5415 473 5455; baseline -0.008 -1"><span class='ocrx_word' id='word_1_335' title='bbox 230 5416 325 5455; x_wconf 69' lang='lat' dir='ltr'><strong>Pullos</strong></span> <span class='ocrx_word' id='word_1_336' title='bbox 341 5415 420 5454; x_wconf 66' lang='lat' dir='ltr'><strong>(im.</strong></span> <span class='ocrx_word' id='word_1_337' title='bbox 438 5415 473 5453; x_wconf 87' lang='lat' dir='ltr'><strong>lli.</strong></span> 
     </span>
    </p>
   </div>
   <div class='ocr_carea' id='block_1_5' title="bbox 1686 396 1745 453">
    <p class='ocr_par' dir='ltr' id='par_1_28' title="bbox 1686 396 1745 453">
     <span class='ocr_line' id='line_1_58' title="bbox 1686 396 1745 453; baseline -0.017 0"><span class='ocrx_word' id='word_1_338' title='bbox 1686 396 1745 453; x_wconf 81' lang='lat'><strong>577</strong></span> 
     </span>
    </p>
   </div>
   <div class='ocr_carea' id='block_1_6' title="bbox 957 517 1745 957">
    <p class='ocr_par' dir='ltr' id='par_1_29' title="bbox 957 517 1745 957">
     <span class='ocr_line' id='line_1_59' title="bbox 991 517 1744 588; baseline 0.011 -21"><span class='ocrx_word' id='word_1_339' title='bbox 991 519 1035 568; x_wconf 78' lang='lat' dir='ltr'><strong>list</strong></span> <span class='ocrx_word' id='word_1_340' title='bbox 1047 521 1130 568; x_wconf 89' lang='lat' dir='ltr'><strong>autem</strong></span> <span class='ocrx_word' id='word_1_341' title='bbox 1148 517 1254 582; x_wconf 83' lang='lat' dir='ltr'><strong>justitiae</strong></span> <span class='ocrx_word' id='word_1_342' title='bbox 1266 519 1397 584; x_wconf 88' lang='lat' dir='ltr'><strong>proprium</strong></span> <span class='ocrx_word' id='word_1_343' title='bbox 1415 519 1551 588; x_wconf 85' lang='lat' dir='ltr'><strong>unicuique</strong></span> <span class='ocrx_word' id='word_1_344' title='bbox 1564 523 1675 574; x_wconf 87' lang='lat' dir='ltr'><strong>tribuere</strong></span> <span class='ocrx_word' id='word_1_345' title='bbox 1692 525 1744 584; x_wconf 88' lang='lat' dir='ltr'><strong>illa,</strong></span> 
     </span>
     <span class='ocr_line' id='line_1_60' title="bbox 961 607 1745 676; baseline 0.013 -21"><span class='ocrx_word' id='word_1_346' title='bbox 961 620 1068 672; x_wconf 83' lang='lat' dir='ltr'><strong>quorum</strong></span> <span class='ocrx_word' id='word_1_347' title='bbox 1087 607 1158 656; x_wconf 88' lang='lat' dir='ltr'><strong>initia</strong></span> <span class='ocrx_word' id='word_1_348' title='bbox 1176 611 1202 658; x_wconf 90' lang='lat' dir='ltr'><strong>ct</strong></span> <span class='ocrx_word' id='word_1_349' title='bbox 1217 621 1305 659; x_wconf 77' lang='lat' dir='ltr'><strong>causas</strong></span> <span class='ocrx_word' id='word_1_350' title='bbox 1320 613 1475 674; x_wconf 79' lang='lat' dir='ltr'><strong>antegressas</strong></span> <span class='ocrx_word' id='word_1_351' title='bbox 1492 612 1565 676; x_wconf 91' lang='lat' dir='ltr'><strong>quasi</strong></span> <span class='ocrx_word' id='word_1_352' title='bbox 1582 611 1745 664; x_wconf 85' lang='lat' dir='ltr'><strong>fundamenta</strong></span> 
     </span>
     <span class='ocr_line' id='line_1_61' title="bbox 958 697 1743 768; baseline 0.01 -22"><span class='ocrx_word' id='word_1_353' title='bbox 958 697 1049 762; x_wconf 87' lang='lat' dir='ltr'>posuit.</span> <span class='ocrx_word' id='word_1_354' title='bbox 1077 697 1179 762; x_wconf 81' lang='lat' dir='ltr'><strong>Propria</strong></span> <span class='ocrx_word' id='word_1_355' title='bbox 1199 713 1260 750; x_wconf 82' lang='lat' dir='ltr'><strong>vero</strong></span> <span class='ocrx_word' id='word_1_356' title='bbox 1287 699 1342 764; x_wconf 86' lang='lat' dir='ltr'><strong>ejus</strong></span> <span class='ocrx_word' id='word_1_357' title='bbox 1360 703 1399 751; x_wconf 88' lang='lat' dir='ltr'><strong>est</strong></span> <span class='ocrx_word' id='word_1_358' title='bbox 1423 700 1569 762; x_wconf 76' lang='lat' dir='ltr'><strong>liberalitas,</strong></span> <span class='ocrx_word' id='word_1_359' title='bbox 1596 701 1743 768; x_wconf 83' lang='lat' dir='ltr'><strong>benignitas,</strong></span> 
     </span>
     <span class='ocr_line' id='line_1_62' title="bbox 957 775 1743 853; baseline 0.011 -20"><span class='ocrx_word' id='word_1_360' title='bbox 957 785 1021 849; x_wconf 75' lang='lat' dir='ltr'><strong>iuris</strong></span> <span class='ocrx_word' id='word_1_361' title='bbox 1045 785 1188 850; x_wconf 79' lang='lat' dir='ltr'><strong>disciplina,</strong></span> <span class='ocrx_word' id='word_1_362' title='bbox 1211 785 1332 851; x_wconf 75' lang='lat' dir='ltr'><strong>aequitas,</strong></span> <span class='ocrx_word' id='word_1_363' title='bbox 1355 788 1449 853; x_wconf 87' lang='lat' dir='ltr'><strong>pietas,</strong></span> <span class='ocrx_word' id='word_1_364' title='bbox 1474 793 1544 852; x_wconf 81' lang='lat' dir='ltr'><strong>grata</strong></span> <span class='ocrx_word' id='word_1_365' title='bbox 1569 775 1743 842; x_wconf 78' lang='lat' dir='ltr'><strong>beneficiorum</strong></span> 
     </span>
     <span class='ocr_line' id='line_1_63' title="bbox 960 874 1665 957; baseline 0.009 -33"><span class='ocrx_word' id='word_1_366' title='bbox 960 874 1091 957; x_wconf 83' lang='lat' dir='ltr'><strong>memoria,</strong></span> <span class='ocrx_word' id='word_1_367' title='bbox 1105 874 1204 940; x_wconf 63' lang='lat' dir='ltr'><strong>religios,</strong></span> <span class='ocrx_word' id='word_1_368' title='bbox 1216 875 1335 938; x_wconf 88' lang='lat' dir='ltr'><strong>comitas,</strong></span> <span class='ocrx_word' id='word_1_369' title='bbox 1348 891 1390 928; x_wconf 89' lang='lat' dir='ltr'><strong>ars</strong></span> <span class='ocrx_word' id='word_1_370' title='bbox 1402 876 1561 931; x_wconf 83' lang='lat' dir='ltr'><strong>serendarum</strong></span> <span class='ocrx_word' id='word_1_371' title='bbox 1576 880 1665 946; x_wconf 78' lang='lat' dir='ltr'><strong>legum.</strong></span> 
     </span>
    </p>
   </div>
   <div class='ocr_carea' id='block_1_7' title="bbox 991 1136 1746 1206">
    <p class='ocr_par' dir='ltr' id='par_1_30' title="bbox 991 1136 1746 1206">
     <span class='ocr_line' id='line_1_64' title="bbox 991 1136 1746 1206; baseline 0.015 -20"><span class='ocrx_word' id='word_1_372' title='bbox 991 1136 1137 1187; x_wconf 80' lang='lat' dir='ltr'><strong>Liberalitas</strong></span> <span class='ocrx_word' id='word_1_373' title='bbox 1149 1137 1251 1202; x_wconf 90' lang='lat' dir='ltr'><strong>quidem</strong></span> <span class='ocrx_word' id='word_1_374' title='bbox 1265 1140 1303 1188; x_wconf 85' lang='lat' dir='ltr'><strong>est</strong></span> <span class='ocrx_word' id='word_1_375' title='bbox 1316 1138 1392 1188; x_wconf 89' lang='lat' dir='ltr'><strong>animi</strong></span> <span class='ocrx_word' id='word_1_376' title='bbox 1412 1139 1511 1191; x_wconf 76' lang='lat' dir='ltr'><strong>allectio</strong></span> <span class='ocrx_word' id='word_1_377' title='bbox 1523 1142 1549 1192; x_wconf 92' lang='lat' dir='ltr'><strong>in</strong></span> <span class='ocrx_word' id='word_1_378' title='bbox 1568 1142 1709 1206; x_wconf 89' lang='lat' dir='ltr'><strong>prolusione</strong></span> <span class='ocrx_word' id='word_1_379' title='bbox 1721 1150 1746 1198; x_wconf 87' lang='lat' dir='ltr'><strong>et</strong></span> 
     </span>
    </p>
   </div>
   <div class='ocr_carea' id='block_1_8' title="bbox 960 1199 1745 1312">
    <p class='ocr_par' dir='ltr' id='par_1_31' title="bbox 960 1199 1745 1312">
     <span class='ocr_line' id='line_1_65' title="bbox 961 1199 1745 1270; baseline 0.014 -23"><span class='ocrx_word' id='word_1_380' title='bbox 961 1199 1102 1263; x_wconf 85' lang='lat' dir='ltr'><strong>acceptione</strong></span> <span class='ocrx_word' id='word_1_381' title='bbox 1129 1213 1160 1250; x_wconf 87' lang='lat' dir='ltr'><strong>ax</strong></span> <span class='ocrx_word' id='word_1_382' title='bbox 1193 1199 1306 1250; x_wconf 82' lang='lat' dir='ltr'><strong>confesso</strong></span> <span class='ocrx_word' id='word_1_383' title='bbox 1335 1201 1407 1266; x_wconf 89' lang='lat' dir='ltr'><strong>quasi</strong></span> <span class='ocrx_word' id='word_1_384' title='bbox 1431 1202 1458 1253; x_wconf 90' lang='lat' dir='ltr'><strong>in</strong></span> <span class='ocrx_word' id='word_1_385' title='bbox 1478 1206 1627 1256; x_wconf 85' lang='lat' dir='ltr'><strong>contrariam</strong></span> <span class='ocrx_word' id='word_1_386' title='bbox 1650 1212 1745 1270; x_wconf 85' lang='lat' dir='ltr'><strong>partem</strong></span> 
     </span>
     <span class='ocr_line' id='line_1_66' title="bbox 960 1261 1335 1312; baseline 0.005 -2"><span class='ocrx_word' id='word_1_387' title='bbox 960 1275 1046 1311; x_wconf 82' lang='lat' dir='ltr'><strong>versos</strong></span> <span class='ocrx_word' id='word_1_388' title='bbox 1063 1261 1176 1312; x_wconf 90' lang='lat' dir='ltr'><strong>homines</strong></span> <span class='ocrx_word' id='word_1_389' title='bbox 1193 1262 1335 1312; x_wconf 85' lang='lat' dir='ltr'><strong>ostendens.</strong></span> 
     </span>
    </p>
   </div>
   <div class='ocr_carea' id='block_1_9' title="bbox 959 1323 1743 1450">
    <p class='ocr_par' dir='ltr' id='par_1_32' title="bbox 959 1323 1743 1450">
     <span class='ocr_line' id='line_1_67' title="bbox 992 1323 1743 1388; baseline 0.011 -14"><span class='ocrx_word' id='word_1_390' title='bbox 992 1323 1133 1388; x_wconf 84' lang='lat' dir='ltr'><strong>Benignitas</strong></span> <span class='ocrx_word' id='word_1_391' title='bbox 1154 1338 1214 1373; x_wconf 81' lang='lat' dir='ltr'><strong>vero</strong></span> <span class='ocrx_word' id='word_1_392' title='bbox 1236 1330 1275 1375; x_wconf 87' lang='lat' dir='ltr'><strong>est</strong></span> <span class='ocrx_word' id='word_1_393' title='bbox 1294 1325 1369 1376; x_wconf 92' lang='lat' dir='ltr'><strong>animi</strong></span> <span class='ocrx_word' id='word_1_394' title='bbox 1385 1325 1485 1378; x_wconf 81' lang='lat' dir='ltr'><strong>allectio</strong></span> <span class='ocrx_word' id='word_1_395' title='bbox 1497 1329 1563 1379; x_wconf 91' lang='lat' dir='ltr'><strong>ultro</strong></span> <span class='ocrx_word' id='word_1_396' title='bbox 1580 1330 1611 1381; x_wconf 91' lang='lat' dir='ltr'><strong>ad</strong></span> <span class='ocrx_word' id='word_1_397' title='bbox 1628 1330 1690 1382; x_wconf 88' lang='lat' dir='ltr'><strong>bene</strong></span> <span class='ocrx_word' id='word_1_398' title='bbox 1707 1330 1743 1382; x_wconf 88' lang='lat' dir='ltr'><strong>la-</strong></span> 
     </span>
     <span class='ocr_line' id='line_1_68' title="bbox 959 1385 1219 1450; baseline 0.004 -14"><span class='ocrx_word' id='word_1_399' title='bbox 959 1385 1075 1436; x_wconf 88' lang='lat' dir='ltr'><strong>ciendum</strong></span> <span class='ocrx_word' id='word_1_400' title='bbox 1090 1400 1219 1450; x_wconf 89' lang='lat' dir='ltr'><strong>propensa.</strong></span> 
     </span>
    </p>
   </div>
   <div class='ocr_carea' id='block_1_10' title="bbox 959 1465 1745 1763">
    <p class='ocr_par' dir='ltr' id='par_1_33' title="bbox 959 1465 1745 1597">
     <span class='ocr_line' id='line_1_69' title="bbox 989 1465 1745 1538; baseline 0.016 -22"><span class='ocrx_word' id='word_1_401' title='bbox 989 1465 1058 1516; x_wconf 85' lang='lat' dir='ltr'><strong>luris</strong></span> <span class='ocrx_word' id='word_1_402' title='bbox 1072 1465 1201 1529; x_wconf 81' lang='lat' dir='ltr'><strong>disciplina</strong></span> <span class='ocrx_word' id='word_1_403' title='bbox 1212 1470 1251 1519; x_wconf 88' lang='lat' dir='ltr'><strong>est</strong></span> <span class='ocrx_word' id='word_1_404' title='bbox 1262 1469 1365 1524; x_wconf 86' lang='lat' dir='ltr'><strong>scientia</strong></span> <span class='ocrx_word' id='word_1_405' title='bbox 1373 1470 1530 1524; x_wconf 87' lang='lat' dir='ltr'><strong>decretorum</strong></span> <span class='ocrx_word' id='word_1_406' title='bbox 1542 1477 1568 1524; x_wconf 89' lang='lat' dir='ltr'><strong>et</strong></span> <span class='ocrx_word' id='word_1_407' title='bbox 1582 1487 1710 1538; x_wconf 80' lang='lat' dir='ltr'><strong>poenarum</strong></span> <span class='ocrx_word' id='word_1_408' title='bbox 1720 1478 1745 1528; x_wconf 88' lang='lat' dir='ltr'><strong>et</strong></span> 
     </span>
     <span class='ocr_line' id='line_1_70' title="bbox 959 1545 1145 1597; baseline 0 0"><span class='ocrx_word' id='word_1_409' title='bbox 959 1545 1145 1597; x_wconf 83' lang='lat' dir='ltr'><strong>maleficiorum.</strong></span> 
     </span>
    </p>

    <p class='ocr_par' dir='ltr' id='par_1_34' title="bbox 991 1623 1424 1691">
     <span class='ocr_line' id='line_1_71' title="bbox 991 1623 1424 1691; baseline 0.016 -17"><span class='ocrx_word' id='word_1_410' title='bbox 991 1623 1104 1688; x_wconf 84' lang='lat' dir='ltr'><strong>AEquitas</strong></span> <span class='ocrx_word' id='word_1_411' title='bbox 1118 1625 1257 1681; x_wconf 87' lang='lat' dir='ltr'><strong>voluntaria</strong></span> <span class='ocrx_word' id='word_1_412' title='bbox 1268 1628 1367 1691; x_wconf 82' lang='lat' dir='ltr'><strong>justitia</strong></span> <span class='ocrx_word' id='word_1_413' title='bbox 1378 1634 1424 1681; x_wconf 87' lang='lat' dir='ltr'><strong>ast.</strong></span> 
     </span>
    </p>

    <p class='ocr_par' dir='ltr' id='par_1_35' title="bbox 991 1704 1425 1763">
     <span class='ocr_line' id='line_1_72' title="bbox 991 1704 1425 1763; baseline 0.014 -8"><span class='ocrx_word' id='word_1_414' title='bbox 991 1704 1074 1755; x_wconf 87' lang='lat' dir='ltr'><strong>Pietas</strong></span> <span class='ocrx_word' id='word_1_415' title='bbox 1093 1708 1131 1755; x_wconf 87' lang='lat' dir='ltr'><strong>est</strong></span> <span class='ocrx_word' id='word_1_416' title='bbox 1145 1707 1189 1755; x_wconf 88' lang='lat' dir='ltr'><strong>Dei</strong></span> <span class='ocrx_word' id='word_1_417' title='bbox 1202 1707 1298 1758; x_wconf 76' lang='lat' dir='ltr'><strong>‹uleudl</strong></span> <span class='ocrx_word' id='word_1_418' title='bbox 1314 1709 1425 1763; x_wconf 85' lang='lat' dir='ltr'><strong>seientia.</strong></span> 
     </span>
    </p>
   </div>
   <div class='ocr_carea' id='block_1_11' title="bbox 994 1784 1745 1855">
    <p class='ocr_par' dir='ltr' id='par_1_36' title="bbox 994 1784 1745 1855">
     <span class='ocr_line' id='line_1_73' title="bbox 994 1784 1745 1855; baseline 0.016 -21"><span class='ocrx_word' id='word_1_419' title='bbox 994 1787 1069 1834; x_wconf 87' lang='lat' dir='ltr'><strong>Grata</strong></span> <span class='ocrx_word' id='word_1_420' title='bbox 1095 1784 1271 1838; x_wconf 79' lang='lat' dir='ltr'><strong>beneficiorum</strong></span> <span class='ocrx_word' id='word_1_421' title='bbox 1292 1789 1411 1839; x_wconf 90' lang='lat' dir='ltr'><strong>memoria</strong></span> <span class='ocrx_word' id='word_1_422' title='bbox 1427 1793 1466 1840; x_wconf 86' lang='lat' dir='ltr'><strong>est</strong></span> <span class='ocrx_word' id='word_1_423' title='bbox 1483 1791 1537 1855; x_wconf 87' lang='lat' dir='ltr'><strong>ejus</strong></span> <span class='ocrx_word' id='word_1_424' title='bbox 1568 1792 1594 1841; x_wconf 93' lang='lat' dir='ltr'><strong>ui</strong></span> <span class='ocrx_word' id='word_1_425' title='bbox 1610 1793 1692 1854; x_wconf 90' lang='lat' dir='ltr'><strong>seit,a</strong></span> <span class='ocrx_word' id='word_1_426' title='bbox 1711 1795 1745 1846; x_wconf 89' lang='lat' dir='ltr'><strong>ud</strong></span> 
     </span>
    </p>
   </div>
   <div class='ocr_carea' id='block_1_12' title="bbox 962 1804 1743 1974">
    <p class='ocr_par' dir='ltr' id='par_1_37' title="bbox 962 1804 1743 1974">
     <span class='ocr_line' id='line_1_74' title="bbox 962 1804 1743 1920; baseline 0.014 -23"><span class='ocrx_word' id='word_1_427' title='bbox 962 1859 1025 1912; x_wconf 89' lang='lat' dir='ltr'><strong>quos</strong></span> <span class='ocrx_word' id='word_1_428' title='bbox 1046 1850 1071 1919; x_wconf 78' lang='lat' dir='ltr'><strong>et</strong></span> <span class='ocrx_word' id='word_1_429' title='bbox 1089 1847 1228 1920; x_wconf 79' lang='lat' dir='ltr'><strong>quandoet</strong></span> <span class='ocrx_word' id='word_1_430' title='bbox 1246 1851 1371 1914; x_wconf 89' lang='lat' dir='ltr'><strong>quomodo</strong></span> <span class='ocrx_word' id='word_1_431' title='bbox 1392 1852 1510 1903; x_wconf 85' lang='lat' dir='ltr'><strong>benelicia</strong></span> <span class='ocrx_word' id='word_1_432' title='bbox 1526 1804 1667 1906; x_wconf 78' lang='lat' dir='ltr'><strong>coiloranda</strong></span> <span class='ocrx_word' id='word_1_433' title='bbox 1685 1862 1743 1919; x_wconf 85' lang='lat' dir='ltr'><strong>sant,</strong></span> 
     </span>
     <span class='ocr_line' id='line_1_75' title="bbox 962 1909 1277 1974; baseline 0.006 -13"><span class='ocrx_word' id='word_1_434' title='bbox 962 1913 987 1962; x_wconf 86' lang='lat' dir='ltr'><strong>et</strong></span> <span class='ocrx_word' id='word_1_435' title='bbox 997 1909 1113 1973; x_wconf 85' lang='lat' dir='ltr'><strong>aquibus</strong></span> <span class='ocrx_word' id='word_1_436' title='bbox 1128 1911 1277 1974; x_wconf 79' lang='lat' dir='ltr'><strong>accipienda.</strong></span> 
     </span>
    </p>
   </div>
   <div class='ocr_carea' id='block_1_13' title="bbox 993 1989 1745 2063">
    <p class='ocr_par' dir='ltr' id='par_1_38' title="bbox 993 1989 1745 2063">
     <span class='ocr_line' id='line_1_76' title="bbox 993 1989 1745 2063; baseline 0.013 -22"><span class='ocrx_word' id='word_1_437' title='bbox 993 1989 1086 2054; x_wconf 72' lang='lat' dir='ltr'><strong>Religio</strong></span> <span class='ocrx_word' id='word_1_438' title='bbox 1095 1991 1133 2040; x_wconf 90' lang='lat' dir='ltr'><strong>est</strong></span> <span class='ocrx_word' id='word_1_439' title='bbox 1148 1989 1251 2040; x_wconf 85' lang='lat' dir='ltr'><strong>scicntia</strong></span> <span class='ocrx_word' id='word_1_440' title='bbox 1262 1990 1370 2043; x_wconf 85' lang='lat' dir='ltr'><strong>alliciens</strong></span> <span class='ocrx_word' id='word_1_441' title='bbox 1382 1993 1562 2045; x_wconf 86' lang='lat' dir='ltr'><strong>lromincslidos</strong></span> <span class='ocrx_word' id='word_1_442' title='bbox 1574 1995 1745 2063; x_wconf 81' lang='lat' dir='ltr'><strong>honorumque</strong></span> 
     </span>
    </p>
   </div>
   <div class='ocr_carea' id='block_1_14' title="bbox 960 2071 1743 2214">
    <p class='ocr_par' dir='ltr' id='par_1_39' title="bbox 960 2071 1743 2214">
     <span class='ocr_line' id='line_1_77' title="bbox 960 2071 1743 2129; baseline 0.005 -4"><span class='ocrx_word' id='word_1_443' title='bbox 960 2075 1009 2126; x_wconf 86' lang='lat' dir='ltr'><strong>diis</strong></span> <span class='ocrx_word' id='word_1_444' title='bbox 1023 2071 1165 2124; x_wconf 86' lang='lat' dir='ltr'><strong>debltorum</strong></span> <span class='ocrx_word' id='word_1_445' title='bbox 1179 2073 1288 2122; x_wconf 88' lang='lat' dir='ltr'><strong>tutores:</strong></span> <span class='ocrx_word' id='word_1_446' title='bbox 1303 2077 1347 2122; x_wconf 89' lang='lat' dir='ltr'><strong>aut</strong></span> <span class='ocrx_word' id='word_1_447' title='bbox 1361 2078 1427 2124; x_wconf 90' lang='lat' dir='ltr'><strong>recta</strong></span> <span class='ocrx_word' id='word_1_448' title='bbox 1437 2074 1520 2125; x_wconf 88' lang='lat' dir='ltr'><strong>deDei</strong></span> <span class='ocrx_word' id='word_1_449' title='bbox 1533 2075 1603 2126; x_wconf 87' lang='lat' dir='ltr'><strong>cultu</strong></span> <span class='ocrx_word' id='word_1_450' title='bbox 1615 2076 1743 2129; x_wconf 80' lang='lat' dir='ltr'><strong>doctrina:</strong></span> 
     </span>
     <span class='ocr_line' id='line_1_78' title="bbox 960 2149 1396 2214; baseline -0.009 -9"><span class='ocrx_word' id='word_1_451' title='bbox 960 2153 1047 2205; x_wconf 88' lang='lat' dir='ltr'><strong>eadem</strong></span> <span class='ocrx_word' id='word_1_452' title='bbox 1062 2163 1121 2200; x_wconf 85' lang='lat' dir='ltr'><strong>vero</strong></span> <span class='ocrx_word' id='word_1_453' title='bbox 1142 2151 1168 2200; x_wconf 89' lang='lat' dir='ltr'><strong>et</strong></span> <span class='ocrx_word' id='word_1_454' title='bbox 1179 2149 1278 2214; x_wconf 83' lang='lat' dir='ltr'><strong>justitia</strong></span> <span class='ocrx_word' id='word_1_455' title='bbox 1296 2150 1396 2202; x_wconf 86' lang='lat' dir='ltr'><strong>dicitur.</strong></span> 
     </span>
    </p>
   </div>
   <div class='ocr_carea' id='block_1_15' title="bbox 991 2245 1819 2299">
    <p class='ocr_par' dir='ltr' id='par_1_40' title="bbox 991 2245 1819 2299">
     <span class='ocr_line' id='line_1_79' title="bbox 991 2245 1819 2299; baseline -0.004 0"><span class='ocrx_word' id='word_1_456' title='bbox 991 2247 1100 2299; x_wconf 83' lang='lat' dir='ltr'><strong>Gemitus</strong></span> <span class='ocrx_word' id='word_1_457' title='bbox 1118 2250 1157 2299; x_wconf 83' lang='lat' dir='ltr'><strong>est</strong></span> <span class='ocrx_word' id='word_1_458' title='bbox 1174 2248 1249 2299; x_wconf 90' lang='lat' dir='ltr'><strong>animi</strong></span> <span class='ocrx_word' id='word_1_459' title='bbox 1262 2245 1363 2298; x_wconf 86' lang='lat' dir='ltr'><strong>allectio</strong></span> <span class='ocrx_word' id='word_1_460' title='bbox 1383 2246 1409 2296; x_wconf 93' lang='lat' dir='ltr'><strong>in</strong></span> <span class='ocrx_word' id='word_1_461' title='bbox 1422 2245 1550 2297; x_wconf 87' lang='lat' dir='ltr'><strong>hominum</strong></span> <span class='ocrx_word' id='word_1_462' title='bbox 1560 2246 1745 2298; x_wconf 83' lang='lat' dir='ltr'><strong>conversatione</strong></span> <span class='ocrx_word' id='word_1_463' title='bbox 1815 2289 1819 2296; x_wconf 94' lang='lat'><em>.</em></span> 
     </span>
    </p>
   </div>
   <div class='ocr_carea' id='block_1_16' title="bbox 959 2336 1747 3027">
    <p class='ocr_par' dir='ltr' id='par_1_41' title="bbox 959 2336 1345 2390">
     <span class='ocr_line' id='line_1_80' title="bbox 959 2336 1345 2390; baseline 0.005 -4"><span class='ocrx_word' id='word_1_464' title='bbox 959 2337 1043 2388; x_wconf 89' lang='lat' dir='ltr'><strong>debito</strong></span> <span class='ocrx_word' id='word_1_465' title='bbox 1065 2338 1157 2389; x_wconf 90' lang='lat' dir='ltr'><strong>honore</strong></span> <span class='ocrx_word' id='word_1_466' title='bbox 1174 2353 1216 2390; x_wconf 88' lang='lat' dir='ltr'><strong>eos</strong></span> <span class='ocrx_word' id='word_1_467' title='bbox 1227 2336 1345 2388; x_wconf 86' lang='lat' dir='ltr'><strong>alliciens.</strong></span> 
     </span>
    </p>

    <p class='ocr_par' dir='ltr' id='par_1_42' title="bbox 959 2424 1745 2580">
     <span class='ocr_line' id='line_1_81' title="bbox 991 2424 1745 2492; baseline 0 -16"><span class='ocrx_word' id='word_1_468' title='bbox 991 2428 1037 2476; x_wconf 75' lang='lat' dir='ltr'><strong>Ars</strong></span> <span class='ocrx_word' id='word_1_469' title='bbox 1046 2425 1203 2478; x_wconf 82' lang='lat' dir='ltr'><strong>ferendarum</strong></span> <span class='ocrx_word' id='word_1_470' title='bbox 1217 2427 1299 2492; x_wconf 84' lang='lat' dir='ltr'><strong>legum</strong></span> <span class='ocrx_word' id='word_1_471' title='bbox 1314 2429 1352 2478; x_wconf 88' lang='lat' dir='ltr'><strong>ast</strong></span> <span class='ocrx_word' id='word_1_472' title='bbox 1365 2425 1468 2478; x_wconf 86' lang='lat' dir='ltr'><strong>scientia</strong></span> <span class='ocrx_word' id='word_1_473' title='bbox 1481 2424 1685 2476; x_wconf 88' lang='lat' dir='ltr'><strong>constitutionum</strong></span> <span class='ocrx_word' id='word_1_474' title='bbox 1698 2439 1745 2490; x_wconf 89' lang='lat' dir='ltr'><strong>pu-</strong></span> 
     </span>
     <span class='ocr_line' id='line_1_82' title="bbox 959 2513 1618 2580; baseline -0.005 -14"><span class='ocrx_word' id='word_1_475' title='bbox 959 2515 1080 2567; x_wconf 89' lang='lat' dir='ltr'><strong>blicarum</strong></span> <span class='ocrx_word' id='word_1_476' title='bbox 1092 2516 1123 2566; x_wconf 89' lang='lat' dir='ltr'><strong>ad</strong></span> <span class='ocrx_word' id='word_1_477' title='bbox 1138 2516 1266 2568; x_wconf 91' lang='lat' dir='ltr'><strong>hominum</strong></span> <span class='ocrx_word' id='word_1_478' title='bbox 1285 2515 1428 2567; x_wconf 84' lang='lat' dir='ltr'><strong>societatem</strong></span> <span class='ocrx_word' id='word_1_479' title='bbox 1445 2513 1618 2580; x_wconf 78' lang='lat' dir='ltr'><strong>spectantium.</strong></span> 
     </span>
    </p>

    <p class='ocr_par' dir='ltr' id='par_1_43' title="bbox 959 2603 1747 2936">
     <span class='ocr_line' id='line_1_83' title="bbox 990 2603 1746 2669; baseline -0.001 -14"><span class='ocrx_word' id='word_1_480' title='bbox 990 2605 1099 2656; x_wconf 78' lang='lat' dir='ltr'><strong>lustitia</strong></span> <span class='ocrx_word' id='word_1_481' title='bbox 1120 2607 1204 2656; x_wconf 86' lang='lat' dir='ltr'><strong>autam</strong></span> <span class='ocrx_word' id='word_1_482' title='bbox 1236 2603 1317 2656; x_wconf 89' lang='lat' dir='ltr'><strong>ollieia</strong></span> <span class='ocrx_word' id='word_1_483' title='bbox 1342 2608 1400 2655; x_wconf 88' lang='lat' dir='ltr'><strong>sunt</strong></span> <span class='ocrx_word' id='word_1_484' title='bbox 1416 2605 1458 2669; x_wconf 80' lang='lat' dir='ltr'><strong>jus</strong></span> <span class='ocrx_word' id='word_1_485' title='bbox 1479 2603 1615 2667; x_wconf 84' lang='lat' dir='ltr'><strong>unicuique</strong></span> <span class='ocrx_word' id='word_1_486' title='bbox 1638 2603 1746 2654; x_wconf 87' lang='lat' dir='ltr'><strong>tribucre</strong></span> 
     </span>
     <span class='ocr_line' id='line_1_84' title="bbox 959 2693 1747 2760; baseline -0.001 -17"><span class='ocrx_word' id='word_1_487' title='bbox 959 2707 1003 2758; x_wconf 89' lang='lat' dir='ltr'><strong>pro</strong></span> <span class='ocrx_word' id='word_1_488' title='bbox 1025 2695 1147 2760; x_wconf 81' lang='lat' dir='ltr'><strong>cujusque</strong></span> <span class='ocrx_word' id='word_1_489' title='bbox 1169 2693 1307 2758; x_wconf 84' lang='lat' dir='ltr'><strong>dignitate,</strong></span> <span class='ocrx_word' id='word_1_490' title='bbox 1331 2693 1425 2758; x_wconf 71' lang='lat' dir='ltr'><strong>patrios</strong></span> <span class='ocrx_word' id='word_1_491' title='bbox 1452 2706 1534 2743; x_wconf 87' lang='lat' dir='ltr'><strong>mores</strong></span> <span class='ocrx_word' id='word_1_492' title='bbox 1556 2693 1628 2752; x_wconf 86' lang='lat' dir='ltr'><strong>tueri,</strong></span> <span class='ocrx_word' id='word_1_493' title='bbox 1648 2705 1747 2742; x_wconf 86' lang='lat' dir='ltr'><strong>serrare</strong></span> 
     </span>
     <span class='ocr_line' id='line_1_85' title="bbox 960 2781 1746 2848; baseline -0.003 -15"><span class='ocrx_word' id='word_1_494' title='bbox 960 2782 1065 2848; x_wconf 87' lang='lat' dir='ltr'><strong>scriptas</strong></span> <span class='ocrx_word' id='word_1_495' title='bbox 1089 2783 1163 2848; x_wconf 84' lang='lat' dir='ltr'><strong>leges,</strong></span> <span class='ocrx_word' id='word_1_496' title='bbox 1195 2797 1255 2834; x_wconf 84' lang='lat' dir='ltr'><strong>vera</strong></span> <span class='ocrx_word' id='word_1_497' title='bbox 1281 2782 1364 2834; x_wconf 87' lang='lat' dir='ltr'><strong>dicere</strong></span> <span class='ocrx_word' id='word_1_498' title='bbox 1387 2783 1413 2834; x_wconf 89' lang='lat' dir='ltr'><strong>ia</strong></span> <span class='ocrx_word' id='word_1_499' title='bbox 1437 2781 1624 2842; x_wconf 88' lang='lat' dir='ltr'><strong>controversiis,</strong></span> <span class='ocrx_word' id='word_1_500' title='bbox 1647 2796 1746 2834; x_wconf 84' lang='lat' dir='ltr'><strong>serrare</strong></span> 
     </span>
     <span class='ocr_line' id='line_1_86' title="bbox 960 2875 1039 2936; baseline 0.025 -14"><span class='ocrx_word' id='word_1_501' title='bbox 960 2875 1039 2936; x_wconf 88' lang='lat' dir='ltr'><strong>pacta.</strong></span> 
     </span>
    </p>

    <p class='ocr_par' dir='ltr' id='par_1_44' title="bbox 990 2960 1744 3027">
     <span class='ocr_line' id='line_1_87' title="bbox 990 2960 1744 3027; baseline 0 -15"><span class='ocrx_word' id='word_1_502' title='bbox 990 2963 1114 3012; x_wconf 76' lang='lat' dir='ltr'><strong>catarum</strong></span> <span class='ocrx_word' id='word_1_503' title='bbox 1128 2961 1233 3012; x_wconf 87' lang='lat' dir='ltr'><strong>honores</strong></span> <span class='ocrx_word' id='word_1_504' title='bbox 1249 2961 1358 3026; x_wconf 86' lang='lat' dir='ltr'><strong>primum</strong></span> <span class='ocrx_word' id='word_1_505' title='bbox 1369 2961 1493 3013; x_wconf 89' lang='lat' dir='ltr'><strong>debentur</strong></span> <span class='ocrx_word' id='word_1_506' title='bbox 1506 2963 1573 3020; x_wconf 88' lang='lat' dir='ltr'><strong>Deo,</strong></span> <span class='ocrx_word' id='word_1_507' title='bbox 1592 2960 1681 3012; x_wconf 88' lang='lat' dir='ltr'><strong>deinde</strong></span> <span class='ocrx_word' id='word_1_508' title='bbox 1701 2977 1744 3027; x_wconf 90' lang='lat' dir='ltr'><strong>pa·</strong></span> 
     </span>
    </p>
   </div>
   <div class='ocr_carea' id='block_1_17' title="bbox 960 3048 1829 3116">
    <p class='ocr_par' dir='ltr' id='par_1_45' title="bbox 960 3048 1829 3116">
     <span class='ocr_line' id='line_1_88' title="bbox 960 3048 1829 3116; baseline 0 -16"><span class='ocrx_word' id='word_1_509' title='bbox 960 3049 1047 3102; x_wconf 81' lang='lat' dir='ltr'><strong>triaeet</strong></span> <span class='ocrx_word' id='word_1_510' title='bbox 1058 3050 1211 3115; x_wconf 87' lang='lat' dir='ltr'><strong>parentibus,</strong></span> <span class='ocrx_word' id='word_1_511' title='bbox 1226 3053 1281 3101; x_wconf 89' lang='lat' dir='ltr'><strong>tum</strong></span> <span class='ocrx_word' id='word_1_512' title='bbox 1293 3050 1407 3102; x_wconf 89' lang='lat' dir='ltr'><strong>mortuis.</strong></span> <span class='ocrx_word' id='word_1_513' title='bbox 1424 3048 1558 3116; x_wconf 86' lang='lat' dir='ltr'><strong>inquibus</strong></span> <span class='ocrx_word' id='word_1_514' title='bbox 1581 3049 1655 3099; x_wconf 87' lang='lat' dir='ltr'><strong>etiarn</strong></span> <span class='ocrx_word' id='word_1_515' title='bbox 1668 3050 1747 3116; x_wconf 91' lang='lat' dir='ltr'><strong>pietas</strong></span> <span class='ocrx_word' id='word_1_516' title='bbox 1826 3075 1829 3080; x_wconf 93' lang='lat'>·</span> 
     </span>
    </p>
   </div>
   <div class='ocr_carea' id='block_1_18' title="bbox 961 3139 1748 3636">
    <p class='ocr_par' dir='ltr' id='par_1_46' title="bbox 961 3139 1746 3280">
     <span class='ocr_line' id='line_1_89' title="bbox 961 3139 1746 3206; baseline -0.001 -16"><span class='ocrx_word' id='word_1_517' title='bbox 961 3140 1043 3190; x_wconf 88' lang='lat' dir='ltr'><strong>locum</strong></span> <span class='ocrx_word' id='word_1_518' title='bbox 1055 3141 1142 3200; x_wconf 88' lang='lat' dir='ltr'><strong>habet,</strong></span> <span class='ocrx_word' id='word_1_519' title='bbox 1155 3153 1212 3206; x_wconf 79' lang='lat' dir='ltr'><strong>quaa</strong></span> <span class='ocrx_word' id='word_1_520' title='bbox 1225 3143 1269 3191; x_wconf 88' lang='lat' dir='ltr'><strong>aut</strong></span> <span class='ocrx_word' id='word_1_521' title='bbox 1280 3153 1338 3205; x_wconf 89' lang='lat' dir='ltr'><strong>pars</strong></span> <span class='ocrx_word' id='word_1_522' title='bbox 1350 3139 1456 3204; x_wconf 67' lang='lat' dir='ltr'><strong>justitia</strong></span> <span class='ocrx_word' id='word_1_523' title='bbox 1467 3143 1519 3200; x_wconf 89' lang='lat' dir='ltr'><strong>est,</strong></span> <span class='ocrx_word' id='word_1_524' title='bbox 1532 3142 1577 3190; x_wconf 89' lang='lat' dir='ltr'><strong>aut</strong></span> <span class='ocrx_word' id='word_1_525' title='bbox 1590 3153 1645 3190; x_wconf 88' lang='lat' dir='ltr'><strong>eam</strong></span> <span class='ocrx_word' id='word_1_526' title='bbox 1660 3141 1746 3204; x_wconf 72' lang='lat' dir='ltr'><strong>serpul-</strong></span> 
     </span>
     <span class='ocr_line' id='line_1_90' title="bbox 961 3232 1446 3280; baseline -0.004 -1"><span class='ocrx_word' id='word_1_527' title='bbox 961 3232 1012 3280; x_wconf 79' lang='lat' dir='ltr'><strong>tur,</strong></span> <span class='ocrx_word' id='word_1_528' title='bbox 1444 3243 1446 3248; x_wconf 95' lang='lat'>·</span> 
     </span>
    </p>

    <p class='ocr_par' dir='ltr' id='par_1_47' title="bbox 961 3317 1748 3472">
     <span class='ocr_line' id='line_1_91' title="bbox 994 3317 1748 3384; baseline 0 -14"><span class='ocrx_word' id='word_1_529' title='bbox 994 3319 1133 3370; x_wconf 86' lang='lat' dir='ltr'><strong>Gornilatur</strong></span> <span class='ocrx_word' id='word_1_530' title='bbox 1150 3334 1210 3370; x_wconf 86' lang='lat' dir='ltr'><strong>raro</strong></span> <span class='ocrx_word' id='word_1_531' title='bbox 1225 3319 1350 3384; x_wconf 84' lang='lat' dir='ltr'><strong>justitiam</strong></span> <span class='ocrx_word' id='word_1_532' title='bbox 1368 3319 1454 3383; x_wconf 81' lang='lat' dir='ltr'><strong>religio</strong></span> <span class='ocrx_word' id='word_1_533' title='bbox 1477 3321 1503 3370; x_wconf 86' lang='lat' dir='ltr'><strong>et</strong></span> <span class='ocrx_word' id='word_1_534' title='bbox 1522 3317 1614 3370; x_wconf 79' lang='lat' dir='ltr'><strong>veritas</strong></span> <span class='ocrx_word' id='word_1_535' title='bbox 1638 3323 1664 3369; x_wconf 87' lang='lat' dir='ltr'><strong>et</strong></span> <span class='ocrx_word' id='word_1_536' title='bbox 1686 3319 1748 3370; x_wconf 79' lang='lat' dir='ltr'><strong>tides</strong></span> 
     </span>
     <span class='ocr_line' id='line_1_92' title="bbox 961 3406 1281 3472; baseline 0.006 -16"><span class='ocrx_word' id='word_1_537' title='bbox 961 3409 988 3456; x_wconf 92' lang='lat' dir='ltr'><strong>et</strong></span> <span class='ocrx_word' id='word_1_538' title='bbox 1006 3406 1174 3472; x_wconf 84' lang='lat' dir='ltr'><strong>improbitatis</strong></span> <span class='ocrx_word' id='word_1_539' title='bbox 1187 3407 1281 3458; x_wconf 88' lang='lat' dir='ltr'><strong>odium.</strong></span> 
     </span>
    </p>

    <p class='ocr_par' dir='ltr' id='par_1_48' title="bbox 962 3495 1748 3636">
     <span class='ocr_line' id='line_1_93' title="bbox 993 3495 1748 3562; baseline 0.001 -18"><span class='ocrx_word' id='word_1_540' title='bbox 993 3495 1067 3545; x_wconf 81' lang='lat' dir='ltr'><strong>Fides</strong></span> <span class='ocrx_word' id='word_1_541' title='bbox 1077 3498 1116 3546; x_wconf 88' lang='lat' dir='ltr'><strong>est</strong></span> <span class='ocrx_word' id='word_1_542' title='bbox 1132 3495 1186 3562; x_wconf 89' lang='lat' dir='ltr'><strong>ejus</strong></span> <span class='ocrx_word' id='word_1_543' title='bbox 1203 3496 1271 3562; x_wconf 86' lang='lat' dir='ltr'><strong>quod</strong></span> <span class='ocrx_word' id='word_1_544' title='bbox 1286 3510 1375 3548; x_wconf 86' lang='lat' dir='ltr'><strong>verum</strong></span> <span class='ocrx_word' id='word_1_545' title='bbox 1389 3509 1443 3548; x_wconf 87' lang='lat' dir='ltr'><strong>esse</strong></span> <span class='ocrx_word' id='word_1_546' title='bbox 1464 3495 1624 3560; x_wconf 82' lang='lat' dir='ltr'><strong>cognorimus</strong></span> <span class='ocrx_word' id='word_1_547' title='bbox 1637 3509 1748 3560; x_wconf 86' lang='lat' dir='ltr'><strong>compro-</strong></span> 
     </span>
     <span class='ocr_line' id='line_1_94' title="bbox 962 3583 1342 3636; baseline -0.008 0"><span class='ocrx_word' id='word_1_548' title='bbox 962 3583 1038 3636; x_wconf 88' lang='lat' dir='ltr'><strong>batio.</strong></span> <span class='ocrx_word' id='word_1_549' title='bbox 1341 3585 1342 3590; x_wconf 77' lang='grc'>’</span> 
     </span>
    </p>
   </div>
   <div class='ocr_carea' id='block_1_19' title="bbox 995 3780 1605 3923">
    <p class='ocr_par' dir='ltr' id='par_1_49' title="bbox 995 3780 1605 3923">
     <span class='ocr_line' id='line_1_95' title="bbox 1246 3780 1458 3832; baseline -0.014 0"><span class='ocrx_word' id='word_1_550' title='bbox 1246 3783 1283 3832; x_wconf 87' lang='lat' dir='ltr'><strong>Da</strong></span> <span class='ocrx_word' id='word_1_551' title='bbox 1299 3780 1458 3831; x_wconf 87' lang='lat' dir='ltr'><strong>liberalitate.</strong></span> 
     </span>
     <span class='ocr_line' id='line_1_96' title="bbox 995 3866 1605 3923; baseline -0.007 0"><span class='ocrx_word' id='word_1_552' title='bbox 995 3872 1141 3923; x_wconf 80' lang='lat' dir='ltr'><strong>Liberalitas</strong></span> <span class='ocrx_word' id='word_1_553' title='bbox 1151 3874 1189 3923; x_wconf 86' lang='lat' dir='ltr'><strong>est</strong></span> <span class='ocrx_word' id='word_1_554' title='bbox 1200 3871 1281 3921; x_wconf 87' lang='lat' dir='ltr'><strong>virtus</strong></span> <span class='ocrx_word' id='word_1_555' title='bbox 1291 3869 1366 3920; x_wconf 88' lang='lat' dir='ltr'><strong>animi</strong></span> <span class='ocrx_word' id='word_1_556' title='bbox 1377 3869 1505 3919; x_wconf 86' lang='lat' dir='ltr'><strong>honestate</strong></span> <span class='ocrx_word' id='word_1_557' title='bbox 1519 3866 1605 3919; x_wconf 87' lang='lat' dir='ltr'><strong>lelicis.</strong></span> 
     </span>
    </p>
   </div>
   <div class='ocr_carea' id='block_1_20' title="bbox 962 4061 1748 4340">
    <p class='ocr_par' dir='ltr' id='par_1_50' title="bbox 962 4061 1748 4340">
     <span class='ocr_line' id='line_1_97' title="bbox 995 4061 1748 4129; baseline -0.005 -13"><span class='ocrx_word' id='word_1_558' title='bbox 995 4067 1055 4129; x_wconf 82' lang='lat' dir='ltr'><strong>Ejus</strong></span> <span class='ocrx_word' id='word_1_559' title='bbox 1078 4070 1161 4116; x_wconf 88' lang='lat' dir='ltr'><strong>autern</strong></span> <span class='ocrx_word' id='word_1_560' title='bbox 1174 4063 1255 4114; x_wconf 83' lang='lat' dir='ltr'><strong>officia</strong></span> <span class='ocrx_word' id='word_1_561' title='bbox 1268 4067 1326 4114; x_wconf 87' lang='lat' dir='ltr'><strong>sunt</strong></span> <span class='ocrx_word' id='word_1_562' title='bbox 1337 4076 1438 4126; x_wconf 80' lang='lat' dir='ltr'><strong>erogare</strong></span> <span class='ocrx_word' id='word_1_563' title='bbox 1452 4061 1582 4126; x_wconf 66' lang='lat' dir='ltr'><strong>meaiolani</strong></span> <span class='ocrx_word' id='word_1_564' title='bbox 1603 4062 1627 4110; x_wconf 93' lang='lat' dir='ltr'><strong>in</strong></span> <span class='ocrx_word' id='word_1_565' title='bbox 1640 4077 1678 4112; x_wconf 82' lang='lat' dir='ltr'><strong>rea</strong></span> <span class='ocrx_word' id='word_1_566' title='bbox 1698 4062 1748 4112; x_wconf 87' lang='lat' dir='ltr'><strong>lau·</strong></span> 
     </span>
     <span class='ocr_line' id='line_1_98' title="bbox 962 4133 1744 4200; baseline -0.006 -13"><span class='ocrx_word' id='word_1_567' title='bbox 962 4137 1065 4198; x_wconf 76' lang='lat' dir='ltr'><strong>debiles,</strong></span> <span class='ocrx_word' id='word_1_568' title='bbox 1093 4138 1152 4188; x_wconf 87' lang='lat' dir='ltr'><strong>item</strong></span> <span class='ocrx_word' id='word_1_569' title='bbox 1171 4135 1282 4200; x_wconf 79' lang='lat' dir='ltr'><strong>praebere</strong></span> <span class='ocrx_word' id='word_1_570' title='bbox 1304 4133 1460 4184; x_wconf 85' lang='lat' dir='ltr'><strong>abundanter</strong></span> <span class='ocrx_word' id='word_1_571' title='bbox 1481 4135 1590 4184; x_wconf 83' lang='lat' dir='ltr'><strong>sumtum</strong></span> <span class='ocrx_word' id='word_1_572' title='bbox 1614 4148 1642 4182; x_wconf 86' lang='lat' dir='ltr'><strong>ea</strong></span> <span class='ocrx_word' id='word_1_573' title='bbox 1661 4133 1744 4182; x_wconf 80' lang='lat' dir='ltr'><strong>mndi-</strong></span> 
     </span>
     <span class='ocr_line' id='line_1_99' title="bbox 963 4203 1747 4269; baseline -0.009 -10"><span class='ocrx_word' id='word_1_574' title='bbox 963 4209 1042 4269; x_wconf 90' lang='lat' dir='ltr'><strong>tione,</strong></span> <span class='ocrx_word' id='word_1_575' title='bbox 1060 4213 1088 4259; x_wconf 88' lang='lat' dir='ltr'><strong>ut</strong></span> <span class='ocrx_word' id='word_1_576' title='bbox 1108 4209 1133 4258; x_wconf 93' lang='lat' dir='ltr'><strong>in</strong></span> <span class='ocrx_word' id='word_1_577' title='bbox 1147 4221 1185 4258; x_wconf 86' lang='lat' dir='ltr'><strong>res</strong></span> <span class='ocrx_word' id='word_1_578' title='bbox 1201 4205 1351 4256; x_wconf 87' lang='lat' dir='ltr'><strong>necessarias</strong></span> <span class='ocrx_word' id='word_1_579' title='bbox 1368 4204 1534 4268; x_wconf 86' lang='lat' dir='ltr'><strong>impendatur,</strong></span> <span class='ocrx_word' id='word_1_580' title='bbox 1549 4207 1668 4268; x_wconf 83' lang='lat' dir='ltr'><strong>praeterea</strong></span> <span class='ocrx_word' id='word_1_581' title='bbox 1685 4203 1747 4254; x_wconf 85' lang='lat' dir='ltr'><strong>bene</strong></span> 
     </span>
     <span class='ocr_line' id='line_1_100' title="bbox 962 4273 1748 4340; baseline -0.004 -11"><span class='ocrx_word' id='word_1_582' title='bbox 962 4286 1086 4332; x_wconf 88' lang='lat' dir='ltr'><strong>moratum</strong></span> <span class='ocrx_word' id='word_1_583' title='bbox 1099 4284 1125 4331; x_wconf 84' lang='lat' dir='ltr'><strong>et</strong></span> <span class='ocrx_word' id='word_1_584' title='bbox 1138 4281 1275 4330; x_wconf 88' lang='lat' dir='ltr'><strong>humanum</strong></span> <span class='ocrx_word' id='word_1_585' title='bbox 1290 4291 1344 4327; x_wconf 88' lang='lat' dir='ltr'><strong>esse</strong></span> <span class='ocrx_word' id='word_1_586' title='bbox 1358 4276 1384 4325; x_wconf 90' lang='lat' dir='ltr'><strong>in</strong></span> <span class='ocrx_word' id='word_1_587' title='bbox 1393 4275 1569 4335; x_wconf 87' lang='lat' dir='ltr'><strong>controversia,</strong></span> <span class='ocrx_word' id='word_1_588' title='bbox 1583 4273 1689 4340; x_wconf 88' lang='lat' dir='ltr'><strong>denique</strong></span> <span class='ocrx_word' id='word_1_589' title='bbox 1699 4290 1748 4326; x_wconf 95' lang='lat' dir='ltr'><strong>non</strong></span> 
     </span>
    </p>
   </div>
   <div class='ocr_carea' id='block_1_21' title="bbox 962 4350 1350 4418">
    <p class='ocr_par' dir='ltr' id='par_1_51' title="bbox 962 4350 1350 4418">
     <span class='ocr_line' id='line_1_101' title="bbox 962 4350 1350 4418; baseline -0.008 -15"><span class='ocrx_word' id='word_1_590' title='bbox 962 4353 1081 4418; x_wconf 87' lang='lat' dir='ltr'><strong>accipere,</strong></span> <span class='ocrx_word' id='word_1_591' title='bbox 1099 4351 1165 4404; x_wconf 91' lang='lat' dir='ltr'><strong>unde</strong></span> <span class='ocrx_word' id='word_1_592' title='bbox 1179 4365 1228 4401; x_wconf 93' lang='lat' dir='ltr'><strong>non</strong></span> <span class='ocrx_word' id='word_1_593' title='bbox 1244 4350 1350 4414; x_wconf 88' lang='lat' dir='ltr'><strong>oportet.</strong></span> 
     </span>
    </p>
   </div>
   <div class='ocr_carea' id='block_1_22' title="bbox 963 4579 1749 4914">
    <p class='ocr_par' dir='ltr' id='par_1_52' title="bbox 963 4579 1749 4914">
     <span class='ocr_line' id='line_1_102' title="bbox 994 4579 1749 4649; baseline -0.009 -13"><span class='ocrx_word' id='word_1_594' title='bbox 994 4584 1182 4649; x_wconf 82' lang='lat' dir='ltr'><strong>Magnanimitas</strong></span> <span class='ocrx_word' id='word_1_595' title='bbox 1204 4587 1242 4635; x_wconf 83' lang='lat' dir='ltr'><strong>ost</strong></span> <span class='ocrx_word' id='word_1_596' title='bbox 1261 4584 1335 4634; x_wconf 89' lang='lat' dir='ltr'><strong>animi</strong></span> <span class='ocrx_word' id='word_1_597' title='bbox 1359 4582 1452 4641; x_wconf 85' lang='lat' dir='ltr'><strong>virtus,</strong></span> <span class='ocrx_word' id='word_1_598' title='bbox 1464 4595 1515 4646; x_wconf 88' lang='lat' dir='ltr'><strong>qua</strong></span> <span class='ocrx_word' id='word_1_599' title='bbox 1536 4579 1572 4642; x_wconf 83' lang='lat' dir='ltr'><strong>fil,</strong></span> <span class='ocrx_word' id='word_1_600' title='bbox 1590 4583 1619 4630; x_wconf 90' lang='lat' dir='ltr'><strong>ut</strong></span> <span class='ocrx_word' id='word_1_601' title='bbox 1637 4579 1749 4630; x_wconf 87' lang='lat' dir='ltr'><strong>homines</strong></span> 
     </span>
     <span class='ocr_line' id='line_1_103' title="bbox 963 4667 1749 4739; baseline -0.009 -14"><span class='ocrx_word' id='word_1_602' title='bbox 963 4689 1003 4725; x_wconf 88' lang='lat' dir='ltr'><strong>res</strong></span> <span class='ocrx_word' id='word_1_603' title='bbox 1012 4687 1141 4739; x_wconf 88' lang='lat' dir='ltr'><strong>prosperas</strong></span> <span class='ocrx_word' id='word_1_604' title='bbox 1155 4675 1181 4724; x_wconf 86' lang='lat' dir='ltr'><strong>et</strong></span> <span class='ocrx_word' id='word_1_605' title='bbox 1193 4673 1325 4732; x_wconf 87' lang='lat' dir='ltr'><strong>adversas,</strong></span> <span class='ocrx_word' id='word_1_606' title='bbox 1336 4672 1455 4724; x_wconf 86' lang='lat' dir='ltr'><strong>honorem</strong></span> <span class='ocrx_word' id='word_1_607' title='bbox 1469 4675 1494 4720; x_wconf 90' lang='lat' dir='ltr'><strong>et</strong></span> <span class='ocrx_word' id='word_1_608' title='bbox 1505 4669 1661 4734; x_wconf 85' lang='lat' dir='ltr'><strong>ignominiam</strong></span> <span class='ocrx_word' id='word_1_609' title='bbox 1678 4667 1749 4718; x_wconf 88' lang='lat' dir='ltr'><strong>lncile</strong></span> 
     </span>
     <span class='ocr_line' id='line_1_104' title="bbox 965 4758 1744 4828; baseline -0.009 -14"><span class='ocrx_word' id='word_1_610' title='bbox 965 4763 1029 4814; x_wconf 89' lang='lat' dir='ltr'><strong>lerre</strong></span> <span class='ocrx_word' id='word_1_611' title='bbox 1042 4765 1143 4828; x_wconf 85' lang='lat' dir='ltr'><strong>queant.</strong></span> <span class='ocrx_word' id='word_1_612' title='bbox 1159 4763 1300 4814; x_wconf 80' lang='lat' dir='ltr'><strong>Comitatur</strong></span> <span class='ocrx_word' id='word_1_613' title='bbox 1323 4775 1383 4812; x_wconf 88' lang='lat' dir='ltr'><strong>vero</strong></span> <span class='ocrx_word' id='word_1_614' title='bbox 1402 4758 1630 4826; x_wconf 79' lang='lat' dir='ltr'><strong>magnanimitatem</strong></span> <span class='ocrx_word' id='word_1_615' title='bbox 1650 4758 1744 4824; x_wconf 63' lang='lat' dir='ltr'><strong>simpli7</strong></span> 
     </span>
     <span class='ocr_line' id='line_1_105' title="bbox 963 4849 1418 4914; baseline -0.002 -11"><span class='ocrx_word' id='word_1_616' title='bbox 963 4853 1034 4914; x_wconf 86' lang='lat' dir='ltr'><strong>citas,</strong></span> <span class='ocrx_word' id='word_1_617' title='bbox 1051 4851 1127 4904; x_wconf 87' lang='lat' dir='ltr'><strong>animi</strong></span> <span class='ocrx_word' id='word_1_618' title='bbox 1136 4851 1266 4902; x_wconf 76' lang='lat' dir='ltr'><strong>excelsitas</strong></span> <span class='ocrx_word' id='word_1_619' title='bbox 1279 4853 1304 4902; x_wconf 88' lang='lat' dir='ltr'><strong>et</strong></span> <span class='ocrx_word' id='word_1_620' title='bbox 1317 4849 1418 4902; x_wconf 85' lang='lat' dir='ltr'><strong>veritas.</strong></span> 
     </span>
    </p>
   </div>
   <div class='ocr_carea' id='block_1_23' title="bbox 964 5100 1748 5335">
    <p class='ocr_par' dir='ltr' id='par_1_53' title="bbox 964 5100 1748 5335">
     <span class='ocr_line' id='line_1_106' title="bbox 1181 5100 1512 5165; baseline -0.009 -13"><span class='ocrx_word' id='word_1_621' title='bbox 1181 5101 1322 5152; x_wconf 89' lang='lat' dir='ltr'><strong>Secundum</strong></span> <span class='ocrx_word' id='word_1_622' title='bbox 1337 5100 1512 5165; x_wconf 75' lang='lat' dir='ltr'><strong>chrysippum.</strong></span> 
     </span>
     <span class='ocr_line' id='line_1_107' title="bbox 996 5188 1748 5254; baseline -0.001 -13"><span class='ocrx_word' id='word_1_623' title='bbox 996 5191 1130 5242; x_wconf 87' lang='lat' dir='ltr'><strong>Prudentia</strong></span> <span class='ocrx_word' id='word_1_624' title='bbox 1151 5194 1189 5245; x_wconf 89' lang='lat' dir='ltr'><strong>est</strong></span> <span class='ocrx_word' id='word_1_625' title='bbox 1206 5191 1308 5243; x_wconf 88' lang='lat' dir='ltr'><strong>scientia</strong></span> <span class='ocrx_word' id='word_1_626' title='bbox 1331 5204 1416 5244; x_wconf 89' lang='lat' dir='ltr'><strong>rerum</strong></span> <span class='ocrx_word' id='word_1_627' title='bbox 1437 5193 1463 5240; x_wconf 87' lang='lat' dir='ltr'><strong>et</strong></span> <span class='ocrx_word' id='word_1_628' title='bbox 1482 5188 1632 5254; x_wconf 83' lang='lat' dir='ltr'><strong>agendarum</strong></span> <span class='ocrx_word' id='word_1_629' title='bbox 1651 5191 1677 5240; x_wconf 92' lang='lat' dir='ltr'><strong>ct</strong></span> <span class='ocrx_word' id='word_1_630' title='bbox 1700 5203 1748 5240; x_wconf 94' lang='lat' dir='ltr'><strong>non</strong></span> 
     </span>
     <span class='ocr_line' id='line_1_108' title="bbox 964 5282 1122 5335; baseline 0 -1"><span class='ocrx_word' id='word_1_631' title='bbox 964 5282 1122 5335; x_wconf 84' lang='lat' dir='ltr'><strong>unendarum.</strong></span> 
     </span>
    </p>
   </div>
   <div class='ocr_carea' id='block_1_24' title="bbox 1624 5399 1654 5448">
    <p class='ocr_par' dir='ltr' id='par_1_54' title="bbox 1624 5399 1654 5448">
     <span class='ocr_line' id='line_1_109' title="bbox 1624 5399 1654 5448; baseline -0.067 0"><span class='ocrx_word' id='word_1_632' title='bbox 1624 5399 1654 5448; x_wconf 82' lang='lat'><strong>³7</strong></span> 
     </span>
    </p>
   </div>
   <div class='ocr_carea' id='block_1_25' title="bbox 0 0 1982 5968">
    <p class='ocr_par' dir='ltr' id='par_1_55' title="bbox 0 0 1982 5968">
     <span class='ocr_line' id='line_1_110' title="bbox 0 0 1982 5968; baseline 0 0"><span class='ocrx_word' id='word_1_633' title='bbox 0 0 1982 5968; x_wconf 95' lang='lat' dir='ltr'><strong> </strong></span> 
     </span>
    </p>
   </div>
  </div>
 </body>
</html>
