3934 5956
466 385 687 458 ΙΙΤΙΙΙΙΙΟΙΙΙΙΜ
712 400 1046 471 Nicomncttteotttttt
1069 412 1349 482 PARAPHRASIS.

106 534 181 581 perot
196 515 244 573 οιίκ
257 515 370 594 ἀνδρεῖοί
379 519 453 594 εἰσιν,
469 525 536 582 elli
549 527 672 606 μάγιμοι·
689 533 717 590 οὗ
733 534 784 615 γὰρ
800 537 842 594 διδι
856 539 886 597 ab

106 607 187 661 καλὸν
208 605 310 682 ὁρμῶσι
337 604 383 664 καί
405 610 567 688 ὀργίζονται,
589 618 657 676 ἀλλὰ

104 690 150 749 καὶ
162 694 212 771 οὐχ
223 697 258 758 ὡς
269 691 325 750 δέον
345 695 415 768 ἐστί,
429 701 474 756 καὶ
488 705 502 759 δ
516 702 590 782 ὀρθὸς
609 709 717 765 ἀπαιτεῖ
727 707 810 787 λόγος,
826 713 885 772 ἀλλ’

102 782 138 848 ὡς
154 779 186 838 ἀν
202 785 315 853 κινήσειε
330 782 359 841 τὸ
376 785 465 854 ποίθος.

142 867 159 903 *
172 873 285 928 Δοκοῦσι
296 870 322 928 δὲ
338 869 417 931 >raiol
430 878 562 947 εὐέλπιδες
576 881 671 947 πάντες
680 885 793 965 ἀνδρεῖοι
805 877 883 963 εἶναι,

100 957 148 1014 οὐκ
162 957 212 1015 εἰσὶ
224 963 237 992 ⁰
251 957 278 1015 δὲ
297 958 402 1026 πάντες.
422 965 538 1024 Δυνατδν
553 967 603 1048 γάρ
616 969 776 1040 εὐέλπιδαςΙ
798 966 882 1054 εἶναι,

100 1047 129 1102 οὗ
143 1045 186 1103 διδι
198 1047 229 1106 τδ
245 1046 281 1124 μὴ
296 1047 432 1127 ροὸεῖσθαι
448 1053 481 1111 τά
497 1057 602 1135 λυπήρά
616 1065 663 1117 τοῦ
677 1061 776 1139 ἀγαθοῦ
795 1063 882 1138 ἕνεκα,

99 1135 168 1192 ἀλλά
186 1135 228 1192 διά
243 1138 272 1195 τὸ
292 1138 420 1206 πολλάκις
440 1141 485 1200 καί
502 1146 614 1214 πολλοὺς
632 1152 817 1232 νενικηκέναι,
836 1157 881 1214 καί

98 1221 141 1278 διά
155 1229 230 1284 τοῦτο
245 1228 369 1306 θαρρεῖν,
386 1232 421 1296 ὡς
443 1233 472 1290 οὐ
486 1242 688 1312 περιπεσοθνται
708 1244 759 1308 τοῖς
777 1243 878 1311 κακοῖς·

96 1311 203 1371 δοκοῦσι
228 1313 256 1372 δὲ
278 1314 409 1396 ἀνδρεῖοι,
436 1319 478 1378 διδι
492 1321 522 1379 τὸ
547 1324 656 1384 ἐοικέναι
683 1337 736 1395 τοῖς
758 1331 881 1409 ἀνδρείοις

95 1401 165 1458 κατὰ
189 1401 219 1459 τὸ
236 1405 350 1483 θαρρεῖν.
368 1403 436 1464 Ἀλλ’
451 1410 475 1464 oi
500 1408 547 1481 μὲν
563 1413 677 1492 ἀνδρεῖοι
693 1417 819 1496 θαρροῦσι
835 1420 878 1478 διὰ

95 1486 129 1544 τδι
146 1492 340 1568 προειρημένα,
361 1484 430 1552 οὗτοι
449 1496 475 1553 δὲ
493 1497 536 1558 διδ
556 1499 586 1556 ab
600 1499 700 1559 οἴεσθαι
720 1505 801 1580 μηδὲν
816 1507 876 1564 πεί-

96 1581 188 1634 σεσθαι
202 1580 326 1657 λυπηρόν.
343 1581 423 1640 Otto
436 1583 463 1641 δὲ
477 1583 523 1643 καί
536 1587 559 1643 οἵ
572 1587 760 1666 μεθυσκόμενοι
775 1595 878 1655 εὐέλπι·

97 1665 139 1730 θές
158 1669 244 1745 εἰσιν,
267 1668 306 1728 ὅτι
330 1672 427 1733 οἴονται
450 1672 536 1732 πάντα
575 1680 661 1742 αὐτοῖς
688 1681 748 1738 καθ’
779 1684 875 1755 ἡδονὴν

96 1757 269 1828 ἀπαντήσειν·
287 1763 328 1820 διὰ
342 1769 418 1822 τοῦτο
432 1762 478 1822 καὶ
493 1765 596 1823 ἐπειδὰν
608 1769 733 1834 ἐναντίοις
749 1771 876 1852 ἐντύχωσι

95 1849 145 1902 τῶν
171 1851 414 1930 προσδοκωμένων,
441 1855 622 1926 ἀποπηδῶσιν.
652 1856 685 1917 Ὁ
712 1858 738 1916 δὲ
761 1865 876 1941 ἀνδρεῖος

92 1934 224 2012 ἐρχόμενα
250 1938 295 1998 καΙ
319 1941 462 2022 φαινόμενα
487 1941 520 1998 τά
541 1944 646 2022 λυπηρά
669 1948 812 2024 ὑπομένει,
832 1950 874 2010 δτι

93 2025 190 2098 ἀγαθόν
206 2029 275 2084 ἐστιν
291 2031 443 2104 ἀπομένειν,
467 2029 483 2100 ἢ
500 2033 608 2110 αἷσχρδν
627 2034 656 2092 τὸ
672 2035 708 2110 μὴ
726 2038 872 2112 ὑπομένειν.

90 2110 143 2168 brt
169 2119 244 2173 τοῦτο
266 2116 312 2176 καΙ
328 2121 354 2177 ἐν
375 2126 427 2184 τοῖς
448 2119 572 2198 ἀνδρείοις
594 2123 690 2189 ἐκεῖνος
712 2127 811 2200 μᾶλλον
828 2133 874 2187 ἀν-

90 2199 175 2276 δρεῖός
202 2207 288 2281 ἐστιν,
309 2205 335 2271 tr
357 2207 382 2263 ἐν
410 2213 463 2272 τοῖς
489 2208 650 2282 οιῖιρνιδίοις(Ι
670 2212 804 2294 ἀτάραχος
827 2217 874 2276 καί

91 2287 190 2368 ἀροθός
206 2293 293 2366 ε’στιν,
318 2293 378 2364 ἢέν
394 2302 445 2360 τοῖς
471 2296 570 2375 σφόδρα
597 2298 737 2377 προδήλοις
757 2301 803 2360 καί
822 2307 873 2382 πρὸ

88 2379 231 2458 ὀφθαλμῶν
243 2373 324 2440 οάσιν·
339 2386 353 2440 δ
366 2381 413 2457 μὲν
424 2382 492 2462 τγθρ
508 2384 695 2462 προγινώσκων
707 2387 740 2446 τά
755 2391 873 2472 λυπηρεί,

89 2472 211 2548 λογισμῷ
238 2471 283 2527 καὶ
307 2469 391 2551 κρίσει
411 2475 748 2566 προπαρασκεμασάμενος,
764 2482 873 2558 ὑπομεί-

87 2577 156 2613 νειεν
173 2557 212 2614 ἀν·
229 2560 243 2614 δ
258 2557 283 2616 δὲ
300 2559 337 2635 μὴ
353 2559 555 2639 προγινώσκων,
572 2567 629 2619 εἶτα
648 2563 755 2622 ἐπιόντα
770 2569 871 2646 θπομέ-

87 2669 149 2716 νων,
164 2645 240 2718 δῆλός
257 2649 325 2704 ἐστιν
338 2649 372 2714 είς
384 2647 433 2715 ἕξιν
450 2649 569 2728 ἀνδρείας
585 2651 678 2713 ἐλθών.

130 2734 158 2764 **
169 2737 299 2812 rii-porres
314 2736 340 2794 δὲ
351 2738 463 2816 ἀνδρεῖοι
473 2741 517 2797 καί
527 2742 550 2797 οἱ
562 2741 593 2797 δι’
606 2739 712 2820 ἄγνοιαν
726 2749 776 2804 τῶν
789 2749 872 2805 ἀπαν-

88 2822 220 2892 εησόντων
244 2827 334 2882 κακῶν
355 2826 390 2891 εἷς
414 2823 473 2891 τοθς
488 2827 621 2896 κινδύνους
646 2833 788 2910 ὁρμῶντες.
817 2835 870 2894 ital

84 2909 180 2988 σγεδδν
195 2915 246 2969 τῶν
262 2913 402 2971 εὐελπίδων
420 2915 492 2972 οὐδὲν
506 2917 675 2996 διαφέρουσι,
687 2923 756 2994 πλὴν
771 2923 830 2982 ὅσον
845 2927 869 2982 oi

84 2998 136 3074 μὲν
151 3000 282 3066 εὐέλπιδες
297 3001 456 3077 ὑπομένουσι
473 3001 507 3060 τά
524 3003 595 3064 δεινδι
609 3005 703 3084 χρόνον
720 3009 791 3069 τινοί·
808 3013 832 3068 ol
842 3009 870 3069 δὲ

681 619 723 677 διδ
746 622 775 681 τὸ
798 627 887 694 πάθος·

1658 439 1716 500 367

935 549 1009 602 fortes
1018 557 1084 616 sunt,
1098 557 1141 606 sed
1151 571 1273 623 pugnaces
1285 579 1291 611 ι
1305 577 1385 628 neque
1400 567 1467 618 euim
1477 569 1607 624 honestate
1620 575 1717 630 inducti

934 644 1010 690 ruunt
1020 647 1064 692 aut
1077 648 1276 710 stomachantur,
1288 652 1332 702 sed
1343 654 1418 704 animi
1434 658 1523 710 ardore
1537 661 1634 727 abrepti
1647 683 1652 714 ι
1670 681 1715 718 ne-

934 744 983 794 que
998 736 1026 781 ut
1043 739 1139 797 oportet
1159 741 1202 788 aut
1215 743 1283 791 recta
1294 743 1358 793 ratio
1369 750 1460 807 monet,
1473 748 1517 800 sed
1526 757 1601 814 prout
1615 761 1716 818 pertur-

932 816 1030 870 batione
1045 823 1161 874 concitati
1177 830 1243 878 sunt.

961 909 1084 962 Videntur
1095 915 1170 965 oliam
1185 918 1230 982 qui
1252 919 1313 970 benc
1334 927 1433 986 sperant
1452 941 1539 979 omnes
1552 943 1606 982 esse
1621 930 1713 1000 fortes,

929 1008 1008 1058 quum
1031 1003 1113 1051 tamen
1135 1017 1182 1052 non
1199 1005 1247 1055 sint
1266 1021 1358 1060 omnes.
1381 1015 1490 1065 Possunt
1515 1018 1580 1068 enim
1601 1021 1714 1074 nonnulli

928 1083 992 1136 bene
1013 1101 1128 1159 sperare,
1151 1095 1277 1158 nonquod
1289 1096 1427 1160 honestatis
1448 1117 1521 1155 causa
1538 1119 1577 1156 res
1597 1111 1714 1161 moles-:e

928 1186 976 1223 non
989 1179 1115 1237 metuant,
1134 1181 1178 1230 sed
1194 1184 1262 1245 quod
1279 1188 1304 1234 et
1317 1188 1409 1251 saepius
1426 1194 1451 1240 et
1470 1193 1564 1244 multos
1586 1198 1711 1258 vicerunt,

926 1257 1031 1324 ideoque
1048 1277 1114 1313 nuno
1132 1279 1231 1330 quoque
1246 1272 1382 1336 confidunt,
1397 1274 1451 1328 fore
1463 1283 1491 1329 ut
1503 1295 1552 1331 non
1567 1283 1676 1335 incidant
1688 1287 1712 1336 in

926 1349 1027 1401 malum.
1045 1352 1169 1404 Caeterum
1182 1356 1274 1408 idcirco
1285 1359 1362 1412 fortes
1373 1364 1499 1428 videntur,
1511 1371 1572 1434 quia
1589 1377 1712 1436 quatenus

925 1434 1039 1489 fdrrciam
1051 1440 1150 1501 habent,
1162 1441 1268 1497 fortibus
1284 1449 1377 1500 similes
1391 1458 1457 1504 sunt.
1480 1458 1575 1508 Verum
1589 1462 1712 1524 quemad·

924 1524 1026 1574 modum
1039 1525 1115 1578 fortes
1128 1536 1229 1594 proptor
1241 1547 1283 1584 eas
1297 1550 1360 1599 quas
1380 1539 1491 1592 diximus
1504 1557 1592 1595 causas
1613 1547 1708 1606 fidunt,

924 1611 995 1662 siohi
1008 1616 1105 1677 quoda
1124 1617 1208 1669 dolore
1221 1624 1246 1670 et
1264 1624 1377 1675 molestia
1392 1631 1461 1678 tutos
1479 1645 1506 1680 se
1525 1630 1711 1687 forearbitmn-

924 1703 972 1750 tur.
987 1703 1024 1752 ita
1038 1703 1099 1754 ebrii
1113 1719 1214 1772 quoque
1224 1709 1286 1760 bone
1303 1719 1415 1776 sperant,
1431 1718 1490 1782 quia
1502 1720 1584 1771 omnia
1594 1735 1624 1772 ex
1634 1725 1710 1776 animi

922 1791 1045 1841 sententia
1067 1799 1187 1845 eventura
1211 1799 1258 1850 sibi
1276 1801 1404 1866 judicaut3
1429 1805 1534 1871 ideoque
1561 1824 1640 1874 quum
1662 1814 1710 1864 alia

923 1892 998 1942 quam
1008 1889 1166 1943 speraverant
1179 1886 1214 1936 eis
1232 1890 1373 1951 evenerint,
1389 1892 1530 1958 aufugiunt.
1551 1901 1583 1948 rit
1600 1914 1658 1950 vero
1672 1903 1710 1954 vir

921 1963 993 2016 fortis
1003 1968 1130 2020 molestias
1142 1973 1281 2035 venientes,
1297 1991 1354 2042 quae
1368 1981 1420 2044 J'am
1433 1988 1565 2046 apparent,
1590 1989 1708 2049 sustinet,

920 2045 988 2106 quod
1001 2047 1042 2096 vel
1059 2051 1181 2101 sustinere
1194 2067 1236 2104 eas
1247 2055 1380 2108 honestum
1392 2060 1432 2120 sit,
1452 2063 1492 2113 vel
1508 2067 1576 2129 quod
1588 2081 1636 2117 non
1652 2083 1709 2120 sus-

919 2123 999 2173 tinere
1015 2126 1047 2174 sil
1059 2129 1138 2190 turpe.
1153 2132 1274 2188 Quocirca
1287 2135 1363 2186 etiam
1379 2137 1444 2188 iuter
1465 2139 1543 2192 fortes
1560 2144 1603 2194 ille
1615 2145 1706 2198 fortior

921 2207 966 2261 est,
979 2204 1023 2267 qui
1037 2205 1060 2254 in
1075 2207 1148 2257 rebus
1162 2213 1297 2274 repentinis
1311 2214 1508 2279 imperterritum
1517 2235 1544 2271 se
1554 2223 1708 2289 minimeque

920 2284 1092 2345 perturbatum
1103 2289 1212 2350 praebel,
1229 2306 1306 2356 quam
1318 2294 1344 2344 in
1359 2298 1435 2348 rebus
1455 2302 1593 2352 manifestis
1611 2307 1637 2354 et
1649 2310 1708 2356 anta

918 2366 1003 2416 oculos
1017 2369 1104 2430 positis
1115 2391 1121 2419 ι
1132 2375 1244 2436 namqui
1258 2377 1368 2438 prrsnovi
1395 2377 1480 2430 futura
1492 2397 1549 2446 queo
1562 2385 1704 2438 molestiam

919 2442 1008 2493 afferre
1022 2451 1139 2509 possunt,
1151 2449 1174 2498 is
1187 2451 1283 2502 ratione
1300 2455 1429 2517 etjudicio
1438 2459 1483 2508 diu
1495 2465 1552 2510 aute
1566 2461 1705 2515 instructus

918 2519 991 2571 facile
1010 2537 1039 2573 ca
1062 2525 1209 2577 sustinuerit
1224 2529 1358 2594 :quivero
1379 2535 1445 2585 mala
1462 2537 1532 2600 prius
1550 2538 1634 2603 ignota
1652 2547 1705 2594 lum

917 2614 996 2664 quum
1006 2602 1124 2666 ingruunt
1137 2607 1258 2668 sustinet,
1272 2623 1329 2660 eum
1340 2611 1497 2664 fortitudinis
1514 2617 1630 2669 habitum
1649 2621 1703 2685 jam

917 2684 1079 2731 consecutum
1088 2697 1141 2734 esse
1153 2689 1263 2750 apparot.

947 2767 1072 2822 Dicuntur
1087 2774 1112 2820 et
1127 2771 1164 2821 illi
1177 2769 1269 2836 fortes,
1283 2775 1328 2839 qui
1341 2788 1386 2838 per
1398 2777 1562 2840 ignorantiam
1579 2783 1701 2838 malorum

916 2859 973 2910 quac
985 2849 1095 2900 accidere
1107 2856 1224 2914 possunt,
1236 2854 1353 2916 periculis
1365 2869 1392 2906 se
1404 2859 1572 2913 committunt.
1585 2866 1666 2928 Atque
1676 2866 1703 2916 bi

916 2927 1017 2990 quidem
1033 2927 1083 2980 fere
1095 2932 1126 2981 ab
1140 2933 1284 2984 hominibus
1296 2934 1359 2985 bene
1375 2939 1533 3000 sperantibus
1554 2941 1615 2992 nihil
1626 2943 1703 2995 diffe-

915 3009 990 3066 runt,
1009 3007 1056 3057 nisi
1074 3009 1142 3070 quod
1156 3010 1182 3059 hi
1196 3011 1306 3074 pericula
1333 3013 1486 3078 aliquamdiu
1513 3021 1637 3071 sustinent
1660 3038 1666 3068 ι
1685 3023 1702 3074 ii

915 3097 974 3134 voro
991 3086 1036 3148 qui
1055 3087 1177 3150 ignorant,
1189 3089 1265 3140 simul
1283 3093 1359 3155 atque
1375 3101 1556 3158 coguoverunt,
1581 3098 1701 3164 fugitante

84 3091 253 3162 ἀγνοοῦντες,
269 3089 374 3148 ἐπειδδιν
387 3095 493 3170 γνῶσιν,
510 3093 658 3172 φεύγουσιν·
672 3095 762 3178 ὥσπερ
778 3101 801 3156 οἱ
814 3098 871 3179 Ἀρ-

81 3185 151 3255 γεῖοι
166 3177 262 3237 ἔπαθον
277 3181 461 3261 περιπεσόντες
482 3183 535 3250 τοῖς
551 3184 695 3264 Λάκωσιν,
713 3190 747 3254 ὡς
764 3189 868 3247 Σικυω-

80 3265 152 3332 νίοις.

917 3163 985 3227 quod
998 3167 1095 3228 Argivis
1114 3167 1213 3228 accidit,
1232 3168 1319 3232 quiin
1336 3171 1535 3226 lacedemonios
1554 3191 1599 3241 pro
1616 3179 1703 3242 Sicyo·

915 3241 963 3292 niis
978 3243 1128 3295 inciderunt.

125 3436 254 3516 (Scripsi
271 3449 302 3496 :¹¹
317 3438 455 3519 ἀνδρείας]
472 3459 509 3498 ex
522 3443 692 3515 Aristotele,
709 3459 741 3504 ut
755 3449 869 3506 caeteris
916 3449 1072 3522 militibus,
1085 3451 1120 3509 in
1133 3455 1289 3530 campestri
1301 3455 1381 3514 urbis
1395 3457 1471 3530 loco,
1489 3460 1540 3535 qui
1555 3461 1701 3522 Hermaeus

81 3527 258 3597 locis;cod.
285 3526 402 3607 ἀνδρίας.
426 3528 491 3573 —¹'
512 3532 762 3613 Πουλυδάμας]εκ
782 3537 868 3594 ΙΙίαιΙ.
916 3538 1130 3616 appellabatur,
1143 3563 1207 3599 cum
1222 3545 1399 3602 Onomarchi
1411 3548 1504 3625 copiis
1520 3550 1698 3610 conflixere:
1747 3631 1753 3641 ι

79 3613 178 3686 xxti,
195 3635 261 3673 roo.
281 3616 359 3676 Idem
371 3637 474 3676 versus
490 3620 594 3694 legitur
609 3621 638 3677 in
654 3621 748 3698 llagn.
766 3624 857 3684 lloral
926 3627 1103 3704 tcclnsisque
1117 3634 1230 3706 portis,
1247 3645 1279 3689 ut
1295 3632 1369 3708 fugae
1385 3655 1450 3713 spes
1466 3635 1625 3737 tolleremr,
1641 3641 1700 3698 for-

81 3703 140 3763 lib.
156 3703 181 3780 Ι,
197 3724 262 3782 cap.
277 3726 313 3760 ao
327 3719 414 3783 atque
433 3708 463 3764 in
480 3707 576 3768 Ethic.
596 3710 718 3770 Eudem.
737 3713 789 3773 lib.
807 3713 865 3788 ΙΙΙ,
917 3718 983 3772 titcr
997 3735 1053 3792 pro
1068 3717 1163 3794 patria
1178 3733 1367 3794 pugnarunt,
1382 3742 1543 3798 omnesque
1554 3726 1595 3781 ibt
1608 3740 1700 3828 rpter-

81 3813 147 3870 cap.
173 3815 196 3850 1.
224 3793 266 3848 ΑιΙ
289 3793 427 3852 Catonem
445 3815 516 3854 vero
537 3797 616 3856 hunc
639 3819 755 3858 versum
781 3803 869 3859 trahit
916 3804 982 3863 secti
997 3819 1079 3878 sunt;
1094 3807 1202 3864 milites
1218 3807 1257 3884 (oi
1275 3812 1450 3890 στρατιῶται]
1477 3831 1549 3869 vero
1567 3827 1662 3871 statim
1683 3837 1699 3875 a

82 3882 188 3940 Cicero
204 3881 240 3938 ad
268 3882 353 3940 Arrio.
373 3883 411 3954 ΙΙ,
437 3884 582 3956 servit,
610 3908 636 3942 r.
653 3920 689 3933 ·-
712 3884 865 3961 εἝκτωρ]
915 3895 1074 3972 principio,
1091 3895 1142 3953 ubi
1158 3896 1320 3955 Charopem
1336 3919 1370 3956 err
1395 3901 1519 3958 ducibus
1531 3902 1591 3960 suis
1607 3923 1698 3961 unum

81 3969 169 4028 lliad.
184 3969 264 4037 titt,
281 3971 336 4038 148
353 3990 397 4047 sq.
416 3997 482 4033 -ι
499 3974 582 4049 αἰδῶ]
602 3976 665 4032 cod.
681 3974 757 4035 αἶδὼ.
771 3983 782 4011 ⁶
796 3975 824 4033 δν
841 3977 869 4036 δέ
913 3981 943 4038 in
962 3985 1069 4059 proelio
1086 3983 1225 4040 cecidisse
1242 3984 1429 4058 audiverunt,
1453 3987 1526 4062 fugae
1539 4009 1569 4047 se
1579 3993 1698 4052 manda-

81 4062 107 4116 x'
121 4057 202 4135 ἐγὼν]
219 4056 301 4116 lliad.
319 4056 356 4130 ΙΙ,
378 4061 431 4137 391
451 4073 479 4118 et
495 4062 563 4136 393.
583 4061 681 4120 Utitur
698 4064 867 4126 Aristoteles
913 4085 992 4128 runt.
1014 4097 1026 4122 ι
1043 4069 1100 4128 Ubi
1112 4071 1207 4142 cives,
1231 4074 1335 4150 patrias
1349 4073 1536 4148 defensores,
1554 4075 1605 4155 (τὰ
1620 4082 1697 4138 πολι-

81 4146 598 4221 etiaml‘olit.lll,rtlrisversiculis,
610 4171 684 4227 quos
697 4156 868 4228 pronuntiat
911 4158 994 4234 τικά]
1022 4172 1214 4238 opponuntur
1240 4161 1383 4220 militibus
1411 4183 1600 4223 mercenariis
1624 4167 1697 4246 (τοῖς

83 4237 292 4311 Agamemnon.
316 4233 429 4294 Similia
446 4238 558 4314 profert
573 4237 680 4295 Hector
703 4237 787 4299 iliad.
804 4241 864 4314 XV,
914 4246 1118 4324 στρατιώταις).
1142 4246 1209 4291 -¹¹
1233 4247 1320 4316 σθένος
1341 4249 1440 4326 ἔμὸαλε
1465 4251 1559 4335 θυμῷ]
1578 4254 1696 4321 Homeri

83 4326 227 4392 stt-351.
255 4323 345 4382 Nemo
366 4339 460 4384 autem
487 4326 629 4402 Stagirites
651 4327 682 4386 in
708 4329 866 4389 referendis
911 4333 1003 4392 verba
1027 4332 1112 4394 iliad.
1130 4334 1206 4408 xvi,
1234 4337 1383 4415 δερμένος
1409 4339 1436 4398 δέ
1459 4343 1483 4399 oi
1506 4339 1607 4443 {piola
1621 4347 1696 4425 θυμῷ

78 4414 216 4474 versibus
230 4413 393 4472 llomericis
415 4415 623 4490 negligentiam
641 4429 753 4494 carpet,
776 4437 866 4494 (quum
909 4421 993 4478 robur
1006 4431 1103 4480 animo
1117 4433 1177 4500 ejus
1186 4433 1281 4500 injecit
1297 4440 1410 4486 mutare
1421 4441 1508 4506 atque
1524 4449 1555 4486 ιιι
1571 4431 1693 4488 alienam

80 4502 224 4560 memoria
246 4522 311 4560 enm
334 4503 412 4560 lraud
435 4503 525 4560 dubie
543 4503 689 4563 fefellerit.
706 4537 747 4548 -
759 4504 768 4540 Ι
780 4504 864 4573 κάπὶ]
910 4513 1080 4570 sententiam
1094 4515 1270 4592 detorquere
1290 4536 1378 4576 ausus
1392 4531 1435 4576 est
1455 4518 1628 4577 Aristoteles.
1643 4519 1694 4577 Fe·

79 4589 149 4650 cod.
166 4590 247 4667 κάπὶ]
269 4600 331 4635 -i
347 4589 485 4669 ‘lippoiop]
504 4591 665 4650 Eustratius
680 4591 716 4649 ad
733 4591 811 4650 hunc
823 4591 865 4652 lo·
910 4597 1029 4656 licianus
1043 4601 1115 4658 illud
1133 4601 1332 4678 sotietatem
1347 4608 1422 4682 θυμῷ
1437 4605 1526 4664 vertit
1540 4613 1693 4707 viresiujr'-

79 4701 150 4740 cum
165 4653 204 4737 ita
225 4678 349 4738 scribit:
367 4705 377 4730 a
396 4679 507 4736 llorum
528 4694 653 4757 utraque
677 4681 708 4738 in
734 4681 865 4739 llermaeo
909 4689 1125 4764 citi1·a,quasi
1143 4689 1243 4765 legerit
1264 4689 1353 4764 θυμός.
1372 4691 1511 4750 Similiter
1532 4692 1693 4754 Lambinus

79 4769 221 4828 Coroneae
236 4768 352 4826 lloeotiae
365 4768 449 4826 urlris
466 4770 530 4826 loco
544 4771 614 4828 olim
631 4771 789 4846 contigisse
802 4772 865 4830 visa
910 4776 1117 4851 interpretatur
1131 4797 1137 4832 :
1153 4782 1229 4832 vires
1239 4779 1355 4833 addidit
1364 4783 1417 4833 ira.
1430 4779 1489 4879 ⁸·-¹
1505 4776 1579 4853 μένος
1592 4776 1636 4880 κα]
1649 4784 1693 4838 θυ-

80 4871 161 4916 sunt.
187 4856 257 4914 Nam
277 4877 366 4933 qutun
383 4877 476 4915 arcem
496 4859 580 4916 urbis
595 4878 648 4936 per
664 4860 863 4937 proditionem
910 4862 957 4938 μδν
973 4859 1073 4943 ἔγειρε]
1093 4861 1159 4920 llaec
1182 4862 1318 4922 videntur
1334 4865 1438 4923 referr1
1454 4865 1490 4924 ad
1510 4867 1692 4978 liomepullo-

79 4959 194 5025 captam
209 4947 411 5004 Onomarclnrs
427 4947 585 5006 Phocensis
607 4963 796 5026 occupasset,
813 4951 862 5008 ci·
909 4970 976 5007 cum
992 4949 1075 5010 lliad.
1097 4951 1149 5012 lib.
1171 4951 1206 5024 V,
1230 4971 1311 5012 vers.
1335 4953 1394 5030 509
1414 4973 1474 5032 seq.
1491 4951 1517 5020 ὅς
1531 4978 1575 5056 μιν
1597 4979 1689 5034 ανωγει

82 5054 138 5096 ves
155 5033 207 5114 (τά
221 5035 364 5114 πολιτικά]
381 5038 478 5094 accitis
496 5057 512 5096 e
532 5037 646 5096 boeotia
670 5037 864 5097 atrxiliaribus
910 5037 1015 5116 Τρωσίν
1031 5037 1112 5114 θυμὸν
1128 5040 1245 5119 ἐγεῖραι,
1262 5061 1349 5118 quern
1366 5061 1420 5101 suo
1435 5061 1517 5101 more
1531 5047 1689 5123 interpola-

313 5179 466 5187 *—

112 5265 125 5290 *
135 5266 310 5330 Παραπλήσιον
325 5265 347 5314 δ’
366 5263 453 5326 ἔχουσί
463 5283 487 5317 τι
500 5268 546 5318 κτλ
614 5267 641 5296 **
658 5265 775 5331 Ἆνδρεῖαι
789 5268 815 5319 δὲ
828 5268 954 5332 φαίνονται
967 5269 1008 5318 καὶ
1021 5273 1043 5318 ol
1058 5273 1203 5338 ἀγνοοῦντες
1213 5274 1267 5325 κτλ.
