3938 5968
194 285 256 345 486
821 281 1036 346 anbnonmr
1057 283 1191 348 nnobu

159 477 165 490 ,
194 419 250 476 ἐστι
263 415 390 498 φευκτόν;
407 417 436 475 οὗ
457 415 507 496 γὰρ
528 417 639 495 φευκτὸν
655 419 677 476 al
690 417 728 493 μὴ
742 414 835 478 κακόν·
853 421 883 478 οὐ
897 417 977 477 δύνα-
1025 433 1094 498 atqui
1108 447 1157 485 non
1169 435 1252 500 potest
1261 447 1309 486 non
1319 432 1405 500 lugere
1419 435 1530 488 dolorem
1541 437 1697 490 virbeatus:
1713 453 1817 493 necesse

192 529 237 567 ται
253 506 280 568 δὲ
296 506 334 584 μὴ
349 505 453 586 φεύγειν
464 505 513 577 τὴν
525 505 638 578 λύπηνδ
653 507 794 584 εὐδαίμων·
810 506 913 585 ἀνάγκη
926 505 978 588 γὰρ
1024 521 1089 571 enim
1105 525 1144 572 est
1163 521 1371 586 iucundissimam
1390 538 1444 575 esse
1464 525 1512 575 viri
1530 525 1597 576 beati
1618 527 1697 578 vitam
1716 541 1723 573 ι
1744 529 1816 593 quad

193 595 299 668 ἥδιστον
313 583 381 654 εἶναι
392 593 436 654 τδν
448 595 590 672 εὐδαίμονα
605 595 670 674 βίον·
685 595 801 656 τοῦτοδὲ
814 597 844 656 ού
859 598 977 671 δυνατόν,
1023 609 1126 676 quidem
1145 609 1197 662 lieri
1217 611 1317 678 nequit.
1332 612 1380 663 nisi
1400 613 1473 664 simul
1487 615 1594 665 beminis
1605 615 1672 666 beati
1689 619 1763 667 actus
1774 618 1814 681 ju·

194 687 217 746 al
231 684 270 764 μὴ
281 685 367 756 ἡδεῖαι
381 673 431 743 εἶεν
447 686 473 742 αἱ
486 685 614 764 ἐνέργειαι
628 691 674 745 τοῦ
686 685 846 765 εὐδαίμονος·
862 691 918 755 πῶς
926 683 978 766 γδρ
1024 699 1100 751 cundi
1120 699 1171 751 slnt
1191 713 1198 750 ι
1215 701 1340 766 quomodo
1357 701 1422 754 enirn
1436 703 1615 767 jucundissima
1634 719 1690 756 esse
1711 709 1817 771 posset?

194 773 225 834 ἂν
241 774 345 847 ἥδιστος
359 771 478 852 γίνοιτο;
501 774 524 830 εἰ
541 773 568 832 δὲ
585 772 652 850 μήτε
668 775 748 836 κακὸν
765 775 892 850 ἡὴδονή,
910 775 978 854 μήτε
1024 789 1063 839 sin
1081 793 1165 841 autem
1179 803 1260 855 neque
1274 791 1368 841 malum
1390 797 1429 842 est
1448 793 1578 860 voluptas,
1594 808 1676 861 neque
1696 809 1747 846 non
1770 797 1818 847 bo·

193 867 239 924 οὗκ
248 863 362 942 ἀγαθόν,
375 861 416 935 είη
429 861 460 922 ἂν
474 862 580 940 ἀγαθόν.

235 951 360 1034 (Scripsi
376 969 383 1012 :
398 949 476 1030 ·διδ]
495 951 562 1012 cod.
578 951 612 1010 δι’
633 951 658 1013 δ.
672 950 737 999 -b
758 953 817 1033 πή]
832 955 899 1016 cod.
926 979 975 1036 πη.

191 1043 326 1115 -θπήλ
349 1041 414 1102 cod.
432 1041 579 1123 πῇ.“πὴ]
604 1042 668 1102 cod.
684 1045 723 1124 πῇ
743 1044 977 1124 -θδῆλονὸτι]

192 1133 260 1195 cod.
281 1129 412 1205 δηλονότι.
437 1131 497 1176 -s
515 1130 593 1192 τοῦτό
615 1131 701 1213 τινες]
720 1133 786 1195 σού.
811 1137 889 1196 τοῦτο
901 1133 978 1202 τινὲς.

191 1237 256 1274 -r
271 1221 325 1300 διὸ]
345 1220 409 1282 cod.
428 1217 463 1278 δι’
479 1219 504 1279 δ.
523 1253 561 1268 -
585 1221 796 1303 ΙΙφημίζουσιν]
820 1245 886 1284 cum
910 1225 977 1287 cod.

192 1309 375 1382 Andronici3
398 1323 467 1370 sunt
481 1323 578 1370 autem
595 1311 717 1372 Hesiodi
737 1334 841 1374 versus
860 1315 918 1392 Op.
935 1327 974 1376 et.

193 1401 229 1462 l).
246 1401 388 1475 ηδτ-763,
408 1401 438 1458 in
463 1399 572 1478 quibus
596 1401 682 1460 lectio
698 1403 802 1464 variat.
816 1402 871 1480 1μὴ
889 1403 979 1482 ἐστιν]

192 1487 282 1564 vulgo
300 1485 338 1566 μὴ
355 1485 439 1551 ἔστιν.
455 1488 521 1534 -¹
553 1489 603 1569 ην]
618 1489 682 1550 cod.
694 1491 752 1572 ζῇν.
768 1490 827 1536 -·¹
844 1491 882 1570 μή
895 1491 978 1572 ἔστιν]

192 1578 283 1657 vulgo
297 1577 335 1656 μὴ
353 1575 435 1638 ἔστιν.
450 1577 507 1657 -)

1024 893 1100 942 num,
1112 879 1228 948 sequitur
1242 880 1335 933 bonum
1348 893 1409 934 esse.

511 1763 582 1846 Κεφ.
605 1761 659 1846 κβ’.
1347 1787 1406 1854 cap.
1425 1789 1501 1838 llltll.

195 1945 294 2014 Ἀπορία
307 1947 348 1998 διὰ
361 1947 385 1999 τί
403 1953 473 1999 πᾶσα
489 1947 551 2008 lina
567 1948 683 2013 φῖυκῑόνι
701 1949 754 1999 ἕπῑὶ
772 1949 801 2000 οὗ
818 1954 888 2000 πᾶσα
903 1949 979 2010 ἡδονὴ
1026 1967 1151 2021 (tuantur,
1164 1974 1207 2010 cur
1221 1963 1343 2020 fugiendus
1356 1963 1385 2009 sit
1401 1963 1476 2009 omnis
1489 1965 1565 2017 dolor,
1582 1975 1653 2021 quum
1673 1977 1720 2010 non
1735 1971 1814 2012 οιαιιιε

457 2020 563 2084 ἀγαθόν,
574 2021 617 2068 καὶ
628 2020 702 2076 λύσις.
1194 2036 1299 2092 roluntas
1310 2035 1339 2080 rit
1354 2035 1413 2080 bona
1424 2049 1429 2075 ι
1443 2039 1467 2080 et
1476 2034 1638 2094 respondetur.

232 2166 245 2192 *
260 2167 415 2247 Ἀπορύσεῑε
430 2171 452 2228 δ’
468 2167 500 2228 ἄν
515 2193 573 2254 τις,
590 2169 612 2230 εἶ
627 2167 693 2237 τινὲς
712 2169 803 2242 ἡδοναί
821 2170 920 2250 ἀγαθαί
930 2172 981 2230 ῑίσῑ
1057 2185 1309 2237 Dubitaveritautem
1319 2187 1424 2252 aliquis,
1436 2188 1456 2238 si
1467 2187 1582 2254 quadam
1595 2188 1817 2254 voluptatesbonm

191 2257 237 2318 καί
253 2257 373 2339 αἴρεταί,
386 2257 457 2330 Ιτινὲς
478 2257 506 2318 δὲ
527 2261 643 2338 φαῦλαι,
668 2258 759 2340 ὥσπερ
783 2261 809 2320 αἱ
828 2259 981 2339 σωματικαὶ
1026 2277 1052 2326 et
1060 2275 1218 2340 expetenda,
1229 2275 1284 2324 alim
1299 2275 1372 2325 malae
1386 2281 1444 2326 sunt
1455 2317 1460 2334 ,
1472 2277 1560 2342 quales
1570 2277 1696 2328 habentur
1707 2281 1818 2344 corrueris

191 2348 251 2429 περί
266 2347 297 2414 ἃς
311 2353 324 2408 ὁ
337 2347 498 2420 ἀκόλαστος,
514 2347 557 2406 διὰ
572 2347 597 2406 τί
610 2357 686 2408 πᾶσα
699 2347 771 2422 λύπη
784 2349 907 2432 μοχθηρά
925 2352 981 2409 ίστι
1026 2359 1178 2423 voluptates.
1195 2357 1220 2408 in
1235 2357 1329 2424 quibus
1344 2363 1459 2411 versatur
1474 2359 1657 2426 intemperans,
1674 2375 1720 2412 carr
1737 2363 1819 2413 omnis

192 2437 236 2496 καλ
257 2436 367 2519 φευκτὴ·
394 2439 433 2496 δεῖ
447 2437 498 2518 γδρ
518 2436 566 2510 τὴν
591 2438 638 2515 μὲν
654 2437 774 2498 ἐναντίαν
798 2447 855 2506 ταῖς
870 2444 980 2518 ἀγαθαῖς
1026 2445 1096 2496 dolor
1106 2445 1188 2496 malus
1197 2461 1226 2496 ac
1240 2445 1373 2510 fugiendus
1383 2445 1432 2496 sit:
1451 2450 1550 2512 oportet
1566 2449 1632 2499 enim
1648 2448 1818 2500 dolorembc-

191 2528 297 2599 ἡδοναῖς
315 2520 403 2600 λύπην
421 2527 538 2608 πονηφίιν
553 2519 638 2600 εἶναι,
655 2527 703 2600 τὴν
729 2527 757 2588 δὲ
780 2537 839 2596 ταῖς
866 2528 980 2608 φαύλαις
1025 2533 1064 2582 nis
1083 2531 1253 2596 voluptatibus
1274 2531 1426 2582 contrarium
1439 2533 1535 2584 malum
1552 2548 1622 2594 csse,
1639 2535 1712 2586 malis
1732 2541 1818 2586 autem

191 2618 310 2677 ἐναντίαν
326 2617 439 2698 ἀγαθήν·
452 2622 528 2698 κακῷ
543 2619 594 2698 γὰρ
609 2618 725 2678 ἐναντίον
741 2619 848 2698 ἀγαθόν·
859 2622 882 2678 εἰ
895 2617 922 2677 δὲ
934 2622 980 2677 καὶ
1026 2616 1177 2667 wilarium
1189 2617 1282 2668 bimum
1295 2633 1301 2662 ¹
1312 2617 1403 2681 ‘lulli‘e
1417 2617 1484 2667 ffl³l⁰
1495 2619 1647 2668 milliarium
1655 2618 1748 2670 b⁰¹11¹¹¹l
1757 2625 1816 2670 0⁵¹²

192 2706 284 2780 αύτηὴ
296 2707 367 2780 λύπη
382 2706 497 2786 πονηραί,
507 2706 601 2775 δόξειεν
616 2706 649 2766 ἂν
661 2705 708 2774 τὰς
718 2706 873 2786 σωματικδς
885 2708 980 2777 ἡδονὰς
1027 2699 1115 2768 quodsi
1130 2701 1206 2750 etiam
1225 2696 1266 2750 hic
1279 2699 1349 2750 dolor
1366 2703 1404 2750 est
1420 2701 1520 2761 malus,
1541 2703 1650 2766 οοιγιοτίε
1672 2703 1818 2768 vuluptates

192 2800 289 2874 ἀγαθὸν
304 2789 383 2858 εἶναι.
397 2797 469 2876 Πρὸς
478 2796 782 2875 δὴταῒιταλέγομεν,ὅτι
791 2797 980 2876 αίσωματικαλ
1026 2790 1096 2840 ¹³⁰⁰ae
1120 2801 1174 2839 ⁰⁸⁸⁰
1199 2787 1357 2882 Vidflbflfltuf·
1385 2787 1423 2838 Ad
1445 2788 1500 2839 ΜΟ
1523 2787 1600 2852 igitur
1621 2790 1817 2856 fflsslnssdemllsr

190 2887 283 2960 ἡδοναί
303 2886 402 2962 ἀγαθαί
421 2889 485 2944 είσιν
501 2884 600 2962 οὕτως,
615 2884 684 2944 ὥστε
709 2885 747 2962 μὴ
764 2875 832 2946 εἶναι
845 2887 937 2946 κακαί·
949 2887 980 2946 τὸ
1025 2877 1061 2927 Ῑιθ
1077 2874 1153 2924 b⁰⁰³⁸
1172 2883 1226 2922 ⁸⁸⁹²
1243 2883 1353 2936 mmm
1375 2872 1530 2937 mmmm
1545 2877 1634 2923 “1⁰⁰⁰
1652 2875 1702 2924 sint
1720 2875 1816 2926 ’Μ’

191 2977 242 3057 γὰρ
257 2975 294 3052 μὴ
317 2975 398 3034 κακὸν
420 2974 521 3054 ἀγαθόν
538 2976 606 3035 ἐστι.
623 2978 712 3036 Τοῦτο
726 2973 777 3056 γὰρ
802 2973 882 3056 μέχρι
896 2977 976 3045 τινός.

191 3064 299 3144 Ἀγαθαλ
312 3063 362 3143 γοίρ
375 3065 425 3124 εἰσι
437 3061 510 3123 τόνδε
524 3061 569 3122 τδν
588 3063 684 3144 τρόπον
699 3067 726 3122 αἱ
739 3061 777 3141 μὴ
793 3063 978 3144 ὓπερὸοίλλου·

192 3177 245 3214 σαι·
271 3153 314 3213 διὰ
338 3159 415 3212 τοῦτο
432 3158 459 3212 αἱ
481 3154 586 3212 λῦπαι·
609 3154 637 3210 αἱ
667 3151 784 3212 ἐναντίαι
805 3155 915 3224 ταύταις
932 3157 978 3216 οὐκ

191 3244 258 3305 εἰσίν
283 3241 389 3321 ἀγαθαί·
405 3241 462 3302 ἐπεὶ
488 3241 617 3324 γδρίξεις
632 3241 722 3320 οἱμὲν
740 3241 936 3323 ὑπερύοίλλουσι
948 3246 978 3306 τὸ

193 3331 329 3413 βέλτιστον
340 3329 387 3390 καί
401 3330 432 3389 ab
443 3331 517 3402 δέον,
532 3333 559 3388 ai
568 3329 594 3389 δὲ
607 3331 656 3411 οὐχ
668 3329 886 3408 ύπερύοίλλουσιν·
898 3335 977 3414 ὓπερ·

192 3421 322 3482 ίοίλλουσι
339 3419 385 3498 μίν
402 3421 430 3478 αἱ
447 3419 590 3496 ἀναγκαῖαι
607 3417 688 3492 ἕξεις,
712 3409 784 3491 οἷον,
800 3423 973 3502 ἡθρεπτική,

191 3507 237 3568 καί
253 3510 280 3566 αἱ
293 3507 370 3566 ἄλλοι
387 3511 546 3586 ἀναγκαῖαι,
562 3505 607 3565 καί
620 3505 686 3574 ὅλως
699 3507 726 3564 αἱ
742 3509 902 3586 σωματικαί·
917 3511 973 3570 ἔστι

191 3600 241 3677 γὰρ
259 3597 338 3658 πλέον
360 3603 405 3656 τοῦ
421 3596 525 3664 δέοντος
540 3599 631 3664 αὐταῖς
645 3597 807 3676 χρήσασθαι·
823 3601 872 3678 οὐχ
895 3603 976 3681 ὓπερ-

192 3689 318 3747 ύοίλλουσι
341 3686 385 3759 δέ,
408 3686 472 3746 ὅσαι
493 3685 684 3763 ἐπιτεινόμεναι
710 3690 760 3768 οὐχ
780 3687 977 3770 ύπερὸοίλλουσι

191 3776 220 3836 nd
235 3776 311 3849 δίον,
326 3777 385 3835 ἀλλ’
402 3776 442 3834 ciel
458 3775 557 3856 αἰγαθαί
572 3777 649 3851 εἰσιν,
662 3773 753 3856 ὥσπερ
771 3779 799 3836 αἱ
815 3778 975 3858 θεωρητικαί

190 3865 263 3935 ἑἙεῖς.

231 3954 340 4031 ““,Ἐπεὶ
354 3954 380 4014 δὲ
391 3956 418 4013 αἱ
427 3953 519 4026 ἡδοναὶ
530 3963 586 4023 ταῖς
594 3953 677 4025 ἕξεσιν
688 3935 882 4031 ιἰιίολουθοῦσιν,
895 3958 977 4038 ἀνοίγ-

191 4068 225 4116 κη
241 4042 286 4102 καί
304 4047 355 4102 τῶν
368 4045 467 4114 ἡδονῶν
485 4045 532 4112 τδς
547 4045 594 4118 μὲν
609 4043 782 4124 ὑπερὸοίλλιιν
799 4046 829 4105 τὸ
846 4047 913 4119 δίον,
928 4049 974 4117 τὰς

192 4133 220 4192 δὲ
239 4133 277 4210 μὴ
293 4131 479 4212 ύπερύοίλλειν.
505 4130 591 4194 Ὅσαι
616 4134 701 4194 τοίνυν
723 4134 920 4214 ύπερύοίλλουσι
945 4137 976 4198 τὸ

192 4221 249 4282 δίον
265 4221 362 4298 φαῦλαί
377 4223 443 4296 εἶσι,
459 4221 503 4280 καὶ
520 4223 588 4281 κατδι
603 4226 701 4292 ταύτας
715 4230 729 4284 δ
746 4226 891 4294 ἀκόλαστός
907 4231 973 4304 ἐστι,

189 4310 235 4371 καὶ
251 4309 400 4390 δᾶκφατὴς·
416 4309 486 4370 κατὰ
498 4311 544 4379 τδις
561 4311 588 4370 δὲ
602 4313 720 4381 ἐναντίας
730 4313 815 4383 λύπας
829 4317 974 4388 ἀκόλαστος

190 4405 219 4461 οὐ
237 4397 299 4478 περί
309 4397 355 4467 τδις
369 4398 544 4480 ὑπερύολικοίς
567 4403 654 4477 ἐστιν,
671 4401 741 4461 ἀλλὰ
765 4405 812 4472 τὰς
828 4405 876 4482 μὲν
891 4409 973 4486 ὑπεφ-

1025 2956 1143 3009 nimirum
1156 2957 1225 3023 quod
1241 2970 1288 3007 non
1310 2961 1348 3008 eat
1366 2957 1476 3020 malum,
1496 2961 1633 3010 necessario
1652 2960 1745 3012 bonum
1768 2968 1816 3014 est.

1025 3047 1188 3114 aliquatenus
1201 3045 1267 3098 enim
1277 3047 1324 3098 boc
1336 3047 1455 3112 procedit.
1467 3049 1520 3100 linc
1529 3047 1645 3100 videlicet
1658 3049 1733 3102 modo
1745 3051 1818 3104 bone

1025 3139 1096 3194 sunt,
1113 3147 1172 3200 qua
1181 3148 1229 3184 nou
1241 3133 1364 3184 excedunt
1375 3135 1479 3184 modurn
1494 3151 1499 3184 :
1519 3135 1625 3201 ideoque
1640 3135 1739 3188 dolores
1751 3153 1818 3202 quc-

1023 3229 1074 3280 qua
1086 3215 1130 3280 qui
1144 3215 1183 3264 bis
1192 3217 1357 3280 opponuntur,
1371 3219 1491 3264 nunaunt
1506 3214 1563 3268 boui
1581 3229 1680 3280 :quum
1692 3218 1758 3268 enim
1774 3218 1816 3268 alii

1024 3295 1126 3347 habitus
1133 3294 1314 3360 facultatesque
1326 3295 1454 3354 excedant.
1467 3295 1509 3346 alii
1520 3310 1568 3346 non
1580 3297 1701 3348 excedant
1709 3298 1735 3348 id
1748 3300 1815 3364 quod

1024 3377 1062 3426 eat
1076 3375 1197 3440 optimum
1212 3378 1237 3425 el
1255 3373 1359 3424 modurn
1374 3393 1380 3422 ι
1403 3373 1527 3425 excedunt
1551 3374 1653 3440 quidem
1670 3379 1815 3428 umescana

1024 3453 1167 3514 facultates,
1184 3457 1214 3504 ut
1232 3454 1357 3506 nutriendi
1372 3453 1478 3506 facultas
1494 3454 1646 3520 reliquaque
1659 3458 1812 3517 necessaria,

1023 3551 1109 3588 ornnes
1122 3535 1228 3602 denique
1247 3549 1304 3601 quaa
1327 3539 1386 3586 suut
1405 3536 1538 3600 corporis:
1560 3537 1638 3599 magis
1651 3537 1719 3587 enim
1739 3552 1814 3603 quam

1023 3617 1094 3669 decet
1109 3616 1147 3666 uti
1164 3615 1214 3666 illis
1227 3618 1309 3681 potest
1325 3615 1416 3680 aliquis
1434 3629 1503 3666 :uon
1517 3620 1575 3666 sunt
1594 3620 1679 3668 autern
1692 3617 1813 3668 inmode-

1024 3704 1071 3755 rati
1083 3703 1184 3755 habitus
1198 3706 1223 3754 el
1235 3701 1379 3762 facultates,
1395 3701 1440 3766 qui
1455 3702 1475 3750 si
1490 3699 1660 3760 intenduntur,
1680 3717 1730 3754 non
1745 3718 1813 3754 exce

1023 3790 1087 3840 dunt
1106 3789 1220 3847 modum,
1246 3787 1289 3838 sed
1314 3801 1410 3851 semper
1435 3789 1492 3837 sunt
1510 3786 1582 3846 boni,
1611 3786 1681 3836 velut
1702 3792 1811 3838 euntem·

1023 3876 1106 3942 piandi
1119 3874 1232 3926 facultas.
1289 3862 1294 3870 ’

1054 3969 1138 4025 Quum
1152 3967 1236 4014 autern
1257 3962 1398 4026 voluptates
1420 3964 1557 4026 sequantur
1577 3960 1689 4020 habitus,
1711 3975 1807 4012 necesse

1022 4059 1062 4107 est
1073 4055 1148 4106 etiam
1158 4053 1219 4103 alias
1230 4052 1372 4115 uoluptates
1388 4063 1441 4102 esse
1460 4063 1518 4114 qum
1533 4049 1666 4108 excedant,
1677 4050 1737 4099 alias
1748 4063 1802 4114 qun

1022 4159 1071 4196 non
1086 4140 1326 4194 excedantmodum.
1340 4142 1401 4197 Quae
1416 4153 1473 4204 ergo
1485 4137 1589 4189 modum
1603 4137 1736 4196 excedunt,
1748 4141 1805 4188 sunt

1021 4234 1107 4293 malae,
1124 4233 1149 4282 ln
1169 4231 1250 4296 iisque
1268 4229 1435 4294 intemperans
1458 4231 1574 4278 versatur
1594 4231 1620 4278 et
1636 4227 1807 4278 incontinens:

1021 4322 1090 4391 quod
1111 4311 1170 4374 vero
1185 4321 1217 4372 ad
1231 4319 1356 4384 oppositos
1378 4315 1476 4368 dolores
1496 4315 1602 4378 attinet,
1624 4317 1713 4367 nonin
1729 4317 1812 4368 nimiis

1021 4417 1136 4466 versatur
1142 4413 1322 4476 intemperans¹
1336 4407 1380 4458 sed
1396 4405 1552 4458 incredibiles
1570 4407 1812 4473 magnasquesequi-

191 4488 442 4560 ύαλλούσαςὴδονδς
451 4489 549 4565 διώκει,
565 4490 648 4558 abac!
662 4491 757 4574 μικρὰς
770 4495 855 4563 λύπας
871 4491 984 4577 φεύγει(
1020 4507 1064 4555 tur
1081 4503 1232 4568 voluptates,
1246 4513 1336 4564 parvos
1347 4513 1407 4550 vero
1418 4497 1517 4548 dolores
1531 4495 1596 4564 fugit
1613 4495 1697 4548 :unde
1710 4500 1811 4562 apparet

190 4579 258 4639 ὥστε
277 4579 386 4660 φανερὸν
409 4578 450 4638 ὅτι
465 4589 523 4648 ταῖς
542 4580 771 4663 ὑπεφύαλλούσαις
785 4585 890 4658 ἡδοναῖς
905 4591 932 4648 αῖ
946 4589 973 4646 ἐν
1020 4593 1118 4644 dolores
1138 4592 1164 4644 in
1177 4591 1275 4642 bomine
1290 4590 1469 4655 intemperante
1490 4601 1547 4638 cum
1561 4585 1752 4638 incredibilibus
1765 4602 1811 4638 νο-

190 4673 228 4749 τῷ
252 4670 393 4752 ἀκολάστῳ
416 4671 596 4751 ἀντικείμεναι
620 4675 703 4735 λῦπαι
727 4679 777 4757 οὐχ
801 4677 974 4757 ὓπερύολικαί
1021 4677 1662 4748 luptatibuspugnantesnonnimioscedmadiocres
1670 4676 1812 4734 essetalee·

190 4761 273 4835 εἰσιν,
298 4760 367 4820 ἀλλὰ
390 4757 515 4841 μέτριαι,
539 4763 585 4822 καὶ
610 4763 641 4832 ἂς
666 4765 749 4834 οὐδεὶς
774 4765 806 4826 διν
827 4768 904 4850 φύγοι
920 4773 973 4828 τῶν
1019 4787 1069 4838 quc
1084 4773 1171 4838 quales
1180 4785 1252 4822 nemo
1261 4771 1382 4821 honestus
1391 4769 1461 4827 vitet,
1482 4767 1581 4833 quiana
1598 4765 1810 4832 doloresquidem

190 4850 354 4926 σπουδαίων,
369 4851 409 4911 δτι
424 4853 482 4912 οὐδὲ
498 4853 581 4914 λῦπαί
602 4857 676 4914 εἰσιν·
694 4855 764 4916 till
788 4861 828 4938 τῷ
849 4857 972 4918 διώκοντι
1019 4864 1077 4912 sunl
1090 4878 1096 4911 :
1111 4861 1154 4912 sed
1166 4861 1187 4911 ei
1198 4861 1243 4926 qui
1255 4860 1414 4924 voluptatum
1428 4855 1658 4908 immoderationem
1681 4856 1803 4921 sequitur.

189 4937 237 5020 τὴν
252 4939 400 5022 ὕπερὸολὴν
415 4945 466 5001 τῶν
478 4942 576 5014 ἡδονῶν
594 4945 711 5024 ἀλγεινὸν
731 4946 802 5005 δοκεῖ
814 4945 844 5006 τδ
860 4946 973 5027 μετρίως
1019 4951 1150 5002 molestum
1168 4949 1276 5008 videtur,
1299 4948 1396 4999 modice
1418 4947 1450 4999 iis
1478 4951 1504 4997 et
1525 4945 1614 4996 rationi
1634 4945 1809 4997 convenienter

218 5167 231 5193 *
245 5167 303 5230 Cap.
320 5171 355 5220 tl.
366 5168 422 5235 περὶ
436 5168 463 5218 δὲ
477 5169 506 5228 δή
525 5171 575 5219 τῶν
591 5173 740 5234 σωματικῶν
755 5173 851 5231 ἡδονῶν
864 5175 923 5237 κτλ.
938 5198 968 5210 -
982 5173 1009 5203 **
1022 5173 1117 5233 Πάντες
1131 5173 1177 5241 γὰρ
1193 5174 1308 5241 χαίρουσι
1320 5175 1373 5225 κτλ.
