<?xml version="1.0" encoding="UTF-8"?>
<!DOCTYPE html PUBLIC "-//W3C//DTD XHTML 1.0 Transitional//EN"
    "http://www.w3.org/TR/xhtml1/DTD/xhtml1-transitional.dtd">
<html xmlns="http://www.w3.org/1999/xhtml" xml:lang="en" lang="en">
 <head>
  <title>
</title>
<meta http-equiv="Content-Type" content="text/html;charset=utf-8" />
  <meta name='ocr-system' content='tesseract 3.04.00' />
  <meta name='ocr-capabilities' content='ocr_page ocr_carea ocr_par ocr_line ocrx_word'/>
</head>
<body>
  <div class='ocr_page' id='page_1' title='image "./fragmentaphilos01mullgoog/fragmentaphilos01mullgoog_0230.png"; bbox 0 0 3958 5942; ppageno 0'>
   <div class='ocr_carea' id='block_1_1' title="bbox 819 506 1732 586">
    <p class='ocr_par' dir='ltr' id='par_1_1' title="bbox 819 506 1732 586">
     <span class='ocr_line' id='line_1_1' title="bbox 819 506 1732 586; baseline 0.015 -14"><span class='ocrx_word' id='word_1_1' title='bbox 819 506 1068 576; x_wconf 79' lang='lat' dir='ltr'><strong>FRAGMENTA.</strong></span> <span class='ocrx_word' id='word_1_2' title='bbox 1672 528 1732 586; x_wconf 72' lang='lat' dir='ltr'><strong>ets</strong></span> 
     </span>
    </p>
   </div>
   <div class='ocr_carea' id='block_1_2' title="bbox 120 635 1837 2766">
    <p class='ocr_par' dir='ltr' id='par_1_2' title="bbox 121 635 1737 2233">
     <span class='ocr_line' id='line_1_2' title="bbox 124 635 1737 729; baseline 0.014 -36"><span class='ocrx_word' id='word_1_3' title='bbox 124 635 258 702; x_wconf 85' lang='grc' dir='ltr'>λώσαντες</span> <span class='ocrx_word' id='word_1_4' title='bbox 274 635 352 694; x_wconf 81' lang='grc' dir='ltr'>αὐτὸν</span> <span class='ocrx_word' id='word_1_5' title='bbox 367 638 503 715; x_wconf 80' lang='grc' dir='ltr'>ἐγένοντο,</span> <span class='ocrx_word' id='word_1_6' title='bbox 520 636 565 696; x_wconf 81' lang='grc' dir='ltr'>καί</span> <span class='ocrx_word' id='word_1_7' title='bbox 580 636 653 705; x_wconf 90' lang='grc' dir='ltr'>τίνας</span> <span class='ocrx_word' id='word_1_8' title='bbox 671 638 802 709; x_wconf 85' lang='grc' dir='ltr'>ῖζήλωσεν</span> <span class='ocrx_word' id='word_1_9' title='bbox 817 640 904 708; x_wconf 83' lang='grc' dir='ltr'>αθτὸς.</span> <span class='ocrx_word' id='word_1_10' title='bbox 930 641 935 704; x_wconf 96' lang='grc' dir='ltr'>Ι</span> <span class='ocrx_word' id='word_1_11' title='bbox 959 643 1009 704; x_wconf 81' lang='grc' dir='ltr'>εἴτε</span> <span class='ocrx_word' id='word_1_12' title='bbox 1037 646 1144 724; x_wconf 87' lang='grc' dir='ltr'>ἀγωγήν</span> <span class='ocrx_word' id='word_1_13' title='bbox 1169 648 1270 726; x_wconf 79' lang='grc' dir='ltr'>λέγων,</span> <span class='ocrx_word' id='word_1_14' title='bbox 1296 649 1348 709; x_wconf 87' lang='grc' dir='ltr'>είτε</span> <span class='ocrx_word' id='word_1_15' title='bbox 1373 649 1426 723; x_wconf 79' lang='grc' dir='ltr'><strong>ὅπη</strong></span> <span class='ocrx_word' id='word_1_16' title='bbox 1449 651 1495 712; x_wconf 81' lang='grc' dir='ltr'>καί</span> <span class='ocrx_word' id='word_1_17' title='bbox 1519 653 1590 720; x_wconf 82' lang='grc' dir='ltr'>ὅπως</span> <span class='ocrx_word' id='word_1_18' title='bbox 1605 654 1637 714; x_wconf 84' lang='grc' dir='ltr'>θν</span> <span class='ocrx_word' id='word_1_19' title='bbox 1662 655 1737 729; x_wconf 83' lang='grc' dir='ltr'>ίθέλη</span> 
     </span>
     <span class='ocr_line' id='line_1_3' title="bbox 125 715 1737 823; baseline 0.013 -40"><span class='ocrx_word' id='word_1_20' title='bbox 125 723 161 783; x_wconf 69' lang='grc' dir='ltr'><strong>Ι’0</strong></span> <span class='ocrx_word' id='word_1_21' title='bbox 177 723 225 800; x_wconf 79' lang='grc' dir='ltr'><strong>μὲν</strong></span> <span class='ocrx_word' id='word_1_22' title='bbox 240 715 284 781; x_wconf 75' lang='lat' dir='ltr'><strong>otiu</strong></span> <span class='ocrx_word' id='word_1_23' title='bbox 307 725 419 807; x_wconf 76' lang='grc' dir='ltr'>Πύρρων</span> <span class='ocrx_word' id='word_1_24' title='bbox 434 724 597 806; x_wconf 78' lang='grc' dir='ltr'>Ἀναξάρχου</span> <span class='ocrx_word' id='word_1_25' title='bbox 613 726 680 793; x_wconf 87' lang='grc' dir='ltr'>τινδς</span> <span class='ocrx_word' id='word_1_26' title='bbox 695 727 799 806; x_wconf 72' lang='grc' dir='ltr'>ἐγένετο</span> <span class='ocrx_word' id='word_1_27' title='bbox 817 735 904 806; x_wconf 65' lang='lat' dir='ltr'><strong>puin·</strong></span> <span class='ocrx_word' id='word_1_28' title='bbox 958 745 1023 802; x_wconf 71' lang='grc' dir='ltr'><strong>τιςθ</strong></span> <span class='ocrx_word' id='word_1_29' title='bbox 1045 738 1134 796; x_wconf 89' lang='grc' dir='ltr'>καλεῖν</span> <span class='ocrx_word' id='word_1_30' title='bbox 1151 739 1251 812; x_wconf 82' lang='grc' dir='ltr'>αὐτήν,</span> <span class='ocrx_word' id='word_1_31' title='bbox 1267 738 1349 806; x_wconf 80' lang='grc' dir='ltr'>οὐδείς</span> <span class='ocrx_word' id='word_1_32' title='bbox 1372 740 1403 798; x_wconf 82' lang='grc' dir='ltr'>ἀν</span> <span class='ocrx_word' id='word_1_33' title='bbox 1423 744 1554 822; x_wconf 80' lang='grc' dir='ltr'>εθφρονῶν</span> <span class='ocrx_word' id='word_1_34' title='bbox 1570 741 1648 823; x_wconf 81' lang='grc' dir='ltr'>ὀρθὴν</span> <span class='ocrx_word' id='word_1_35' title='bbox 1671 721 1737 804; x_wconf 62' lang='lat' dir='ltr'><strong>siue}</strong></span> 
     </span>
     <span class='ocr_line' id='line_1_4' title="bbox 123 806 1737 913; baseline 0.014 -43"><span class='ocrx_word' id='word_1_36' title='bbox 123 815 187 888; x_wconf 79' lang='grc' dir='ltr'>τής,</span> <span class='ocrx_word' id='word_1_37' title='bbox 216 814 295 880; x_wconf 86' lang='grc' dir='ltr'>θςτὸ</span> <span class='ocrx_word' id='word_1_38' title='bbox 318 813 363 892; x_wconf 77' lang='grc' dir='ltr'><strong>μὲν</strong></span> <span class='ocrx_word' id='word_1_39' title='bbox 388 817 492 908; x_wconf 83' lang='grc' dir='ltr'>πρῶτον</span> <span class='ocrx_word' id='word_1_40' title='bbox 516 806 548 884; x_wconf 79' lang='grc' dir='ltr'>ήν</span> <span class='ocrx_word' id='word_1_41' title='bbox 573 817 726 896; x_wconf 81' lang='grc' dir='ltr'>ζωγράφος,</span> <span class='ocrx_word' id='word_1_42' title='bbox 743 819 797 876; x_wconf 81' lang='grc' dir='ltr'>οὐδ’</span> <span class='ocrx_word' id='word_1_43' title='bbox 826 819 908 883; x_wconf 75' lang='grc' dir='ltr'>οὕτως</span> <span class='ocrx_word' id='word_1_44' title='bbox 958 823 1041 902; x_wconf 90' lang='grc' dir='ltr'>φαίη,</span> <span class='ocrx_word' id='word_1_45' title='bbox 1059 827 1147 898; x_wconf 79' lang='grc' dir='ltr'>δῆλον.</span> <span class='ocrx_word' id='word_1_46' title='bbox 1192 827 1263 906; x_wconf 80' lang='grc' dir='ltr'><strong>Ἐγὼ</strong></span> <span class='ocrx_word' id='word_1_47' title='bbox 1280 830 1327 903; x_wconf 79' lang='grc' dir='ltr'><strong>μέν</strong></span> <span class='ocrx_word' id='word_1_48' title='bbox 1340 828 1566 913; x_wconf 75' lang='grc' dir='ltr'>οθδάφιλοσοφίαν</span> <span class='ocrx_word' id='word_1_49' title='bbox 1584 830 1673 908; x_wconf 82' lang='grc' dir='ltr'>οίομαι</span> <span class='ocrx_word' id='word_1_50' title='bbox 1685 833 1737 892; x_wconf 85' lang='grc' dir='ltr'>δεῖν</span> 
     </span>
     <span class='ocr_line' id='line_1_5' title="bbox 123 903 1734 999; baseline 0.012 -38"><span class='ocrx_word' id='word_1_51' title='bbox 123 903 253 984; x_wconf 80' lang='grc' dir='ltr'>εὐτυχής,</span> <span class='ocrx_word' id='word_1_52' title='bbox 271 905 363 964; x_wconf 85' lang='grc' dir='ltr'>ἔπειτα</span> <span class='ocrx_word' id='word_1_53' title='bbox 386 911 437 970; x_wconf 87' lang='grc' dir='ltr'>τοῖς</span> <span class='ocrx_word' id='word_1_54' title='bbox 457 903 624 996; x_wconf 77' lang='grc' dir='ltr'>Δημοκρίτου</span> <span class='ocrx_word' id='word_1_55' title='bbox 645 905 754 985; x_wconf 75' lang='grc' dir='ltr'>βιὸλίοις</span> <span class='ocrx_word' id='word_1_56' title='bbox 775 908 906 988; x_wconf 81' lang='grc' dir='ltr'>ἐντυχών,</span> <span class='ocrx_word' id='word_1_57' title='bbox 957 914 1093 986; x_wconf 73' lang='grc' dir='ltr'>ὀνομάζειν</span> <span class='ocrx_word' id='word_1_58' title='bbox 1110 915 1209 992; x_wconf 81' lang='grc' dir='ltr'>αθτήν,</span> <span class='ocrx_word' id='word_1_59' title='bbox 1229 917 1387 998; x_wconf 82' lang='grc' dir='ltr'>ἀναιροῦσάν</span> <span class='ocrx_word' id='word_1_60' title='bbox 1402 943 1432 999; x_wconf 87' lang='grc' dir='ltr'><strong>γε</strong></span> <span class='ocrx_word' id='word_1_61' title='bbox 1449 918 1480 990; x_wconf 81' lang='grc' dir='ltr'><strong>δή</strong></span> <span class='ocrx_word' id='word_1_62' title='bbox 1501 920 1548 988; x_wconf 85' lang='grc' dir='ltr'><strong>τάς</strong></span> <span class='ocrx_word' id='word_1_63' title='bbox 1563 926 1608 979; x_wconf 82' lang='grc' dir='ltr'><strong>τοῦ</strong></span> <span class='ocrx_word' id='word_1_64' title='bbox 1626 925 1734 998; x_wconf 90' lang='grc' dir='ltr'>φιλοσο-</span> 
     </span>
     <span class='ocr_line' id='line_1_6' title="bbox 123 990 1730 1091; baseline 0.012 -43"><span class='ocrx_word' id='word_1_65' title='bbox 123 991 239 1072; x_wconf 86' lang='grc' dir='ltr'>χρηστδν</span> <span class='ocrx_word' id='word_1_66' title='bbox 256 991 303 1068; x_wconf 81' lang='grc' dir='ltr'><strong>μὲν</strong></span> <span class='ocrx_word' id='word_1_67' title='bbox 321 990 861 1074; x_wconf 78' lang='grc' dir='ltr'>οῖιδὲνοιῖτεεθρεν,οιῖτεέγραψε,κοικῶς</span> <span class='ocrx_word' id='word_1_68' title='bbox 879 996 906 1056; x_wconf 81' lang='grc' dir='ltr'><strong>δὲ</strong></span> <span class='ocrx_word' id='word_1_69' title='bbox 959 1009 1015 1078; x_wconf 88' lang='grc' dir='ltr'>φεῐν</span> <span class='ocrx_word' id='word_1_70' title='bbox 1029 1004 1123 1083; x_wconf 83' lang='grc' dir='ltr'>ἀρχάς.</span> <span class='ocrx_word' id='word_1_71' title='bbox 1167 1005 1259 1063; x_wconf 79' lang='grc' dir='ltr'>Ταῦτα</span> <span class='ocrx_word' id='word_1_72' title='bbox 1284 1005 1331 1080; x_wconf 83' lang='grc' dir='ltr'><strong>μὲν</strong></span> <span class='ocrx_word' id='word_1_73' title='bbox 1344 995 1388 1063; x_wconf 79' lang='grc' dir='ltr'><strong>οθν</strong></span> <span class='ocrx_word' id='word_1_74' title='bbox 1407 1007 1471 1086; x_wconf 81' lang='grc' dir='ltr'>πρὸς</span> <span class='ocrx_word' id='word_1_75' title='bbox 1485 1007 1545 1075; x_wconf 85' lang='grc' dir='ltr'>τοθς</span> <span class='ocrx_word' id='word_1_76' title='bbox 1569 1008 1639 1066; x_wconf 80' lang='grc' dir='ltr'>κατὰ</span> <span class='ocrx_word' id='word_1_77' title='bbox 1658 1011 1715 1091; x_wconf 76' lang='lat' dir='ltr'><strong>iii(</strong></span> <span class='ocrx_word' id='word_1_78' title='bbox 1722 1046 1730 1055; x_wconf 96' lang='lat'>·</span> 
     </span>
     <span class='ocr_line' id='line_1_7' title="bbox 124 1069 1735 1174; baseline 0.015 -38"><span class='ocrx_word' id='word_1_79' title='bbox 124 1079 226 1147; x_wconf 84' lang='grc' dir='ltr'>πάντας</span> <span class='ocrx_word' id='word_1_80' title='bbox 250 1069 306 1140; x_wconf 78' lang='grc' dir='ltr'>ε’ίπε</span> <span class='ocrx_word' id='word_1_81' title='bbox 321 1081 366 1138; x_wconf 81' lang='grc' dir='ltr'>καὶ</span> <span class='ocrx_word' id='word_1_82' title='bbox 389 1079 461 1147; x_wconf 63' lang='lat' dir='ltr'><strong>oni&lt;</strong></span> <span class='ocrx_word' id='word_1_83' title='bbox 478 1082 524 1140; x_wconf 79' lang='grc' dir='ltr'>καὶ</span> <span class='ocrx_word' id='word_1_84' title='bbox 539 1081 696 1160; x_wconf 81' lang='grc' dir='ltr'>ἀνθρώπους.</span> <span class='ocrx_word' id='word_1_85' title='bbox 740 1084 825 1153; x_wconf 69' lang='lat' dir='ltr'><strong>Atei&lt;</strong></span> <span class='ocrx_word' id='word_1_86' title='bbox 839 1085 861 1144; x_wconf 83' lang='grc' dir='ltr'><strong>δ’</strong></span> <span class='ocrx_word' id='word_1_87' title='bbox 877 1085 908 1144; x_wconf 84' lang='lat' dir='ltr'><strong>ii-</strong></span> <span class='ocrx_word' id='word_1_88' title='bbox 956 1093 1026 1167; x_wconf 81' lang='grc' dir='ltr'>ρωνα</span> <span class='ocrx_word' id='word_1_89' title='bbox 1047 1095 1194 1172; x_wconf 86' lang='grc' dir='ltr'>φιλοσοφεῖν</span> <span class='ocrx_word' id='word_1_90' title='bbox 1219 1093 1411 1169; x_wconf 77' lang='grc' dir='ltr'>νομιζομένους.</span> <span class='ocrx_word' id='word_1_91' title='bbox 1456 1099 1575 1174; x_wconf 80' lang='grc' dir='ltr'>Συγγενῆ</span> <span class='ocrx_word' id='word_1_92' title='bbox 1599 1099 1622 1156; x_wconf 90' lang='grc' dir='ltr'><strong>δ’</strong></span> <span class='ocrx_word' id='word_1_93' title='bbox 1648 1101 1735 1166; x_wconf 72' lang='grc' dir='ltr'>αὐτοῖς</span> 
     </span>
     <span class='ocr_line' id='line_1_8' title="bbox 126 1167 1733 1267; baseline 0.014 -44"><span class='ocrx_word' id='word_1_94' title='bbox 126 1189 218 1245; x_wconf 88' lang='grc' dir='ltr'>στερον</span> <span class='ocrx_word' id='word_1_95' title='bbox 236 1173 326 1228; x_wconf 81' lang='grc' dir='ltr'>τοῦτον</span> <span class='ocrx_word' id='word_1_96' title='bbox 343 1167 482 1250; x_wconf 81' lang='grc' dir='ltr'>τδντῦφον</span> <span class='ocrx_word' id='word_1_97' title='bbox 501 1169 739 1249; x_wconf 76' lang='grc' dir='ltr'>περιθαλλόιεενος,</span> <span class='ocrx_word' id='word_1_98' title='bbox 762 1174 807 1232; x_wconf 82' lang='grc' dir='ltr'>καλ</span> <span class='ocrx_word' id='word_1_99' title='bbox 819 1177 906 1232; x_wconf 81' lang='grc' dir='ltr'>καλῶν</span> <span class='ocrx_word' id='word_1_100' title='bbox 955 1177 995 1251; x_wconf 85' lang='grc' dir='ltr'><strong>εἴη</strong></span> <span class='ocrx_word' id='word_1_101' title='bbox 1012 1177 1042 1237; x_wconf 87' lang='grc' dir='ltr'>ἀν</span> <span class='ocrx_word' id='word_1_102' title='bbox 1066 1179 1112 1239; x_wconf 83' lang='grc' dir='ltr'>καῖ</span> <span class='ocrx_word' id='word_1_103' title='bbox 1137 1179 1169 1239; x_wconf 80' lang='grc' dir='ltr'><strong>τά</strong></span> <span class='ocrx_word' id='word_1_104' title='bbox 1194 1181 1383 1260; x_wconf 83' lang='grc' dir='ltr'>ἀντιλιγάμενα</span> <span class='ocrx_word' id='word_1_105' title='bbox 1402 1183 1468 1261; x_wconf 81' lang='grc' dir='ltr'>πρὸς</span> <span class='ocrx_word' id='word_1_106' title='bbox 1488 1185 1547 1252; x_wconf 82' lang='grc' dir='ltr'>τοὺς</span> <span class='ocrx_word' id='word_1_107' title='bbox 1564 1185 1633 1244; x_wconf 86' lang='grc' dir='ltr'>κατά</span> <span class='ocrx_word' id='word_1_108' title='bbox 1658 1186 1733 1267; x_wconf 69' lang='lat' dir='ltr'><strong>’opt-</strong></span> 
     </span>
     <span class='ocr_line' id='line_1_9' title="bbox 126 1254 1734 1350; baseline 0.012 -34"><span class='ocrx_word' id='word_1_109' title='bbox 126 1254 223 1336; x_wconf 83' lang='grc' dir='ltr'>ἄτυφον</span> <span class='ocrx_word' id='word_1_110' title='bbox 240 1258 353 1328; x_wconf 79' lang='grc' dir='ltr'>ἑαυτόν,</span> <span class='ocrx_word' id='word_1_111' title='bbox 368 1257 441 1316; x_wconf 75' lang='grc' dir='ltr'>οὐδὲν</span> <span class='ocrx_word' id='word_1_112' title='bbox 459 1261 486 1316; x_wconf 80' lang='grc' dir='ltr'>ἐν</span> <span class='ocrx_word' id='word_1_113' title='bbox 507 1264 596 1339; x_wconf 82' lang='grc' dir='ltr'>γραφῇ</span> <span class='ocrx_word' id='word_1_114' title='bbox 614 1261 767 1322; x_wconf 86' lang='grc' dir='ltr'>κατέλιπεν.</span> <span class='ocrx_word' id='word_1_115' title='bbox 784 1261 907 1340; x_wconf 88' lang='grc' dir='ltr'>Ἐγένετο</span> <span class='ocrx_word' id='word_1_116' title='bbox 957 1289 1069 1325; x_wconf 89' lang='grc' dir='ltr'>στιππον</span> <span class='ocrx_word' id='word_1_117' title='bbox 1078 1267 1120 1325; x_wconf 83' lang='grc' dir='ltr'><strong>τὸν</strong></span> <span class='ocrx_word' id='word_1_118' title='bbox 1139 1270 1299 1349; x_wconf 76' lang='grc' dir='ltr'>Κυρηναῖον,</span> <span class='ocrx_word' id='word_1_119' title='bbox 1317 1269 1383 1345; x_wconf 84' lang='grc' dir='ltr'>μόνα</span> <span class='ocrx_word' id='word_1_120' title='bbox 1397 1271 1520 1350; x_wconf 88' lang='grc' dir='ltr'>λέγοντας</span> <span class='ocrx_word' id='word_1_121' title='bbox 1538 1263 1604 1332; x_wconf 75' lang='grc' dir='ltr'>εἶναι</span> <span class='ocrx_word' id='word_1_122' title='bbox 1616 1273 1649 1332; x_wconf 87' lang='grc' dir='ltr'><strong>τθι</strong></span> <span class='ocrx_word' id='word_1_123' title='bbox 1662 1277 1734 1348; x_wconf 84' lang='grc' dir='ltr'>πάθη</span> 
     </span>
     <span class='ocr_line' id='line_1_10' title="bbox 124 1343 1734 1439; baseline 0.011 -36"><span class='ocrx_word' id='word_1_124' title='bbox 124 1343 150 1404; x_wconf 75' lang='grc' dir='ltr'><strong>δὲ</strong></span> <span class='ocrx_word' id='word_1_125' title='bbox 169 1345 288 1420; x_wconf 79' lang='grc' dir='ltr'>μαθητὴς</span> <span class='ocrx_word' id='word_1_126' title='bbox 303 1349 383 1406; x_wconf 79' lang='grc' dir='ltr'>αὐτοῦ</span> <span class='ocrx_word' id='word_1_127' title='bbox 399 1347 493 1423; x_wconf 89' lang='grc' dir='ltr'>Τίμων</span> <span class='ocrx_word' id='word_1_128' title='bbox 509 1349 658 1421; x_wconf 90' lang='grc' dir='ltr'>Φλιάσιος,</span> <span class='ocrx_word' id='word_1_129' title='bbox 681 1349 708 1417; x_wconf 87' lang='grc' dir='ltr'><strong>δς</strong></span> <span class='ocrx_word' id='word_1_130' title='bbox 727 1350 756 1408; x_wconf 86' lang='grc' dir='ltr'><strong>τθ</strong></span> <span class='ocrx_word' id='word_1_131' title='bbox 773 1349 821 1422; x_wconf 77' lang='grc' dir='ltr'><strong>μέν</strong></span> <span class='ocrx_word' id='word_1_132' title='bbox 834 1355 907 1429; x_wconf 82' lang='grc' dir='ltr'>πρῶ·</span> <span class='ocrx_word' id='word_1_133' title='bbox 956 1356 1126 1427; x_wconf 78' lang='grc' dir='ltr'>καταληπτά.</span> <span class='ocrx_word' id='word_1_134' title='bbox 1148 1357 1304 1436; x_wconf 83' lang='grc' dir='ltr'>Σωκράτους</span> <span class='ocrx_word' id='word_1_135' title='bbox 1320 1359 1342 1415; x_wconf 91' lang='grc' dir='ltr'><strong>δ’</strong></span> <span class='ocrx_word' id='word_1_136' title='bbox 1356 1363 1458 1439; x_wconf 86' lang='grc' dir='ltr'>ἑταῖρος</span> <span class='ocrx_word' id='word_1_137' title='bbox 1473 1364 1486 1417; x_wconf 85' lang='grc' dir='ltr'><strong>ὁ</strong></span> <span class='ocrx_word' id='word_1_138' title='bbox 1502 1359 1670 1439; x_wconf 75' lang='grc' dir='ltr'>Ἀρίστιππος</span> <span class='ocrx_word' id='word_1_139' title='bbox 1682 1355 1734 1438; x_wconf 54' lang='lat' dir='ltr'><strong>ium</strong></span> 
     </span>
     <span class='ocr_line' id='line_1_11' title="bbox 122 1435 1733 1530; baseline 0.01 -39"><span class='ocrx_word' id='word_1_140' title='bbox 122 1457 168 1492; x_wconf 94' lang='grc' dir='ltr'><strong>τον</strong></span> <span class='ocrx_word' id='word_1_141' title='bbox 182 1435 300 1515; x_wconf 78' lang='grc' dir='ltr'>ἐχόρευεν</span> <span class='ocrx_word' id='word_1_142' title='bbox 315 1441 340 1495; x_wconf 85' lang='grc' dir='ltr'><strong>έν</strong></span> <span class='ocrx_word' id='word_1_143' title='bbox 356 1445 408 1502; x_wconf 90' lang='grc' dir='ltr'>τοῖς</span> <span class='ocrx_word' id='word_1_144' title='bbox 421 1437 547 1517; x_wconf 83' lang='grc' dir='ltr'>θεάτροις·</span> <span class='ocrx_word' id='word_1_145' title='bbox 562 1437 654 1496; x_wconf 78' lang='grc' dir='ltr'>ἔπειτα</span> <span class='ocrx_word' id='word_1_146' title='bbox 670 1438 695 1496; x_wconf 84' lang='grc' dir='ltr'><strong>δ’</strong></span> <span class='ocrx_word' id='word_1_147' title='bbox 705 1438 822 1518; x_wconf 81' lang='grc' dir='ltr'>ἐντυχὼν</span> <span class='ocrx_word' id='word_1_148' title='bbox 834 1443 906 1520; x_wconf 82' lang='grc' dir='ltr'>αὐτῷ</span> <span class='ocrx_word' id='word_1_149' title='bbox 955 1445 968 1498; x_wconf 85' lang='grc' dir='ltr'>θ</span> <span class='ocrx_word' id='word_1_150' title='bbox 983 1441 1031 1514; x_wconf 76' lang='grc' dir='ltr'><strong>τήν</strong></span> <span class='ocrx_word' id='word_1_151' title='bbox 1048 1445 1212 1521; x_wconf 80' lang='grc' dir='ltr'>καλουμένην</span> <span class='ocrx_word' id='word_1_152' title='bbox 1228 1446 1396 1526; x_wconf 80' lang='grc' dir='ltr'>Κυρηναϊκήν</span> <span class='ocrx_word' id='word_1_153' title='bbox 1411 1449 1608 1526; x_wconf 84' lang='grc' dir='ltr'>συστησάμενος</span> <span class='ocrx_word' id='word_1_154' title='bbox 1621 1449 1733 1530; x_wconf 76' lang='grc' dir='ltr'>αἵρεσιν,</span> 
     </span>
     <span class='ocr_line' id='line_1_12' title="bbox 123 1523 1735 1616; baseline 0.011 -36"><span class='ocrx_word' id='word_1_155' title='bbox 123 1524 284 1604; x_wconf 72' lang='grc' dir='ltr'>συνέγραψεν</span> <span class='ocrx_word' id='word_1_156' title='bbox 300 1523 429 1604; x_wconf 82' lang='grc' dir='ltr'>ἀργαλέας</span> <span class='ocrx_word' id='word_1_157' title='bbox 452 1525 587 1607; x_wconf 78' lang='grc' dir='ltr'>παρῳδίας</span> <span class='ocrx_word' id='word_1_158' title='bbox 602 1526 648 1585; x_wconf 77' lang='grc' dir='ltr'>καί</span> <span class='ocrx_word' id='word_1_159' title='bbox 671 1528 860 1608; x_wconf 78' lang='grc' dir='ltr'>βωμολόχους,</span> <span class='ocrx_word' id='word_1_160' title='bbox 879 1532 905 1586; x_wconf 80' lang='grc' dir='ltr'>ἐν</span> <span class='ocrx_word' id='word_1_161' title='bbox 954 1532 998 1610; x_wconf 84' lang='grc' dir='ltr'><strong>ἀφ’</strong></span> <span class='ocrx_word' id='word_1_162' title='bbox 1015 1523 1106 1602; x_wconf 74' lang='grc' dir='ltr'>ἧςτάς</span> <span class='ocrx_word' id='word_1_163' title='bbox 1124 1534 1413 1615; x_wconf 80' lang='grc' dir='ltr'>ἀφορμδςἜπίκουρος</span> <span class='ocrx_word' id='word_1_164' title='bbox 1438 1536 1502 1616; x_wconf 78' lang='grc' dir='ltr'>πρὸς</span> <span class='ocrx_word' id='word_1_165' title='bbox 1523 1538 1629 1608; x_wconf 83' lang='grc' dir='ltr'>τὴντου</span> <span class='ocrx_word' id='word_1_166' title='bbox 1645 1539 1735 1609; x_wconf 79' lang='grc' dir='ltr'>τέλους</span> 
     </span>
     <span class='ocr_line' id='line_1_13' title="bbox 123 1601 1736 1706; baseline 0.012 -38"><span class='ocrx_word' id='word_1_167' title='bbox 123 1601 166 1677; x_wconf 83' lang='grc' dir='ltr'><strong>οἷς</strong></span> <span class='ocrx_word' id='word_1_168' title='bbox 182 1611 388 1691; x_wconf 73' lang='grc' dir='ltr'>βεθλασφήμηκε</span> <span class='ocrx_word' id='word_1_169' title='bbox 403 1611 503 1682; x_wconf 89' lang='grc' dir='ltr'>πάντας</span> <span class='ocrx_word' id='word_1_170' title='bbox 518 1612 578 1681; x_wconf 85' lang='grc' dir='ltr'>τοθς</span> <span class='ocrx_word' id='word_1_171' title='bbox 593 1613 699 1673; x_wconf 85' lang='grc' dir='ltr'>πώποτε</span> <span class='ocrx_word' id='word_1_172' title='bbox 713 1618 907 1695; x_wconf 88' lang='grc' dir='ltr'>φιλοσοφήσαν·</span> <span class='ocrx_word' id='word_1_173' title='bbox 953 1620 1054 1679; x_wconf 86' lang='grc' dir='ltr'>ἔκθεσιν</span> <span class='ocrx_word' id='word_1_174' title='bbox 1077 1621 1191 1704; x_wconf 84' lang='grc' dir='ltr'>εἴληφεν.</span> <span class='ocrx_word' id='word_1_175' title='bbox 1236 1613 1290 1683; x_wconf 75' lang='grc' dir='ltr'>Ἦν</span> <span class='ocrx_word' id='word_1_176' title='bbox 1309 1625 1332 1681; x_wconf 88' lang='grc' dir='ltr'><strong>δ’</strong></span> <span class='ocrx_word' id='word_1_177' title='bbox 1349 1628 1363 1682; x_wconf 85' lang='grc' dir='ltr'>δ</span> <span class='ocrx_word' id='word_1_178' title='bbox 1377 1624 1546 1703; x_wconf 89' lang='grc' dir='ltr'>Ἀρίστιππος</span> <span class='ocrx_word' id='word_1_179' title='bbox 1568 1626 1643 1706; x_wconf 82' lang='grc' dir='ltr'>θγρδς</span> <span class='ocrx_word' id='word_1_180' title='bbox 1666 1629 1736 1689; x_wconf 89' lang='grc' dir='ltr'>πάνυ</span> 
     </span>
     <span class='ocr_line' id='line_1_14' title="bbox 121 1693 1736 1796; baseline 0.01 -38"><span class='ocrx_word' id='word_1_181' title='bbox 121 1725 179 1767; x_wconf 89' lang='grc' dir='ltr'>τας.</span> <span class='ocrx_word' id='word_1_182' title='bbox 222 1694 305 1770; x_wconf 75' lang='grc' dir='ltr'>Οὗτος</span> <span class='ocrx_word' id='word_1_183' title='bbox 326 1703 377 1781; x_wconf 84' lang='grc' dir='ltr'><strong>γάρ</strong></span> <span class='ocrx_word' id='word_1_184' title='bbox 390 1693 422 1774; x_wconf 79' lang='grc' dir='ltr'>ήν</span> <span class='ocrx_word' id='word_1_185' title='bbox 443 1701 458 1761; x_wconf 85' lang='grc' dir='ltr'>θ</span> <span class='ocrx_word' id='word_1_186' title='bbox 480 1701 539 1770; x_wconf 75' lang='grc' dir='ltr'>τοὺς</span> <span class='ocrx_word' id='word_1_187' title='bbox 553 1702 658 1770; x_wconf 86' lang='grc' dir='ltr'>σίλλους</span> <span class='ocrx_word' id='word_1_188' title='bbox 681 1705 785 1784; x_wconf 77' lang='grc' dir='ltr'>γράψας</span> <span class='ocrx_word' id='word_1_189' title='bbox 800 1705 845 1764; x_wconf 84' lang='grc' dir='ltr'>καὶ</span> <span class='ocrx_word' id='word_1_190' title='bbox 859 1705 906 1763; x_wconf 93' lang='grc' dir='ltr'>λέ-</span> <span class='ocrx_word' id='word_1_191' title='bbox 953 1711 997 1768; x_wconf 84' lang='grc' dir='ltr'><strong>τὸν</strong></span> <span class='ocrx_word' id='word_1_192' title='bbox 1012 1709 1067 1789; x_wconf 89' lang='grc' dir='ltr'>βίον</span> <span class='ocrx_word' id='word_1_193' title='bbox 1080 1710 1124 1768; x_wconf 80' lang='grc' dir='ltr'>καὶ</span> <span class='ocrx_word' id='word_1_194' title='bbox 1147 1711 1292 1792; x_wconf 79' lang='grc' dir='ltr'>φιλήδονος·</span> <span class='ocrx_word' id='word_1_195' title='bbox 1321 1715 1381 1770; x_wconf 86' lang='grc' dir='ltr'>ἀλλ’</span> <span class='ocrx_word' id='word_1_196' title='bbox 1398 1713 1471 1772; x_wconf 79' lang='grc' dir='ltr'>οὐδὲν</span> <span class='ocrx_word' id='word_1_197' title='bbox 1485 1713 1533 1790; x_wconf 79' lang='grc' dir='ltr'><strong>μὲν</strong></span> <span class='ocrx_word' id='word_1_198' title='bbox 1560 1706 1634 1783; x_wconf 70' lang='grc' dir='ltr'>οὗτος</span> <span class='ocrx_word' id='word_1_199' title='bbox 1657 1719 1736 1796; x_wconf 81' lang='grc' dir='ltr'>ἐντῷ</span> 
     </span>
     <span class='ocr_line' id='line_1_15' title="bbox 122 1797 1734 1879; baseline 0.009 -30"><span class='ocrx_word' id='word_1_200' title='bbox 122 1813 185 1868; x_wconf 91' lang='grc' dir='ltr'>γων·</span> <span class='ocrx_word' id='word_1_201' title='bbox 201 1797 215 1827; x_wconf 83' lang='lat'><strong>¹¹</strong></span> <span class='ocrx_word' id='word_1_202' title='bbox 953 1802 1056 1879; x_wconf 81' lang='grc' dir='ltr'>φανερῷ</span> <span class='ocrx_word' id='word_1_203' title='bbox 1072 1801 1131 1876; x_wconf 78' lang='grc' dir='ltr'>περί</span> <span class='ocrx_word' id='word_1_204' title='bbox 1148 1801 1236 1866; x_wconf 79' lang='grc' dir='ltr'>τέλους</span> <span class='ocrx_word' id='word_1_205' title='bbox 1252 1801 1391 1868; x_wconf 78' lang='grc' dir='ltr'>διελέξατο·</span> <span class='ocrx_word' id='word_1_206' title='bbox 1407 1802 1516 1878; x_wconf 85' lang='grc' dir='ltr'>δυνάμει</span> <span class='ocrx_word' id='word_1_207' title='bbox 1537 1805 1564 1863; x_wconf 78' lang='grc' dir='ltr'><strong>δὲ</strong></span> <span class='ocrx_word' id='word_1_208' title='bbox 1585 1810 1632 1876; x_wconf 81' lang='grc' dir='ltr'><strong>τῆς</strong></span> <span class='ocrx_word' id='word_1_209' title='bbox 1648 1809 1734 1866; x_wconf 80' lang='grc' dir='ltr'>εὐδαι-</span> 
     </span>
     <span class='ocr_line' id='line_1_16' title="bbox 224 1887 1731 1970; baseline 0.008 -30"><span class='ocrx_word' id='word_1_210' title='bbox 224 1951 229 1964; x_wconf 57' lang='grc'>,</span> <span class='ocrx_word' id='word_1_211' title='bbox 309 1949 317 1964; x_wconf 79' lang='lat'>.</span> <span class='ocrx_word' id='word_1_212' title='bbox 477 1947 508 1962; x_wconf 43' lang='grc' dir='ltr'>Η</span> <span class='ocrx_word' id='word_1_213' title='bbox 713 1949 718 1960; x_wconf 54' lang='grc'>,</span> <span class='ocrx_word' id='word_1_214' title='bbox 953 1887 1103 1965; x_wconf 81' lang='grc' dir='ltr'>μονέαςτὴν</span> <span class='ocrx_word' id='word_1_215' title='bbox 1119 1889 1262 1949; x_wconf 84' lang='grc' dir='ltr'>ὑπόστασιν</span> <span class='ocrx_word' id='word_1_216' title='bbox 1279 1889 1366 1970; x_wconf 86' lang='grc' dir='ltr'>έλεγεν</span> <span class='ocrx_word' id='word_1_217' title='bbox 1382 1893 1407 1949; x_wconf 84' lang='grc' dir='ltr'><strong>έν</strong></span> <span class='ocrx_word' id='word_1_218' title='bbox 1422 1894 1528 1964; x_wconf 77' lang='grc' dir='ltr'>ἡδοναῖς</span> <span class='ocrx_word' id='word_1_219' title='bbox 1547 1893 1658 1952; x_wconf 83' lang='grc' dir='ltr'>κεῖσθαι.</span> <span class='ocrx_word' id='word_1_220' title='bbox 1678 1896 1731 1956; x_wconf 79' lang='grc' dir='ltr'><strong>Ἀεὶ</strong></span> 
     </span>
     <span class='ocr_line' id='line_1_17' title="bbox 184 1948 1729 2069; baseline 0.007 -3"><span class='ocrx_word' id='word_1_221' title='bbox 184 1951 425 2068; x_wconf 66' lang='lat' dir='ltr'><strong>costitutus</strong></span> <span class='ocrx_word' id='word_1_222' title='bbox 434 1948 632 2068; x_wconf 63' lang='lat' dir='ltr'><strong>rutubus</strong></span> <span class='ocrx_word' id='word_1_223' title='bbox 642 1949 856 2069; x_wconf 62' lang='grc' dir='ltr'>ταωνι.</span> <span class='ocrx_word' id='word_1_224' title='bbox 953 1975 1002 2055; x_wconf 81' lang='lat' dir='ltr'><strong>u</strong></span> <span class='ocrx_word' id='word_1_225' title='bbox 1017 1975 1108 2052; x_wconf 67' lang='grc' dir='ltr'>νον</span> <span class='ocrx_word' id='word_1_226' title='bbox 1128 1977 1187 2056; x_wconf 73' lang='lat' dir='ltr'><strong>u</strong></span> <span class='ocrx_word' id='word_1_227' title='bbox 1202 1979 1295 2049; x_wconf 74' lang='lat' dir='ltr'><strong>uu&lt;</strong></span> <span class='ocrx_word' id='word_1_228' title='bbox 1500 1983 1534 2046; x_wconf 70' lang='grc' dir='ltr'>ν</span> <span class='ocrx_word' id='word_1_229' title='bbox 1551 1982 1665 2063; x_wconf 72' lang='lat' dir='ltr'><strong>utu</strong></span> <span class='ocrx_word' id='word_1_230' title='bbox 1680 1975 1729 2062; x_wconf 79' lang='lat' dir='ltr'><strong>u</strong></span> 
     </span>
     <span class='ocr_line' id='line_1_18' title="bbox 184 2037 1731 2152; baseline 0.01 -39"><span class='ocrx_word' id='word_1_231' title='bbox 184 2037 396 2152; x_wconf 53' lang='grc' dir='ltr'>ἄνθρωποωὲνὲἥ,</span> <span class='ocrx_word' id='word_1_232' title='bbox 410 2041 699 2151; x_wconf 56' lang='grc' dir='ltr'>,χήσ,,,ρ,,,,),ί,,χσ,,”,χ</span> <span class='ocrx_word' id='word_1_233' title='bbox 954 2063 1014 2129; x_wconf 85' lang='grc' dir='ltr'>τοθς</span> <span class='ocrx_word' id='word_1_234' title='bbox 1036 2065 1193 2144; x_wconf 82' lang='grc' dir='ltr'>προστάντας</span> <span class='ocrx_word' id='word_1_235' title='bbox 1221 2069 1292 2146; x_wconf 80' lang='grc' dir='ltr'>αὐτῷ</span> <span class='ocrx_word' id='word_1_236' title='bbox 1318 2067 1363 2124; x_wconf 76' lang='grc' dir='ltr'><strong>τοῦ</strong></span> <span class='ocrx_word' id='word_1_237' title='bbox 1388 2068 1488 2145; x_wconf 86' lang='grc' dir='ltr'>λέγειν,</span> <span class='ocrx_word' id='word_1_238' title='bbox 1508 2067 1582 2134; x_wconf 89' lang='grc' dir='ltr'>τέλος</span> <span class='ocrx_word' id='word_1_239' title='bbox 1607 2061 1674 2128; x_wconf 76' lang='grc' dir='ltr'>εἶναι</span> <span class='ocrx_word' id='word_1_240' title='bbox 1702 2071 1731 2130; x_wconf 75' lang='lat' dir='ltr'><strong>ab</strong></span> 
     </span>
     <span class='ocr_line' id='line_1_19' title="bbox 954 2153 1733 2233; baseline 0.008 -23"><span class='ocrx_word' id='word_1_241' title='bbox 954 2153 1035 2222; x_wconf 78' lang='grc' dir='ltr'>ἡδέως</span> <span class='ocrx_word' id='word_1_242' title='bbox 1051 2157 1108 2226; x_wconf 80' lang='grc' dir='ltr'>ζῆν.</span> <span class='ocrx_word' id='word_1_243' title='bbox 1153 2159 1178 2215; x_wconf 87' lang='lat' dir='ltr'>T</span> <span class='ocrx_word' id='word_1_244' title='bbox 1179 2155 1254 2215; x_wconf 86' lang='grc' dir='ltr'>ου’του</span> <span class='ocrx_word' id='word_1_245' title='bbox 1268 2155 1372 2233; x_wconf 87' lang='grc' dir='ltr'>γέγονεν</span> <span class='ocrx_word' id='word_1_246' title='bbox 1388 2159 1518 2228; x_wconf 72' lang='grc' dir='ltr'>ἀκουστὴς</span> <span class='ocrx_word' id='word_1_247' title='bbox 1538 2158 1672 2226; x_wconf 85' lang='grc' dir='ltr'>Σύναλλος</span> <span class='ocrx_word' id='word_1_248' title='bbox 1688 2160 1733 2217; x_wconf 87' lang='grc' dir='ltr'>καὶ</span> 
     </span>
    </p>

    <p class='ocr_par' dir='ltr' id='par_1_3' title="bbox 120 2239 1837 2766">
     <span class='ocr_line' id='line_1_20' title="bbox 124 2239 1734 2323; baseline 0.001 -21"><span class='ocrx_word' id='word_1_249' title='bbox 124 2239 245 2314; x_wconf 86' lang='grc' dir='ltr'>Μηδενθς</span> <span class='ocrx_word' id='word_1_250' title='bbox 264 2241 286 2299; x_wconf 88' lang='grc' dir='ltr'><strong>δ’</strong></span> <span class='ocrx_word' id='word_1_251' title='bbox 309 2240 512 2323; x_wconf 74' lang='grc' dir='ltr'>ἐπιστραφέντος</span> <span class='ocrx_word' id='word_1_252' title='bbox 536 2242 640 2312; x_wconf 85' lang='grc' dir='ltr'>αὐτῶν,</span> <span class='ocrx_word' id='word_1_253' title='bbox 663 2243 697 2306; x_wconf 78' lang='grc' dir='ltr'><strong>ὡς</strong></span> <span class='ocrx_word' id='word_1_254' title='bbox 721 2241 743 2298; x_wconf 86' lang='grc' dir='ltr'><strong>εἷ</strong></span> <span class='ocrx_word' id='word_1_255' title='bbox 765 2240 905 2321; x_wconf 77' lang='grc' dir='ltr'>μηδὲῖγέ-</span> <span class='ocrx_word' id='word_1_256' title='bbox 954 2243 1102 2323; x_wconf 86' lang='grc' dir='ltr'>ἠθυγάιηρ</span> <span class='ocrx_word' id='word_1_257' title='bbox 1121 2246 1199 2302; x_wconf 80' lang='grc' dir='ltr'>αὐτοῦ</span> <span class='ocrx_word' id='word_1_258' title='bbox 1221 2243 1329 2323; x_wconf 81' lang='grc' dir='ltr'>Ἀρήτη.</span> <span class='ocrx_word' id='word_1_259' title='bbox 1373 2243 1453 2312; x_wconf 69' lang='lat' dir='ltr'><strong>“Ham</strong></span> <span class='ocrx_word' id='word_1_260' title='bbox 1477 2246 1626 2322; x_wconf 81' lang='grc' dir='ltr'>γεννήσασα</span> <span class='ocrx_word' id='word_1_261' title='bbox 1649 2248 1734 2304; x_wconf 79' lang='grc' dir='ltr'>παῖδα</span> 
     </span>
     <span class='ocr_line' id='line_1_21' title="bbox 120 2327 1734 2413; baseline 0 -23"><span class='ocrx_word' id='word_1_262' title='bbox 120 2355 198 2390; x_wconf 91' lang='grc' dir='ltr'>νοντο</span> <span class='ocrx_word' id='word_1_263' title='bbox 221 2330 395 2410; x_wconf 87' lang='grc' dir='ltr'>τοπαράπαν,</span> <span class='ocrx_word' id='word_1_264' title='bbox 413 2329 487 2409; x_wconf 81' lang='grc' dir='ltr'>ἐχθὲς</span> <span class='ocrx_word' id='word_1_265' title='bbox 509 2329 554 2388; x_wconf 80' lang='grc' dir='ltr'>καί</span> <span class='ocrx_word' id='word_1_266' title='bbox 571 2327 662 2409; x_wconf 76' lang='grc' dir='ltr'>πρώην</span> <span class='ocrx_word' id='word_1_267' title='bbox 678 2333 704 2389; x_wconf 80' lang='grc' dir='ltr'>ἐν</span> <span class='ocrx_word' id='word_1_268' title='bbox 721 2329 901 2411; x_wconf 74' lang='grc' dir='ltr'>’Ἀλεξανδρείᾳ</span> <span class='ocrx_word' id='word_1_269' title='bbox 954 2330 1092 2407; x_wconf 81' lang='grc' dir='ltr'>ὠνόμασεν</span> <span class='ocrx_word' id='word_1_270' title='bbox 1116 2331 1302 2410; x_wconf 89' lang='grc' dir='ltr'>Ἀρίστιππον,</span> <span class='ocrx_word' id='word_1_271' title='bbox 1327 2329 1353 2398; x_wconf 80' lang='grc' dir='ltr'><strong>ὃς</strong></span> <span class='ocrx_word' id='word_1_272' title='bbox 1379 2333 1506 2413; x_wconf 82' lang='grc' dir='ltr'>ὑπαχθείς</span> <span class='ocrx_word' id='word_1_273' title='bbox 1529 2337 1573 2391; x_wconf 80' lang='grc' dir='ltr'>ὑπ’</span> <span class='ocrx_word' id='word_1_274' title='bbox 1591 2335 1671 2402; x_wconf 80' lang='grc' dir='ltr'>αὐτῆς</span> <span class='ocrx_word' id='word_1_275' title='bbox 1698 2335 1734 2399; x_wconf 86' lang='grc' dir='ltr'><strong>είς</strong></span> 
     </span>
     <span class='ocr_line' id='line_1_22' title="bbox 123 2417 1731 2500; baseline 0 -23"><span class='ocrx_word' id='word_1_276' title='bbox 123 2423 157 2498; x_wconf 81' lang='grc' dir='ltr'><strong>τῇ</strong></span> <span class='ocrx_word' id='word_1_277' title='bbox 172 2423 231 2477; x_wconf 83' lang='grc' dir='ltr'>κατ’</span> <span class='ocrx_word' id='word_1_278' title='bbox 247 2417 382 2496; x_wconf 81' lang='grc' dir='ltr'>Αἴγυπτον</span> <span class='ocrx_word' id='word_1_279' title='bbox 404 2417 581 2496; x_wconf 81' lang='grc' dir='ltr'>Αἰνησίδημάς</span> <span class='ocrx_word' id='word_1_280' title='bbox 604 2441 642 2485; x_wconf 86' lang='grc' dir='ltr'><strong>τις</strong></span> <span class='ocrx_word' id='word_1_281' title='bbox 659 2421 837 2497; x_wconf 78' lang='grc' dir='ltr'>ἀναζωπυρεῖν</span> <span class='ocrx_word' id='word_1_282' title='bbox 857 2419 904 2498; x_wconf 73' lang='lat' dir='ltr'><strong>iip-</strong></span> <span class='ocrx_word' id='word_1_283' title='bbox 954 2420 1045 2498; x_wconf 75' lang='grc' dir='ltr'>λόγους</span> <span class='ocrx_word' id='word_1_284' title='bbox 1060 2419 1224 2500; x_wconf 79' lang='grc' dir='ltr'>φιλοσοφίας,</span> <span class='ocrx_word' id='word_1_285' title='bbox 1241 2420 1448 2497; x_wconf 86' lang='grc' dir='ltr'>μητροδίδακτος</span> <span class='ocrx_word' id='word_1_286' title='bbox 1464 2419 1571 2491; x_wconf 83' lang='grc' dir='ltr'>ἐκλήθη·</span> <span class='ocrx_word' id='word_1_287' title='bbox 1584 2419 1611 2488; x_wconf 87' lang='grc' dir='ltr'><strong>θς</strong></span> <span class='ocrx_word' id='word_1_288' title='bbox 1622 2420 1667 2478; x_wconf 81' lang='grc' dir='ltr'>καί</span> <span class='ocrx_word' id='word_1_289' title='bbox 1684 2443 1731 2478; x_wconf 88' lang='grc' dir='ltr'>σα·</span> 
     </span>
     <span class='ocr_line' id='line_1_23' title="bbox 130 2499 1729 2588; baseline 0.002 -24"><span class='ocrx_word' id='word_1_290' title='bbox 130 2508 191 2576; x_wconf 82' lang='grc' dir='ltr'>ξατο</span> <span class='ocrx_word' id='word_1_291' title='bbox 206 2509 250 2565; x_wconf 86' lang='grc' dir='ltr'><strong>τδν</strong></span> <span class='ocrx_word' id='word_1_292' title='bbox 265 2507 341 2567; x_wconf 75' lang='grc' dir='ltr'>ὕθλον</span> <span class='ocrx_word' id='word_1_293' title='bbox 360 2513 458 2565; x_wconf 77' lang='grc' dir='ltr'>τοῦτον.</span> <span class='ocrx_word' id='word_1_294' title='bbox 475 2508 528 2566; x_wconf 78' lang='grc' dir='ltr'>Καί</span> <span class='ocrx_word' id='word_1_295' title='bbox 550 2507 642 2586; x_wconf 80' lang='grc' dir='ltr'>σχεδὸν</span> <span class='ocrx_word' id='word_1_296' title='bbox 664 2508 688 2564; x_wconf 81' lang='grc' dir='ltr'>οἱ</span> <span class='ocrx_word' id='word_1_297' title='bbox 706 2506 753 2582; x_wconf 85' lang='grc' dir='ltr'><strong>μὲν</strong></span> <span class='ocrx_word' id='word_1_298' title='bbox 770 2505 904 2587; x_wconf 67' lang='grc' dir='ltr'><strong>κράτιστονΙ</strong></span> <span class='ocrx_word' id='word_1_299' title='bbox 954 2515 1008 2588; x_wconf 85' lang='grc' dir='ltr'><strong>φῶς</strong></span> <span class='ocrx_word' id='word_1_300' title='bbox 1030 2508 1146 2588; x_wconf 80' lang='grc' dir='ltr'>ὡρίσατο</span> <span class='ocrx_word' id='word_1_301' title='bbox 1158 2511 1230 2576; x_wconf 90' lang='grc' dir='ltr'>τέλος</span> <span class='ocrx_word' id='word_1_302' title='bbox 1254 2499 1320 2566; x_wconf 72' lang='grc' dir='ltr'>εἶναι</span> <span class='ocrx_word' id='word_1_303' title='bbox 1339 2509 1370 2569; x_wconf 82' lang='grc' dir='ltr'><strong>τὸ</strong></span> <span class='ocrx_word' id='word_1_304' title='bbox 1391 2509 1474 2580; x_wconf 77' lang='grc' dir='ltr'>ἡδέως</span> <span class='ocrx_word' id='word_1_305' title='bbox 1494 2513 1558 2582; x_wconf 73' lang='grc' dir='ltr'>ζῆν,</span> <span class='ocrx_word' id='word_1_306' title='bbox 1574 2509 1671 2582; x_wconf 80' lang='grc' dir='ltr'>ἡδονὴν</span> <span class='ocrx_word' id='word_1_307' title='bbox 1687 2513 1729 2568; x_wconf 81' lang='grc' dir='ltr'>ἒν-</span> 
     </span>
     <span class='ocr_line' id='line_1_24' title="bbox 128 2587 1730 2678; baseline 0.001 -24"><span class='ocrx_word' id='word_1_308' title='bbox 128 2597 261 2663; x_wconf 82' lang='grc' dir='ltr'>δοκοῦντες</span> <span class='ocrx_word' id='word_1_309' title='bbox 286 2587 351 2656; x_wconf 69' lang='grc' dir='ltr'>εἶναι</span> <span class='ocrx_word' id='word_1_310' title='bbox 375 2599 426 2653; x_wconf 87' lang='grc' dir='ltr'><strong>τῶν</strong></span> <span class='ocrx_word' id='word_1_311' title='bbox 442 2597 490 2667; x_wconf 84' lang='grc' dir='ltr'><strong>τήν</strong></span> <span class='ocrx_word' id='word_1_312' title='bbox 505 2595 563 2655; x_wconf 80' lang='grc' dir='ltr'>ὁδὸν</span> <span class='ocrx_word' id='word_1_313' title='bbox 587 2595 763 2674; x_wconf 73' lang='grc' dir='ltr'>βεθαδικάτων</span> <span class='ocrx_word' id='word_1_314' title='bbox 785 2594 902 2668; x_wconf 82' lang='grc' dir='ltr'>ταύτην,</span> <span class='ocrx_word' id='word_1_315' title='bbox 954 2597 1056 2656; x_wconf 88' lang='grc' dir='ltr'>τάττων</span> <span class='ocrx_word' id='word_1_316' title='bbox 1070 2597 1117 2670; x_wconf 79' lang='grc' dir='ltr'><strong>τὴν</strong></span> <span class='ocrx_word' id='word_1_317' title='bbox 1130 2599 1198 2656; x_wconf 79' lang='grc' dir='ltr'>κατὰ</span> <span class='ocrx_word' id='word_1_318' title='bbox 1212 2597 1325 2668; x_wconf 88' lang='grc' dir='ltr'>κίνησιν.</span> <span class='ocrx_word' id='word_1_319' title='bbox 1369 2601 1446 2678; x_wconf 82' lang='grc' dir='ltr'>Τρεῖς</span> <span class='ocrx_word' id='word_1_320' title='bbox 1460 2599 1511 2677; x_wconf 69' lang='grc' dir='ltr'><strong>γάρ</strong></span> <span class='ocrx_word' id='word_1_321' title='bbox 1534 2599 1583 2674; x_wconf 81' lang='grc' dir='ltr'>ἔφη</span> <span class='ocrx_word' id='word_1_322' title='bbox 1595 2597 1730 2658; x_wconf 85' lang='grc' dir='ltr'>καταστά·</span> 
     </span>
     <span class='ocr_line' id='line_1_25' title="bbox 122 2672 1837 2766; baseline 0.001 -23"><span class='ocrx_word' id='word_1_323' title='bbox 122 2675 279 2744; x_wconf 75' lang='grc' dir='ltr'>εῖσὶνοῦτοι.</span> <span class='ocrx_word' id='word_1_324' title='bbox 322 2681 389 2743; x_wconf 84' lang='grc' dir='ltr'><strong>Ὅτι</strong></span> <span class='ocrx_word' id='word_1_325' title='bbox 407 2681 455 2761; x_wconf 78' lang='grc' dir='ltr'><strong>μέν</strong></span> <span class='ocrx_word' id='word_1_326' title='bbox 470 2672 514 2741; x_wconf 73' lang='grc' dir='ltr'><strong>οθν</strong></span> <span class='ocrx_word' id='word_1_327' title='bbox 526 2683 572 2753; x_wconf 80' lang='grc' dir='ltr'><strong>τήν</strong></span> <span class='ocrx_word' id='word_1_328' title='bbox 587 2681 713 2752; x_wconf 85' lang='grc' dir='ltr'>τοιαύτην</span> <span class='ocrx_word' id='word_1_329' title='bbox 728 2681 903 2764; x_wconf 80' lang='grc' dir='ltr'>εἴτεαίρεσιν,</span> <span class='ocrx_word' id='word_1_330' title='bbox 953 2677 1086 2752; x_wconf 76' lang='grc' dir='ltr'>σειςεῖναι</span> <span class='ocrx_word' id='word_1_331' title='bbox 1119 2688 1180 2766; x_wconf 74' lang='grc' dir='ltr'>περὶ</span> <span class='ocrx_word' id='word_1_332' title='bbox 1201 2685 1247 2757; x_wconf 81' lang='grc' dir='ltr'><strong>τήν</strong></span> <span class='ocrx_word' id='word_1_333' title='bbox 1272 2689 1403 2766; x_wconf 81' lang='grc' dir='ltr'>ἡμετέραν</span> <span class='ocrx_word' id='word_1_334' title='bbox 1416 2687 1570 2766; x_wconf 84' lang='grc' dir='ltr'>σύγκρασιν·</span> <span class='ocrx_word' id='word_1_335' title='bbox 1589 2687 1652 2763; x_wconf 89' lang='grc' dir='ltr'>μίαν</span> <span class='ocrx_word' id='word_1_336' title='bbox 1669 2687 1734 2764; x_wconf 86' lang='grc' dir='ltr'>μέν,</span> <span class='ocrx_word' id='word_1_337' title='bbox 1834 2733 1837 2738; x_wconf 86' lang='grc'>.</span> 
     </span>
    </p>
   </div>
   <div class='ocr_carea' id='block_1_3' title="bbox 126 2829 491 2842">
    <p class='ocr_par' dir='ltr' id='par_1_4' title="bbox 126 2829 491 2842">
     <span class='ocr_line' id='line_1_26' title="bbox 126 2829 491 2842; baseline -0.011 0"><span class='ocrx_word' id='word_1_338' title='bbox 126 2829 491 2842; x_wconf 82' lang='lat'>----———————</span> 
     </span>
    </p>
   </div>
   <div class='ocr_carea' id='block_1_4' title="bbox 120 2897 1737 4564">
    <p class='ocr_par' dir='ltr' id='par_1_5' title="bbox 120 2897 1737 4564">
     <span class='ocr_line' id='line_1_27' title="bbox 121 2897 1734 2974; baseline 0.001 -17"><span class='ocrx_word' id='word_1_339' title='bbox 121 2907 215 2970; x_wconf 82' lang='lat' dir='ltr'><strong>diguari</strong></span> <span class='ocrx_word' id='word_1_340' title='bbox 228 2897 352 2971; x_wconf 80' lang='lat' dir='ltr'><strong>caepisse,</strong></span> <span class='ocrx_word' id='word_1_341' title='bbox 365 2903 431 2968; x_wconf 81' lang='lat' dir='ltr'><strong>qurod</strong></span> <span class='ocrx_word' id='word_1_342' title='bbox 443 2919 474 2954; x_wconf 83' lang='lat' dir='ltr'><strong>ex</strong></span> <span class='ocrx_word' id='word_1_343' title='bbox 488 2905 568 2954; x_wconf 91' lang='lat' dir='ltr'><strong>amico</strong></span> <span class='ocrx_word' id='word_1_344' title='bbox 586 2904 635 2953; x_wconf 87' lang='lat' dir='ltr'><strong>isto</strong></span> <span class='ocrx_word' id='word_1_345' title='bbox 646 2903 759 2966; x_wconf 82' lang='lat' dir='ltr'><strong>erudiret,</strong></span> <span class='ocrx_word' id='word_1_346' title='bbox 780 2918 807 2955; x_wconf 88' lang='lat' dir='ltr'><strong>se</strong></span> <span class='ocrx_word' id='word_1_347' title='bbox 823 2905 904 2955; x_wconf 88' lang='lat' dir='ltr'><strong>baud·</strong></span> <span class='ocrx_word' id='word_1_348' title='bbox 954 2907 980 2958; x_wconf 91' lang='lat' dir='ltr'><strong>bi</strong></span> <span class='ocrx_word' id='word_1_349' title='bbox 996 2910 1047 2958; x_wconf 87' lang='lat' dir='ltr'><strong>iere</strong></span> <span class='ocrx_word' id='word_1_350' title='bbox 1057 2915 1115 2959; x_wconf 90' lang='lat' dir='ltr'><strong>sunt</strong></span> <span class='ocrx_word' id='word_1_351' title='bbox 1126 2923 1156 2960; x_wconf 81' lang='lat' dir='ltr'><strong>er</strong></span> <span class='ocrx_word' id='word_1_352' title='bbox 1170 2909 1238 2974; x_wconf 73' lang='lat' dir='ltr'><strong>vulgo</strong></span> <span class='ocrx_word' id='word_1_353' title='bbox 1249 2909 1362 2974; x_wconf 86' lang='lat' dir='ltr'><strong>opinione</strong></span> <span class='ocrx_word' id='word_1_354' title='bbox 1375 2910 1511 2974; x_wconf 79' lang='lat' dir='ltr'><strong>principos,</strong></span> <span class='ocrx_word' id='word_1_355' title='bbox 1524 2909 1567 2974; x_wconf 86' lang='lat' dir='ltr'><strong>qui</strong></span> <span class='ocrx_word' id='word_1_356' title='bbox 1580 2909 1643 2960; x_wconf 84' lang='lat' dir='ltr'><strong>irene</strong></span> <span class='ocrx_word' id='word_1_357' title='bbox 1657 2909 1734 2974; x_wconf 88' lang='lat' dir='ltr'><strong>pbiiu·</strong></span> 
     </span>
     <span class='ocr_line' id='line_1_28' title="bbox 122 2995 1735 3063; baseline -0.001 -15"><span class='ocrx_word' id='word_1_358' title='bbox 122 3013 246 3063; x_wconf 73' lang='lat' dir='ltr'><strong>quaquam</strong></span> <span class='ocrx_word' id='word_1_359' title='bbox 276 2995 436 3062; x_wconf 77' lang='lat' dir='ltr'><strong>philosophiae</strong></span> <span class='ocrx_word' id='word_1_360' title='bbox 461 3000 585 3062; x_wconf 75' lang='lat' dir='ltr'><strong>praccepta</strong></span> <span class='ocrx_word' id='word_1_361' title='bbox 616 3010 671 3047; x_wconf 88' lang='lat' dir='ltr'><strong>esse</strong></span> <span class='ocrx_word' id='word_1_362' title='bbox 700 2997 903 3057; x_wconf 78' lang='lat' dir='ltr'><strong>observaturum,</strong></span> <span class='ocrx_word' id='word_1_363' title='bbox 952 2998 1072 3061; x_wconf 89' lang='lat' dir='ltr'><strong>sophandi</strong></span> <span class='ocrx_word' id='word_1_364' title='bbox 1086 2997 1151 3047; x_wconf 77' lang='lat' dir='ltr'><strong>riano</strong></span> <span class='ocrx_word' id='word_1_365' title='bbox 1174 2998 1289 3049; x_wconf 76' lang='lat' dir='ltr'><strong>inierunt.</strong></span> <span class='ocrx_word' id='word_1_366' title='bbox 1324 2999 1428 3049; x_wconf 74' lang='lat' dir='ltr'><strong>seusu:</strong></span> <span class='ocrx_word' id='word_1_367' title='bbox 1444 2997 1622 3061; x_wconf 77' lang='lat' dir='ltr'><strong>talemquese!</strong></span> <span class='ocrx_word' id='word_1_368' title='bbox 1642 3000 1735 3048; x_wconf 85' lang='lat' dir='ltr'><strong>sectum</strong></span> 
     </span>
     <span class='ocr_line' id='line_1_29' title="bbox 123 3079 1735 3152; baseline -0.002 -13"><span class='ocrx_word' id='word_1_369' title='bbox 123 3101 202 3152; x_wconf 85' lang='lat' dir='ltr'><strong>neque</strong></span> <span class='ocrx_word' id='word_1_370' title='bbox 219 3087 253 3136; x_wconf 91' lang='lat' dir='ltr'><strong>ita</strong></span> <span class='ocrx_word' id='word_1_371' title='bbox 269 3086 408 3144; x_wconf 81' lang='lat' dir='ltr'><strong>victurum,</strong></span> <span class='ocrx_word' id='word_1_372' title='bbox 424 3090 452 3135; x_wconf 90' lang='lat' dir='ltr'><strong>ut</strong></span> <span class='ocrx_word' id='word_1_373' title='bbox 471 3087 538 3136; x_wconf 79' lang='lat' dir='ltr'><strong>runnu</strong></span> <span class='ocrx_word' id='word_1_374' title='bbox 550 3085 625 3134; x_wconf 87' lang='lat' dir='ltr'><strong>enirni</strong></span> <span class='ocrx_word' id='word_1_375' title='bbox 637 3086 820 3149; x_wconf 67' lang='lat' dir='ltr'>perturbatione</span> <span class='ocrx_word' id='word_1_376' title='bbox 833 3098 905 3136; x_wconf 89' lang='lat' dir='ltr'><strong>care·</strong></span> <span class='ocrx_word' id='word_1_377' title='bbox 952 3079 989 3132; x_wconf 84' lang='lat' dir='ltr'><strong>r&#39;ci</strong></span> <span class='ocrx_word' id='word_1_378' title='bbox 1003 3083 1172 3148; x_wconf 85' lang='lat' dir='ltr'><strong>disciptinam,</strong></span> <span class='ocrx_word' id='word_1_379' title='bbox 1190 3085 1229 3135; x_wconf 84' lang='lat' dir='ltr'><strong>rei</strong></span> <span class='ocrx_word' id='word_1_380' title='bbox 1247 3087 1375 3150; x_wconf 75' lang='lat' dir='ltr'><strong>utcunque</strong></span> <span class='ocrx_word' id='word_1_381' title='bbox 1396 3089 1420 3134; x_wconf 88' lang='lat' dir='ltr'><strong>et</strong></span> <span class='ocrx_word' id='word_1_382' title='bbox 1440 3085 1662 3152; x_wconf 82' lang='lat' dir='ltr'><strong>qaroumdocunquu</strong></span> <span class='ocrx_word' id='word_1_383' title='bbox 1680 3099 1735 3136; x_wconf 85' lang='lat' dir='ltr'><strong>curn</strong></span> 
     </span>
     <span class='ocr_line' id='line_1_30' title="bbox 124 3172 1737 3239; baseline -0.002 -12"><span class='ocrx_word' id='word_1_384' title='bbox 124 3182 169 3228; x_wconf 86' lang='lat' dir='ltr'><strong>ret.</strong></span> <span class='ocrx_word' id='word_1_385' title='bbox 203 3175 432 3238; x_wconf 67' lang='lat' dir='ltr'><strong>Transumenum</strong></span> <span class='ocrx_word' id='word_1_386' title='bbox 459 3175 551 3225; x_wconf 85' lang='lat' dir='ltr'><strong>bomini</strong></span> <span class='ocrx_word' id='word_1_387' title='bbox 576 3175 748 3239; x_wconf 86' lang='lat' dir='ltr'><strong>respondisse,</strong></span> <span class='ocrx_word' id='word_1_388' title='bbox 774 3175 847 3238; x_wconf 81' lang='lat' dir='ltr'><strong>brajrrs</strong></span> <span class='ocrx_word' id='word_1_389' title='bbox 871 3177 906 3224; x_wconf 92' lang='lat' dir='ltr'><strong>rei</strong></span> <span class='ocrx_word' id='word_1_390' title='bbox 952 3173 1072 3234; x_wconf 84' lang='lat' dir='ltr'><strong>appetiere</strong></span> <span class='ocrx_word' id='word_1_391' title='bbox 1086 3172 1159 3232; x_wconf 87' lang='lat' dir='ltr'><strong>tibet,</strong></span> <span class='ocrx_word' id='word_1_392' title='bbox 1183 3175 1306 3224; x_wconf 85' lang='lat' dir='ltr'><strong>uominerr</strong></span> <span class='ocrx_word' id='word_1_393' title='bbox 1326 3173 1367 3236; x_wconf 84' lang='grc' dir='ltr'>ηιιῖ</span> <span class='ocrx_word' id='word_1_394' title='bbox 1383 3173 1484 3236; x_wconf 78' lang='grc' dir='ltr'>ηιιῖιίοοι</span> <span class='ocrx_word' id='word_1_395' title='bbox 1498 3174 1605 3239; x_wconf 86' lang='lat' dir='ltr'><strong>prudens</strong></span> <span class='ocrx_word' id='word_1_396' title='bbox 1627 3176 1676 3236; x_wconf 74' lang='lat' dir='ltr'><strong>siti</strong></span> <span class='ocrx_word' id='word_1_397' title='bbox 1693 3187 1737 3238; x_wconf 89' lang='lat' dir='ltr'><strong>ap·</strong></span> 
     </span>
     <span class='ocr_line' id='line_1_31' title="bbox 124 3260 1735 3327; baseline -0.001 -12"><span class='ocrx_word' id='word_1_398' title='bbox 124 3266 295 3316; x_wconf 68' lang='lat' dir='ltr'><strong>documentum</strong></span> <span class='ocrx_word' id='word_1_399' title='bbox 315 3264 340 3312; x_wconf 91' lang='lat' dir='ltr'><strong>in</strong></span> <span class='ocrx_word' id='word_1_400' title='bbox 361 3263 513 3313; x_wconf 81' lang='lat' dir='ltr'><strong>rnniiercuiae</strong></span> <span class='ocrx_word' id='word_1_401' title='bbox 533 3276 609 3313; x_wconf 87' lang='lat' dir='ltr'><strong>cansa</strong></span> <span class='ocrx_word' id='word_1_402' title='bbox 630 3263 684 3312; x_wconf 73' lang='lat' dir='ltr'><strong>«lari</strong></span> <span class='ocrx_word' id='word_1_403' title='bbox 707 3276 756 3312; x_wconf 91' lang='lat' dir='ltr'><strong>nnn</strong></span> <span class='ocrx_word' id='word_1_404' title='bbox 779 3267 902 3326; x_wconf 81' lang='lat' dir='ltr'>oportere.</span> <span class='ocrx_word' id='word_1_405' title='bbox 952 3260 1115 3322; x_wconf 84' lang='lat' dir='ltr'><strong>probaturum</strong></span> <span class='ocrx_word' id='word_1_406' title='bbox 1129 3274 1184 3310; x_wconf 87' lang='lat' dir='ltr'><strong>esse</strong></span> <span class='ocrx_word' id='word_1_407' title='bbox 1205 3262 1361 3312; x_wconf 86' lang='lat' dir='ltr'><strong>rnaniiestnm</strong></span> <span class='ocrx_word' id='word_1_408' title='bbox 1377 3265 1423 3311; x_wconf 87' lang='lat' dir='ltr'><strong>est.</strong></span> <span class='ocrx_word' id='word_1_409' title='bbox 1456 3265 1508 3326; x_wconf 76' lang='lat' dir='ltr'><strong>Ego</strong></span> <span class='ocrx_word' id='word_1_410' title='bbox 1523 3275 1582 3313; x_wconf 82' lang='lat' dir='ltr'><strong>vero</strong></span> <span class='ocrx_word' id='word_1_411' title='bbox 1603 3277 1633 3312; x_wconf 91' lang='lat' dir='ltr'><strong>ne</strong></span> <span class='ocrx_word' id='word_1_412' title='bbox 1652 3261 1735 3327; x_wconf 91' lang='lat' dir='ltr'><strong>phiio·</strong></span> 
     </span>
     <span class='ocr_line' id='line_1_32' title="bbox 124 3347 1733 3415; baseline -0.002 -12"><span class='ocrx_word' id='word_1_413' title='bbox 124 3353 199 3415; x_wconf 79' lang='lat' dir='ltr'><strong>atqui</strong></span> <span class='ocrx_word' id='word_1_414' title='bbox 211 3352 301 3402; x_wconf 86' lang='lat' dir='ltr'><strong>merito</strong></span> <span class='ocrx_word' id='word_1_415' title='bbox 314 3353 409 3401; x_wconf 87' lang='lat' dir='ltr'><strong>amicus</strong></span> <span class='ocrx_word' id='word_1_416' title='bbox 424 3351 465 3402; x_wconf 90' lang='lat' dir='ltr'><strong>iiie</strong></span> <span class='ocrx_word' id='word_1_417' title='bbox 482 3351 594 3412; x_wconf 88' lang='lat' dir='ltr'><strong>diceret,</strong></span> <span class='ocrx_word' id='word_1_418' title='bbox 610 3351 634 3401; x_wconf 93' lang='lat' dir='ltr'><strong>in</strong></span> <span class='ocrx_word' id='word_1_419' title='bbox 648 3351 767 3412; x_wconf 90' lang='lat' dir='ltr'><strong>muiiore,</strong></span> <span class='ocrx_word' id='word_1_420' title='bbox 785 3351 811 3399; x_wconf 89' lang='lat' dir='ltr'><strong>in</strong></span> <span class='ocrx_word' id='word_1_421' title='bbox 824 3364 885 3400; x_wconf 89' lang='lat' dir='ltr'><strong>cane</strong></span> <span class='ocrx_word' id='word_1_422' title='bbox 952 3347 1062 3411; x_wconf 86' lang='lat' dir='ltr'><strong>sophiam</strong></span> <span class='ocrx_word' id='word_1_423' title='bbox 1082 3347 1181 3410; x_wconf 85' lang='lat' dir='ltr'><strong>quidem</strong></span> <span class='ocrx_word' id='word_1_424' title='bbox 1205 3362 1259 3398; x_wconf 86' lang='lat' dir='ltr'><strong>eum</strong></span> <span class='ocrx_word' id='word_1_425' title='bbox 1281 3349 1414 3398; x_wconf 78' lang='lat' dir='ltr'><strong>vocandam</strong></span> <span class='ocrx_word' id='word_1_426' title='bbox 1438 3349 1566 3412; x_wconf 83' lang='lat' dir='ltr'><strong>existimo,</strong></span> <span class='ocrx_word' id='word_1_427' title='bbox 1583 3364 1660 3414; x_wconf 89' lang='lat' dir='ltr'><strong>quum</strong></span> <span class='ocrx_word' id='word_1_428' title='bbox 1679 3349 1733 3414; x_wconf 84' lang='lat' dir='ltr'><strong>ipsa</strong></span> 
     </span>
     <span class='ocr_line' id='line_1_33' title="bbox 124 3435 1733 3506; baseline -0.002 -14"><span class='ocrx_word' id='word_1_429' title='bbox 124 3442 147 3492; x_wconf 89' lang='lat' dir='ltr'><strong>iu</strong></span> <span class='ocrx_word' id='word_1_430' title='bbox 160 3440 260 3504; x_wconf 83' lang='lat' dir='ltr'><strong>ruiinuis</strong></span> <span class='ocrx_word' id='word_1_431' title='bbox 271 3440 376 3504; x_wconf 88' lang='lat' dir='ltr'><strong>denique</strong></span> <span class='ocrx_word' id='word_1_432' title='bbox 389 3440 505 3490; x_wconf 89' lang='lat' dir='ltr'><strong>oronibus</strong></span> <span class='ocrx_word' id='word_1_433' title='bbox 522 3441 594 3491; x_wconf 93' lang='lat' dir='ltr'><strong>inane</strong></span> <span class='ocrx_word' id='word_1_434' title='bbox 607 3443 687 3490; x_wconf 89' lang='lat' dir='ltr'><strong>totum</strong></span> <span class='ocrx_word' id='word_1_435' title='bbox 700 3441 747 3490; x_wconf 89' lang='lat' dir='ltr'><strong>boc</strong></span> <span class='ocrx_word' id='word_1_436' title='bbox 762 3440 906 3506; x_wconf 89' lang='lat' dir='ltr'><strong>disputandi</strong></span> <span class='ocrx_word' id='word_1_437' title='bbox 951 3435 1112 3500; x_wconf 67' lang='lat' dir='ltr'><strong>philosophiae</strong></span> <span class='ocrx_word' id='word_1_438' title='bbox 1127 3438 1245 3501; x_wconf 82' lang='lat' dir='ltr'><strong>principio</strong></span> <span class='ocrx_word' id='word_1_439' title='bbox 1257 3438 1338 3490; x_wconf 80' lang='lat' dir='ltr'><strong>toiiat.</strong></span> <span class='ocrx_word' id='word_1_440' title='bbox 1369 3439 1430 3488; x_wconf 79' lang='lat' dir='ltr'><strong>iieec</strong></span> <span class='ocrx_word' id='word_1_441' title='bbox 1440 3437 1643 3502; x_wconf 76' lang='lat' dir='ltr'><strong>igituraduersus</strong></span> <span class='ocrx_word' id='word_1_442' title='bbox 1655 3437 1733 3502; x_wconf 92' lang='lat' dir='ltr'><strong>pbiio-</strong></span> 
     </span>
     <span class='ocr_line' id='line_1_34' title="bbox 122 3523 1731 3594; baseline -0.002 -14"><span class='ocrx_word' id='word_1_443' title='bbox 122 3545 199 3594; x_wconf 77' lang='lat' dir='ltr'><strong>genus</strong></span> <span class='ocrx_word' id='word_1_444' title='bbox 212 3528 332 3579; x_wconf 82' lang='lat' dir='ltr'><strong>interram.</strong></span> <span class='ocrx_word' id='word_1_445' title='bbox 365 3529 458 3587; x_wconf 82' lang='lat' dir='ltr'><strong>Quodsi</strong></span> <span class='ocrx_word' id='word_1_446' title='bbox 476 3531 528 3578; x_wconf 84' lang='lat' dir='ltr'><strong>bam</strong></span> <span class='ocrx_word' id='word_1_447' title='bbox 547 3529 627 3580; x_wconf 90' lang='lat' dir='ltr'><strong>oratio</strong></span> <span class='ocrx_word' id='word_1_448' title='bbox 644 3529 689 3579; x_wconf 91' lang='lat' dir='ltr'><strong>tibi</strong></span> <span class='ocrx_word' id='word_1_449' title='bbox 708 3529 823 3594; x_wconf 84' lang='lat' dir='ltr'><strong>prodest,</strong></span> <span class='ocrx_word' id='word_1_450' title='bbox 837 3529 904 3580; x_wconf 86' lang='lat' dir='ltr'><strong>baud</strong></span> <span class='ocrx_word' id='word_1_451' title='bbox 951 3523 1057 3590; x_wconf 81' lang='lat' dir='ltr'><strong>sophos,</strong></span> <span class='ocrx_word' id='word_1_452' title='bbox 1082 3525 1125 3590; x_wconf 93' lang='lat' dir='ltr'><strong>qui</strong></span> <span class='ocrx_word' id='word_1_453' title='bbox 1159 3525 1292 3590; x_wconf 80' lang='lat' dir='ltr'><strong>Pyrrhonis</strong></span> <span class='ocrx_word' id='word_1_454' title='bbox 1323 3531 1486 3577; x_wconf 74' lang='lat' dir='ltr'><strong>assectatores</strong></span> <span class='ocrx_word' id='word_1_455' title='bbox 1509 3527 1640 3590; x_wconf 73' lang='lat' dir='ltr'><strong>haientnr,</strong></span> <span class='ocrx_word' id='word_1_456' title='bbox 1665 3527 1731 3578; x_wconf 87' lang='lat' dir='ltr'><strong>dicta</strong></span> 
     </span>
     <span class='ocr_line' id='line_1_35' title="bbox 121 3613 1732 3680; baseline -0.001 -12"><span class='ocrx_word' id='word_1_457' title='bbox 121 3616 258 3668; x_wconf 84' lang='lat' dir='ltr'><strong>absuntam</strong></span> <span class='ocrx_word' id='word_1_458' title='bbox 279 3616 341 3678; x_wconf 89' lang='lat' dir='ltr'><strong>erit,</strong></span> <span class='ocrx_word' id='word_1_459' title='bbox 357 3619 410 3667; x_wconf 90' lang='lat' dir='ltr'><strong>tum</strong></span> <span class='ocrx_word' id='word_1_460' title='bbox 430 3631 492 3680; x_wconf 76' lang='lat' dir='ltr'><strong>puros</strong></span> <span class='ocrx_word' id='word_1_461' title='bbox 515 3617 630 3668; x_wconf 89' lang='lat' dir='ltr'><strong>habuerit</strong></span> <span class='ocrx_word' id='word_1_462' title='bbox 650 3620 828 3679; x_wconf 74' lang='lat' dir='ltr'><strong>assectatores,</strong></span> <span class='ocrx_word' id='word_1_463' title='bbox 851 3619 906 3667; x_wconf 86' lang='lat' dir='ltr'><strong>inm</strong></span> <span class='ocrx_word' id='word_1_464' title='bbox 951 3618 1033 3664; x_wconf 89' lang='lat' dir='ltr'><strong>sunto.</strong></span> <span class='ocrx_word' id='word_1_465' title='bbox 1066 3613 1161 3672; x_wconf 85' lang='lat' dir='ltr'><strong>Quibus</strong></span> <span class='ocrx_word' id='word_1_466' title='bbox 1173 3619 1275 3678; x_wconf 78' lang='lat' dir='ltr'><strong>cognata</strong></span> <span class='ocrx_word' id='word_1_467' title='bbox 1288 3615 1330 3664; x_wconf 87' lang='lat' dir='ltr'><strong>iiia</strong></span> <span class='ocrx_word' id='word_1_468' title='bbox 1350 3615 1459 3677; x_wconf 88' lang='lat' dir='ltr'><strong>inerint,</strong></span> <span class='ocrx_word' id='word_1_469' title='bbox 1472 3628 1530 3680; x_wconf 71' lang='lat' dir='ltr'><strong>que</strong></span> <span class='ocrx_word' id='word_1_470' title='bbox 1543 3616 1636 3680; x_wconf 86' lang='lat' dir='ltr'><strong>opponi</strong></span> <span class='ocrx_word' id='word_1_471' title='bbox 1651 3617 1732 3666; x_wconf 86' lang='lat' dir='ltr'><strong>soient</strong></span> 
     </span>
     <span class='ocr_line' id='line_1_36' title="bbox 120 3700 1732 3771; baseline -0.002 -16"><span class='ocrx_word' id='word_1_472' title='bbox 120 3719 184 3771; x_wconf 82' lang='lat' dir='ltr'><strong>quos</strong></span> <span class='ocrx_word' id='word_1_473' title='bbox 199 3705 250 3768; x_wconf 87' lang='lat' dir='ltr'><strong>ipse</strong></span> <span class='ocrx_word' id='word_1_474' title='bbox 262 3704 453 3765; x_wconf 73' lang='lat' dir='ltr'><strong>aemuiatussit,</strong></span> <span class='ocrx_word' id='word_1_475' title='bbox 469 3719 625 3769; x_wconf 83' lang='lat' dir='ltr'><strong>cognoscere.</strong></span> <span class='ocrx_word' id='word_1_476' title='bbox 659 3705 713 3755; x_wconf 88' lang='lat' dir='ltr'><strong>Fuit</strong></span> <span class='ocrx_word' id='word_1_477' title='bbox 727 3703 906 3768; x_wconf 84' lang='lat' dir='ltr'><strong>igiturPyrrbo</strong></span> <span class='ocrx_word' id='word_1_478' title='bbox 952 3700 1094 3750; x_wconf 90' lang='lat' dir='ltr'><strong>bominibus</strong></span> <span class='ocrx_word' id='word_1_479' title='bbox 1106 3715 1137 3750; x_wconf 84' lang='lat' dir='ltr'><strong>er</strong></span> <span class='ocrx_word' id='word_1_480' title='bbox 1149 3701 1267 3766; x_wconf 76' lang='lat' dir='ltr'><strong>Aristippi</strong></span> <span class='ocrx_word' id='word_1_481' title='bbox 1277 3701 1388 3766; x_wconf 76' lang='lat' dir='ltr'><strong>cyrenaei</strong></span> <span class='ocrx_word' id='word_1_482' title='bbox 1400 3700 1528 3766; x_wconf 84' lang='lat' dir='ltr'><strong>disciplina</strong></span> <span class='ocrx_word' id='word_1_483' title='bbox 1542 3703 1673 3766; x_wconf 88' lang='lat' dir='ltr'><strong>proiectis,</strong></span> <span class='ocrx_word' id='word_1_484' title='bbox 1691 3704 1732 3765; x_wconf 83' lang='lat' dir='ltr'><strong>qui</strong></span> 
     </span>
     <span class='ocr_line' id='line_1_37' title="bbox 122 3787 1732 3860; baseline 0.003 -25"><span class='ocrx_word' id='word_1_485' title='bbox 122 3793 261 3846; x_wconf 63' lang='lat' dir='ltr'><strong>Anaxarchi</strong></span> <span class='ocrx_word' id='word_1_486' title='bbox 276 3794 405 3858; x_wconf 63' lang='lat' dir='ltr'><strong>enjusdam</strong></span> <span class='ocrx_word' id='word_1_487' title='bbox 418 3794 618 3858; x_wconf 59' lang='lat' dir='ltr'><strong>discjp1p11s;30</strong></span> <span class='ocrx_word' id='word_1_488' title='bbox 636 3795 747 3858; x_wconf 65' lang='lat' dir='ltr'><strong>primum</strong></span> <span class='ocrx_word' id='word_1_489' title='bbox 759 3794 858 3860; x_wconf 57' lang='lat' dir='ltr'><strong>quippo.</strong></span> <span class='ocrx_word' id='word_1_490' title='bbox 872 3795 905 3858; x_wconf 67' lang='grc' dir='ltr'>γη.</span> <span class='ocrx_word' id='word_1_491' title='bbox 952 3787 1017 3837; x_wconf 87' lang='lat' dir='ltr'><strong>solos</strong></span> <span class='ocrx_word' id='word_1_492' title='bbox 1043 3788 1147 3838; x_wconf 86' lang='lat' dir='ltr'><strong>uiiectus</strong></span> <span class='ocrx_word' id='word_1_493' title='bbox 1174 3793 1255 3840; x_wconf 88' lang='lat' dir='ltr'><strong>ruente</strong></span> <span class='ocrx_word' id='word_1_494' title='bbox 1281 3789 1453 3853; x_wconf 80' lang='lat' dir='ltr'><strong>comprehendi</strong></span> <span class='ocrx_word' id='word_1_495' title='bbox 1485 3803 1556 3853; x_wconf 88' lang='lat' dir='ltr'><strong>posse</strong></span> <span class='ocrx_word' id='word_1_496' title='bbox 1579 3787 1732 3840; x_wconf 74' lang='lat' dir='ltr'><strong>statuebant.</strong></span> 
     </span>
     <span class='ocr_line' id='line_1_38' title="bbox 121 3876 1729 3947; baseline -0.001 -18"><span class='ocrx_word' id='word_1_497' title='bbox 121 3887 198 3932; x_wconf 74' lang='lat' dir='ltr'><strong>arurae</strong></span> <span class='ocrx_word' id='word_1_498' title='bbox 208 3895 309 3947; x_wconf 81' lang='lat' dir='ltr'><strong>operam</strong></span> <span class='ocrx_word' id='word_1_499' title='bbox 320 3881 395 3938; x_wconf 78' lang='lat' dir='ltr'><strong>dedit,</strong></span> <span class='ocrx_word' id='word_1_500' title='bbox 411 3882 454 3932; x_wconf 88' lang='lat' dir='ltr'><strong>sed</strong></span> <span class='ocrx_word' id='word_1_501' title='bbox 469 3897 532 3931; x_wconf 80' lang='lat' dir='ltr'><strong>vano</strong></span> <span class='ocrx_word' id='word_1_502' title='bbox 542 3885 632 3932; x_wconf 78' lang='lat' dir='ltr'><strong>aonam</strong></span> <span class='ocrx_word' id='word_1_503' title='bbox 645 3895 697 3933; x_wconf 83' lang='lat' dir='ltr'><strong>rem</strong></span> <span class='ocrx_word' id='word_1_504' title='bbox 706 3895 836 3946; x_wconf 78' lang='lat' dir='ltr'><strong>aggressus</strong></span> <span class='ocrx_word' id='word_1_505' title='bbox 850 3886 903 3945; x_wconf 72' lang='lat' dir='ltr'><strong>est,</strong></span> <span class='ocrx_word' id='word_1_506' title='bbox 952 3876 1058 3926; x_wconf 86' lang='lat' dir='ltr'><strong>Socratis</strong></span> <span class='ocrx_word' id='word_1_507' title='bbox 1073 3881 1156 3926; x_wconf 90' lang='lat' dir='ltr'><strong>autem</strong></span> <span class='ocrx_word' id='word_1_508' title='bbox 1169 3878 1260 3928; x_wconf 84' lang='lat' dir='ltr'><strong>sedatis</strong></span> <span class='ocrx_word' id='word_1_509' title='bbox 1280 3877 1418 3940; x_wconf 74' lang='lat' dir='ltr'><strong>aristippus</strong></span> <span class='ocrx_word' id='word_1_510' title='bbox 1434 3877 1494 3939; x_wconf 88' lang='lat' dir='ltr'><strong>tuit,</strong></span> <span class='ocrx_word' id='word_1_511' title='bbox 1512 3877 1554 3940; x_wconf 91' lang='lat' dir='ltr'><strong>qui</strong></span> <span class='ocrx_word' id='word_1_512' title='bbox 1569 3878 1729 3940; x_wconf 75' lang='lat' dir='ltr'><strong>cyrenaicam</strong></span> 
     </span>
     <span class='ocr_line' id='line_1_39' title="bbox 120 3963 1732 4036; baseline 0.001 -20"><span class='ocrx_word' id='word_1_513' title='bbox 120 3967 210 4022; x_wconf 84' lang='lat' dir='ltr'><strong>deindo</strong></span> <span class='ocrx_word' id='word_1_514' title='bbox 223 3985 283 4022; x_wconf 81' lang='lat' dir='ltr'><strong>vero</strong></span> <span class='ocrx_word' id='word_1_515' title='bbox 298 3975 460 4036; x_wconf 74' lang='lat' dir='ltr'><strong>posteaquem</strong></span> <span class='ocrx_word' id='word_1_516' title='bbox 476 3971 613 4022; x_wconf 78' lang='lat' dir='ltr'><strong>Democriti</strong></span> <span class='ocrx_word' id='word_1_517' title='bbox 624 3971 700 4021; x_wconf 85' lang='lat' dir='ltr'><strong>libros</strong></span> <span class='ocrx_word' id='word_1_518' title='bbox 718 3970 833 4034; x_wconf 76' lang='lat' dir='ltr'><strong>legisset,</strong></span> <span class='ocrx_word' id='word_1_519' title='bbox 845 3971 906 4022; x_wconf 84' lang='lat' dir='ltr'><strong>nibil</strong></span> <span class='ocrx_word' id='word_1_520' title='bbox 951 3968 1046 4016; x_wconf 83' lang='lat' dir='ltr'><strong>sectam</strong></span> <span class='ocrx_word' id='word_1_521' title='bbox 1068 3965 1188 4027; x_wconf 80' lang='lat' dir='ltr'><strong>institut,</strong></span> <span class='ocrx_word' id='word_1_522' title='bbox 1206 3979 1237 4014; x_wconf 79' lang='lat' dir='ltr'><strong>ex</strong></span> <span class='ocrx_word' id='word_1_523' title='bbox 1258 3978 1307 4028; x_wconf 83' lang='lat' dir='ltr'><strong>quc</strong></span> <span class='ocrx_word' id='word_1_524' title='bbox 1327 3965 1426 4029; x_wconf 88' lang='lat' dir='ltr'><strong>quidem</strong></span> <span class='ocrx_word' id='word_1_525' title='bbox 1447 3963 1569 4030; x_wconf 84' lang='lat' dir='ltr'><strong>Epicurus</strong></span> <span class='ocrx_word' id='word_1_526' title='bbox 1590 3965 1646 4015; x_wconf 81' lang='lat' dir='ltr'><strong>sinis</strong></span> <span class='ocrx_word' id='word_1_527' title='bbox 1665 3965 1732 4018; x_wconf 88' lang='lat' dir='ltr'><strong>iuius</strong></span> 
     </span>
     <span class='ocr_line' id='line_1_40' title="bbox 120 4053 1736 4124; baseline -0.003 -14"><span class='ocrx_word' id='word_1_528' title='bbox 120 4063 165 4110; x_wconf 89' lang='lat' dir='ltr'><strong>aut</strong></span> <span class='ocrx_word' id='word_1_529' title='bbox 187 4060 212 4108; x_wconf 91' lang='lat' dir='ltr'><strong>in</strong></span> <span class='ocrx_word' id='word_1_530' title='bbox 232 4059 262 4110; x_wconf 88' lang='lat' dir='ltr'><strong>iis</strong></span> <span class='ocrx_word' id='word_1_531' title='bbox 276 4059 333 4110; x_wconf 89' lang='lat' dir='ltr'><strong>boni</strong></span> <span class='ocrx_word' id='word_1_532' title='bbox 357 4059 447 4124; x_wconf 89' lang='lat' dir='ltr'><strong>reperit</strong></span> <span class='ocrx_word' id='word_1_533' title='bbox 473 4061 516 4109; x_wconf 87' lang='lat' dir='ltr'><strong>aut</strong></span> <span class='ocrx_word' id='word_1_534' title='bbox 537 4060 590 4121; x_wconf 87' lang='lat' dir='ltr'><strong>ipse</strong></span> <span class='ocrx_word' id='word_1_535' title='bbox 604 4059 764 4122; x_wconf 86' lang='lat' dir='ltr'><strong>conscripsit,</strong></span> <span class='ocrx_word' id='word_1_536' title='bbox 778 4058 823 4110; x_wconf 89' lang='lat' dir='ltr'><strong>sed</strong></span> <span class='ocrx_word' id='word_1_537' title='bbox 846 4059 906 4108; x_wconf 89' lang='lat' dir='ltr'><strong>deos</strong></span> <span class='ocrx_word' id='word_1_538' title='bbox 952 4054 1116 4104; x_wconf 86' lang='lat' dir='ltr'><strong>constituendi</strong></span> <span class='ocrx_word' id='word_1_539' title='bbox 1134 4055 1290 4104; x_wconf 78' lang='lat' dir='ltr'><strong>occasionem</strong></span> <span class='ocrx_word' id='word_1_540' title='bbox 1309 4053 1420 4117; x_wconf 90' lang='lat' dir='ltr'><strong>arripnit.</strong></span> <span class='ocrx_word' id='word_1_541' title='bbox 1440 4055 1500 4104; x_wconf 86' lang='lat' dir='ltr'><strong>Erat</strong></span> <span class='ocrx_word' id='word_1_542' title='bbox 1519 4053 1583 4106; x_wconf 89' lang='lat' dir='ltr'><strong>enim</strong></span> <span class='ocrx_word' id='word_1_543' title='bbox 1597 4054 1736 4120; x_wconf 80' lang='lat' dir='ltr'><strong>Aristippus</strong></span> 
     </span>
     <span class='ocr_line' id='line_1_41' title="bbox 121 4141 1736 4210; baseline 0 -14"><span class='ocrx_word' id='word_1_544' title='bbox 121 4149 220 4198; x_wconf 89' lang='lat' dir='ltr'><strong>tautum</strong></span> <span class='ocrx_word' id='word_1_545' title='bbox 231 4146 392 4209; x_wconf 85' lang='lat' dir='ltr'><strong>hominesque</strong></span> <span class='ocrx_word' id='word_1_546' title='bbox 406 4160 491 4196; x_wconf 86' lang='lat' dir='ltr'><strong>omnes</strong></span> <span class='ocrx_word' id='word_1_547' title='bbox 501 4143 598 4210; x_wconf 90' lang='lat' dir='ltr'><strong>probris</strong></span> <span class='ocrx_word' id='word_1_548' title='bbox 608 4150 633 4196; x_wconf 90' lang='lat' dir='ltr'><strong>et</strong></span> <span class='ocrx_word' id='word_1_549' title='bbox 644 4146 783 4196; x_wconf 87' lang='lat' dir='ltr'><strong>maledictis</strong></span> <span class='ocrx_word' id='word_1_550' title='bbox 797 4145 905 4196; x_wconf 78' lang='lat' dir='ltr'><strong>vexavit.</strong></span> <span class='ocrx_word' id='word_1_551' title='bbox 951 4144 975 4193; x_wconf 93' lang='lat' dir='ltr'><strong>in</strong></span> <span class='ocrx_word' id='word_1_552' title='bbox 996 4143 1063 4194; x_wconf 90' lang='lat' dir='ltr'><strong>omui</strong></span> <span class='ocrx_word' id='word_1_553' title='bbox 1080 4142 1130 4192; x_wconf 89' lang='lat' dir='ltr'><strong>rita</strong></span> <span class='ocrx_word' id='word_1_554' title='bbox 1147 4143 1227 4192; x_wconf 82' lang='lat' dir='ltr'><strong>nuntiis</strong></span> <span class='ocrx_word' id='word_1_555' title='bbox 1240 4141 1376 4192; x_wconf 81' lang='lat' dir='ltr'><strong>admodum</strong></span> <span class='ocrx_word' id='word_1_556' title='bbox 1394 4145 1419 4192; x_wconf 90' lang='lat' dir='ltr'><strong>et</strong></span> <span class='ocrx_word' id='word_1_557' title='bbox 1438 4142 1607 4206; x_wconf 71' lang='lat' dir='ltr'><strong>voluptarium</strong></span> <span class='ocrx_word' id='word_1_558' title='bbox 1627 4143 1671 4206; x_wconf 81' lang='lat' dir='ltr'><strong>qui</strong></span> <span class='ocrx_word' id='word_1_559' title='bbox 1688 4145 1736 4196; x_wconf 89' lang='lat' dir='ltr'><strong>etsi</strong></span> 
     </span>
     <span class='ocr_line' id='line_1_42' title="bbox 124 4231 1733 4300; baseline -0.001 -16"><span class='ocrx_word' id='word_1_560' title='bbox 124 4237 192 4285; x_wconf 88' lang='lat' dir='ltr'><strong>idem</strong></span> <span class='ocrx_word' id='word_1_561' title='bbox 206 4238 294 4299; x_wconf 82' lang='lat' dir='ltr'><strong>postes</strong></span> <span class='ocrx_word' id='word_1_562' title='bbox 312 4249 390 4300; x_wconf 89' lang='lat' dir='ltr'><strong>quum</strong></span> <span class='ocrx_word' id='word_1_563' title='bbox 408 4235 456 4285; x_wconf 84' lang='lat' dir='ltr'><strong>troc</strong></span> <span class='ocrx_word' id='word_1_564' title='bbox 470 4236 551 4285; x_wconf 88' lang='lat' dir='ltr'><strong>iastus</strong></span> <span class='ocrx_word' id='word_1_565' title='bbox 571 4249 649 4299; x_wconf 77' lang='lat' dir='ltr'><strong>genus</strong></span> <span class='ocrx_word' id='word_1_566' title='bbox 661 4235 706 4286; x_wconf 88' lang='lat' dir='ltr'><strong>sibi</strong></span> <span class='ocrx_word' id='word_1_567' title='bbox 727 4234 856 4296; x_wconf 84' lang='lat' dir='ltr'><strong>induisset,</strong></span> <span class='ocrx_word' id='word_1_568' title='bbox 877 4249 906 4284; x_wconf 92' lang='lat' dir='ltr'><strong>ac</strong></span> <span class='ocrx_word' id='word_1_569' title='bbox 951 4232 1011 4282; x_wconf 89' lang='lat' dir='ltr'><strong>nibil</strong></span> <span class='ocrx_word' id='word_1_570' title='bbox 1024 4245 1133 4294; x_wconf 88' lang='lat' dir='ltr'><strong>unquam</strong></span> <span class='ocrx_word' id='word_1_571' title='bbox 1145 4231 1198 4295; x_wconf 83' lang='lat' dir='ltr'><strong>ipse</strong></span> <span class='ocrx_word' id='word_1_572' title='bbox 1210 4231 1292 4295; x_wconf 83' lang='lat' dir='ltr'><strong>putam</strong></span> <span class='ocrx_word' id='word_1_573' title='bbox 1305 4231 1337 4282; x_wconf 88' lang='lat' dir='ltr'><strong>de</strong></span> <span class='ocrx_word' id='word_1_574' title='bbox 1352 4231 1401 4281; x_wconf 89' lang='lat' dir='ltr'><strong>tine</strong></span> <span class='ocrx_word' id='word_1_575' title='bbox 1416 4231 1551 4294; x_wconf 76' lang='lat' dir='ltr'><strong>disseruit,</strong></span> <span class='ocrx_word' id='word_1_576' title='bbox 1564 4232 1676 4296; x_wconf 89' lang='lat' dir='ltr'><strong>potentia</strong></span> <span class='ocrx_word' id='word_1_577' title='bbox 1693 4235 1733 4283; x_wconf 88' lang='lat' dir='ltr'><strong>ta-</strong></span> 
     </span>
     <span class='ocr_line' id='line_1_43' title="bbox 121 4317 1734 4386; baseline 0 -14"><span class='ocrx_word' id='word_1_578' title='bbox 121 4327 205 4372; x_wconf 87' lang='lat' dir='ltr'><strong>tamen</strong></span> <span class='ocrx_word' id='word_1_579' title='bbox 225 4321 328 4372; x_wconf 90' lang='lat' dir='ltr'><strong>minime</strong></span> <span class='ocrx_word' id='word_1_580' title='bbox 349 4323 471 4373; x_wconf 87' lang='lat' dir='ltr'><strong>iastosum</strong></span> <span class='ocrx_word' id='word_1_581' title='bbox 492 4337 519 4372; x_wconf 89' lang='lat' dir='ltr'><strong>se</strong></span> <span class='ocrx_word' id='word_1_582' title='bbox 537 4323 689 4386; x_wconf 83' lang='lat' dir='ltr'><strong>appellaret,</strong></span> <span class='ocrx_word' id='word_1_583' title='bbox 711 4322 773 4372; x_wconf 88' lang='lat' dir='ltr'><strong>nibil</strong></span> <span class='ocrx_word' id='word_1_584' title='bbox 786 4323 905 4386; x_wconf 88' lang='lat' dir='ltr'><strong>scriptum</strong></span> <span class='ocrx_word' id='word_1_585' title='bbox 951 4333 1006 4370; x_wconf 90' lang='lat' dir='ltr'><strong>men</strong></span> <span class='ocrx_word' id='word_1_586' title='bbox 1018 4317 1177 4370; x_wconf 79' lang='lat' dir='ltr'><strong>beatitudiuis</strong></span> <span class='ocrx_word' id='word_1_587' title='bbox 1188 4319 1375 4370; x_wconf 82' lang='lat' dir='ltr'><strong>tundamentum</strong></span> <span class='ocrx_word' id='word_1_588' title='bbox 1392 4319 1418 4369; x_wconf 90' lang='lat' dir='ltr'><strong>iu</strong></span> <span class='ocrx_word' id='word_1_589' title='bbox 1438 4319 1610 4384; x_wconf 80' lang='lat' dir='ltr'><strong>voluptatibus</strong></span> <span class='ocrx_word' id='word_1_590' title='bbox 1625 4321 1734 4386; x_wconf 77' lang='lat' dir='ltr'><strong>positum</strong></span> 
     </span>
     <span class='ocr_line' id='line_1_44' title="bbox 120 4407 1736 4477; baseline -0.001 -16"><span class='ocrx_word' id='word_1_591' title='bbox 120 4427 139 4461; x_wconf 76' lang='lat' dir='ltr'><strong>rr</strong></span> <span class='ocrx_word' id='word_1_592' title='bbox 149 4413 228 4477; x_wconf 80' lang='lat' dir='ltr'><strong>liquit.</strong></span> <span class='ocrx_word' id='word_1_593' title='bbox 252 4413 311 4476; x_wconf 85' lang='lat' dir='ltr'><strong>Ejus</strong></span> <span class='ocrx_word' id='word_1_594' title='bbox 325 4411 454 4477; x_wconf 77' lang='lat' dir='ltr'><strong>disciplina</strong></span> <span class='ocrx_word' id='word_1_595' title='bbox 464 4426 524 4462; x_wconf 84' lang='lat' dir='ltr'><strong>usus</strong></span> <span class='ocrx_word' id='word_1_596' title='bbox 534 4417 573 4463; x_wconf 88' lang='lat' dir='ltr'><strong>est</strong></span> <span class='ocrx_word' id='word_1_597' title='bbox 584 4412 671 4462; x_wconf 85' lang='lat' dir='ltr'><strong>Thoen</strong></span> <span class='ocrx_word' id='word_1_598' title='bbox 684 4411 816 4474; x_wconf 85' lang='lat' dir='ltr'><strong>Phliasius,</strong></span> <span class='ocrx_word' id='word_1_599' title='bbox 826 4413 905 4476; x_wconf 90' lang='lat' dir='ltr'><strong>primo</strong></span> <span class='ocrx_word' id='word_1_600' title='bbox 951 4421 1004 4458; x_wconf 84' lang='lat' dir='ltr'><strong>esse</strong></span> <span class='ocrx_word' id='word_1_601' title='bbox 1016 4407 1108 4457; x_wconf 87' lang='lat' dir='ltr'><strong>docuit.</strong></span> <span class='ocrx_word' id='word_1_602' title='bbox 1142 4411 1203 4458; x_wconf 86' lang='lat' dir='ltr'><strong>Nera</strong></span> <span class='ocrx_word' id='word_1_603' title='bbox 1217 4421 1296 4472; x_wconf 87' lang='lat' dir='ltr'><strong>quum</strong></span> <span class='ocrx_word' id='word_1_604' title='bbox 1307 4407 1339 4458; x_wconf 89' lang='lat' dir='ltr'><strong>de</strong></span> <span class='ocrx_word' id='word_1_605' title='bbox 1351 4407 1478 4472; x_wconf 79' lang='lat' dir='ltr'><strong>voirrptate</strong></span> <span class='ocrx_word' id='word_1_606' title='bbox 1493 4411 1612 4473; x_wconf 89' lang='lat' dir='ltr'><strong>perpetuo</strong></span> <span class='ocrx_word' id='word_1_607' title='bbox 1622 4409 1736 4474; x_wconf 86' lang='lat' dir='ltr'><strong>loquere-</strong></span> 
     </span>
     <span class='ocr_line' id='line_1_45' title="bbox 121 4495 1735 4564; baseline -0.001 -15"><span class='ocrx_word' id='word_1_608' title='bbox 121 4502 146 4549; x_wconf 90' lang='lat' dir='ltr'><strong>in</strong></span> <span class='ocrx_word' id='word_1_609' title='bbox 161 4499 241 4550; x_wconf 88' lang='lat' dir='ltr'><strong>scenis</strong></span> <span class='ocrx_word' id='word_1_610' title='bbox 257 4501 346 4550; x_wconf 90' lang='lat' dir='ltr'><strong>saitare</strong></span> <span class='ocrx_word' id='word_1_611' title='bbox 361 4499 462 4564; x_wconf 72' lang='lat' dir='ltr'><strong>solitus,</strong></span> <span class='ocrx_word' id='word_1_612' title='bbox 475 4501 520 4564; x_wconf 91' lang='lat' dir='ltr'><strong>qui</strong></span> <span class='ocrx_word' id='word_1_613' title='bbox 536 4500 579 4550; x_wconf 87' lang='lat' dir='ltr'><strong>ubi</strong></span> <span class='ocrx_word' id='word_1_614' title='bbox 591 4497 680 4551; x_wconf 89' lang='lat' dir='ltr'><strong>deinde</strong></span> <span class='ocrx_word' id='word_1_615' title='bbox 694 4500 818 4551; x_wconf 90' lang='lat' dir='ltr'><strong>bominem</strong></span> <span class='ocrx_word' id='word_1_616' title='bbox 835 4501 904 4550; x_wconf 84' lang='lat' dir='ltr'><strong>oudi-</strong></span> <span class='ocrx_word' id='word_1_617' title='bbox 951 4499 1001 4556; x_wconf 91' lang='lat' dir='ltr'><strong>tur,</strong></span> <span class='ocrx_word' id='word_1_618' title='bbox 1015 4496 1121 4561; x_wconf 72' lang='lat' dir='ltr'><strong>probarit</strong></span> <span class='ocrx_word' id='word_1_619' title='bbox 1139 4495 1295 4548; x_wconf 85' lang='lat' dir='ltr'><strong>auditoribus</strong></span> <span class='ocrx_word' id='word_1_620' title='bbox 1312 4497 1363 4547; x_wconf 88' lang='lat' dir='ltr'><strong>suis</strong></span> <span class='ocrx_word' id='word_1_621' title='bbox 1381 4497 1547 4562; x_wconf 87' lang='lat' dir='ltr'><strong>suspicionem</strong></span> <span class='ocrx_word' id='word_1_622' title='bbox 1566 4498 1620 4548; x_wconf 86' lang='lat' dir='ltr'><strong>tinia</strong></span> <span class='ocrx_word' id='word_1_623' title='bbox 1638 4498 1664 4548; x_wconf 88' lang='lat' dir='ltr'><strong>iu</strong></span> <span class='ocrx_word' id='word_1_624' title='bbox 1676 4499 1735 4554; x_wconf 80' lang='lat' dir='ltr'><strong>vitae</strong></span> 
     </span>
    </p>
   </div>
   <div class='ocr_carea' id='block_1_5' title="bbox 19 4572 1735 4654">
    <p class='ocr_par' dir='ltr' id='par_1_6' title="bbox 19 4572 1735 4654">
     <span class='ocr_line' id='line_1_46' title="bbox 19 4572 1735 4654; baseline -0.002 -16"><span class='ocrx_word' id='word_1_625' title='bbox 19 4613 23 4622; x_wconf 90' lang='lat'><strong>·</strong></span> <span class='ocrx_word' id='word_1_626' title='bbox 120 4591 272 4648; x_wconf 80' lang='lat' dir='ltr'><strong>vit,versus</strong></span> <span class='ocrx_word' id='word_1_627' title='bbox 286 4589 413 4640; x_wconf 90' lang='lat' dir='ltr'><strong>mordaces</strong></span> <span class='ocrx_word' id='word_1_628' title='bbox 426 4591 451 4640; x_wconf 86' lang='lat' dir='ltr'><strong>et</strong></span> <span class='ocrx_word' id='word_1_629' title='bbox 463 4589 581 4639; x_wconf 87' lang='lat' dir='ltr'><strong>scurriles</strong></span> <span class='ocrx_word' id='word_1_630' title='bbox 598 4590 688 4652; x_wconf 90' lang='lat' dir='ltr'><strong>edidit,</strong></span> <span class='ocrx_word' id='word_1_631' title='bbox 703 4590 795 4654; x_wconf 86' lang='lat' dir='ltr'><strong>quibus</strong></span> <span class='ocrx_word' id='word_1_632' title='bbox 807 4604 906 4641; x_wconf 90' lang='lat' dir='ltr'><strong>omnem</strong></span> <span class='ocrx_word' id='word_1_633' title='bbox 951 4584 1045 4635; x_wconf 80' lang='lat' dir='ltr'><strong>deliciis</strong></span> <span class='ocrx_word' id='word_1_634' title='bbox 1059 4585 1182 4634; x_wconf 80' lang='lat' dir='ltr'><strong>coiioceti.</strong></span> <span class='ocrx_word' id='word_1_635' title='bbox 1217 4587 1242 4636; x_wconf 90' lang='lat' dir='ltr'><strong>is</strong></span> <span class='ocrx_word' id='word_1_636' title='bbox 1259 4583 1384 4650; x_wconf 72' lang='lat' dir='ltr'><strong>synelitem</strong></span> <span class='ocrx_word' id='word_1_637' title='bbox 1400 4586 1523 4648; x_wconf 83' lang='lat' dir='ltr'><strong>quendam</strong></span> <span class='ocrx_word' id='word_1_638' title='bbox 1544 4572 1735 4648; x_wconf 85' lang='lat' dir='ltr'><strong>ejusquetiiianr</strong></span> 
     </span>
    </p>
   </div>
   <div class='ocr_carea' id='block_1_6' title="bbox 121 4665 1783 5448">
    <p class='ocr_par' dir='ltr' id='par_1_7' title="bbox 121 4665 1783 5448">
     <span class='ocr_line' id='line_1_47' title="bbox 121 4665 1783 4746; baseline 0 -20"><span class='ocrx_word' id='word_1_639' title='bbox 121 4678 274 4740; x_wconf 80' lang='lat' dir='ltr'><strong>superiorum</strong></span> <span class='ocrx_word' id='word_1_640' title='bbox 292 4677 497 4742; x_wconf 88' lang='lat' dir='ltr'><strong>philosophorum</strong></span> <span class='ocrx_word' id='word_1_641' title='bbox 508 4677 633 4730; x_wconf 81' lang='lat' dir='ltr'><strong>nationem</strong></span> <span class='ocrx_word' id='word_1_642' title='bbox 650 4679 832 4743; x_wconf 82' lang='lat' dir='ltr'><strong>proscindebat.</strong></span> <span class='ocrx_word' id='word_1_643' title='bbox 849 4678 905 4728; x_wconf 78' lang='lat' dir='ltr'><strong>Fuit</strong></span> <span class='ocrx_word' id='word_1_644' title='bbox 950 4676 1041 4724; x_wconf 81' lang='lat' dir='ltr'><strong>Areten</strong></span> <span class='ocrx_word' id='word_1_645' title='bbox 1054 4673 1187 4737; x_wconf 87' lang='lat' dir='ltr'><strong>discipulos</strong></span> <span class='ocrx_word' id='word_1_646' title='bbox 1201 4665 1297 4724; x_wconf 84' lang='lat' dir='ltr'><strong>babuit.</strong></span> <span class='ocrx_word' id='word_1_647' title='bbox 1331 4675 1392 4726; x_wconf 81' lang='lat' dir='ltr'><strong>Heu</strong></span> <span class='ocrx_word' id='word_1_648' title='bbox 1406 4672 1485 4724; x_wconf 88' lang='lat' dir='ltr'><strong>tilium</strong></span> <span class='ocrx_word' id='word_1_649' title='bbox 1499 4675 1608 4737; x_wconf 87' lang='lat' dir='ltr'><strong>suscepit</strong></span> <span class='ocrx_word' id='word_1_650' title='bbox 1631 4673 1733 4726; x_wconf 84' lang='lat' dir='ltr'><strong>nornine</strong></span> <span class='ocrx_word' id='word_1_651' title='bbox 1776 4732 1783 4746; x_wconf 39' lang='grc' dir='ltr'>Ι</span> 
     </span>
     <span class='ocr_line' id='line_1_48' title="bbox 121 4761 1735 4831; baseline 0.001 -18"><span class='ocrx_word' id='word_1_652' title='bbox 121 4764 188 4818; x_wconf 83' lang='lat' dir='ltr'><strong>onim</strong></span> <span class='ocrx_word' id='word_1_653' title='bbox 201 4765 224 4816; x_wconf 87' lang='lat' dir='ltr'><strong>is</strong></span> <span class='ocrx_word' id='word_1_654' title='bbox 234 4765 345 4816; x_wconf 86' lang='lat' dir='ltr'><strong>sillorurn</strong></span> <span class='ocrx_word' id='word_1_655' title='bbox 359 4769 454 4828; x_wconf 83' lang='lat' dir='ltr'><strong>auctor,</strong></span> <span class='ocrx_word' id='word_1_656' title='bbox 468 4766 493 4816; x_wconf 90' lang='lat' dir='ltr'><strong>in</strong></span> <span class='ocrx_word' id='word_1_657' title='bbox 503 4767 598 4831; x_wconf 85' lang='lat' dir='ltr'><strong>quibus</strong></span> <span class='ocrx_word' id='word_1_658' title='bbox 608 4767 645 4817; x_wconf 85' lang='lat' dir='ltr'><strong>ita</strong></span> <span class='ocrx_word' id='word_1_659' title='bbox 656 4767 744 4818; x_wconf 80' lang='lat' dir='ltr'><strong>scribit</strong></span> <span class='ocrx_word' id='word_1_660' title='bbox 759 4783 766 4812; x_wconf 72' lang='grc' dir='ltr'>ι</span> <span class='ocrx_word' id='word_1_661' title='bbox 951 4761 1115 4826; x_wconf 77' lang='lat' dir='ltr'><strong>Aristippum,</strong></span> <span class='ocrx_word' id='word_1_662' title='bbox 1131 4761 1175 4825; x_wconf 90' lang='lat' dir='ltr'><strong>qui</strong></span> <span class='ocrx_word' id='word_1_663' title='bbox 1190 4762 1223 4811; x_wconf 87' lang='lat' dir='ltr'><strong>ab</strong></span> <span class='ocrx_word' id='word_1_664' title='bbox 1237 4762 1289 4826; x_wconf 86' lang='lat' dir='ltr'><strong>ipsa</strong></span> <span class='ocrx_word' id='word_1_665' title='bbox 1299 4762 1331 4812; x_wconf 79' lang='lat' dir='ltr'><strong>oui</strong></span> <span class='ocrx_word' id='word_1_666' title='bbox 1345 4761 1508 4826; x_wconf 82' lang='lat' dir='ltr'><strong>philosophiae</strong></span> <span class='ocrx_word' id='word_1_667' title='bbox 1522 4762 1633 4814; x_wconf 87' lang='lat' dir='ltr'><strong>studium</strong></span> <span class='ocrx_word' id='word_1_668' title='bbox 1646 4762 1735 4825; x_wconf 89' lang='lat' dir='ltr'><strong>impul·</strong></span> 
     </span>
     <span class='ocr_line' id='line_1_49' title="bbox 177 4849 1733 4922; baseline 0.006 -16"><span class='ocrx_word' id='word_1_669' title='bbox 177 4863 232 4907; x_wconf 81' lang='lat' dir='ltr'><strong>duri</strong></span> <span class='ocrx_word' id='word_1_670' title='bbox 242 4863 481 4921; x_wconf 67' lang='lat' dir='ltr'><strong>tantumtempora</strong></span> <span class='ocrx_word' id='word_1_671' title='bbox 493 4878 574 4922; x_wconf 82' lang='grc' dir='ltr'>ρτιιιιε,</span> <span class='ocrx_word' id='word_1_672' title='bbox 588 4870 680 4911; x_wconf 84' lang='lat' dir='ltr'><strong>ventres</strong></span> <span class='ocrx_word' id='word_1_673' title='bbox 693 4868 785 4922; x_wconf 82' lang='lat' dir='ltr'><strong>sciram,</strong></span> <span class='ocrx_word' id='word_1_674' title='bbox 952 4865 1010 4914; x_wconf 66' lang='lat'>⁸¹¹⁵,</span> <span class='ocrx_word' id='word_1_675' title='bbox 1026 4850 1114 4915; x_wconf 58' lang='lat' dir='ltr'><strong>maisit</strong></span> <span class='ocrx_word' id='word_1_676' title='bbox 1124 4850 1259 4915; x_wconf 62' lang='grc' dir='ltr'><strong>(δῑῦὓίθῦίῑῑὸ</strong></span> <span class='ocrx_word' id='word_1_677' title='bbox 1271 4851 1344 4914; x_wconf 60' lang='grc' dir='ltr'><strong>ῩῦῙθθ</strong></span> <span class='ocrx_word' id='word_1_678' title='bbox 1357 4850 1495 4914; x_wconf 63' lang='lat' dir='ltr'><strong>ffloehfliffl·</strong></span> <span class='ocrx_word' id='word_1_679' title='bbox 1529 4849 1576 4900; x_wconf 62' lang='lat'><strong>¹¹5⁰</strong></span> <span class='ocrx_word' id='word_1_680' title='bbox 1585 4853 1670 4914; x_wconf 57' lang='lat' dir='ltr'><strong>“iiiiii</strong></span> <span class='ocrx_word' id='word_1_681' title='bbox 1682 4855 1733 4900; x_wconf 54' lang='lat' dir='ltr'><strong>Sia·</strong></span> 
     </span>
     <span class='ocr_line' id='line_1_50' title="bbox 177 4931 1734 5002; baseline 0.006 -25"><span class='ocrx_word' id='word_1_682' title='bbox 177 4935 373 4990; x_wconf 63' lang='lat' dir='ltr'><strong>quuieuseuuoua</strong></span> <span class='ocrx_word' id='word_1_683' title='bbox 384 4934 701 4993; x_wconf 72' lang='lat' dir='ltr'><strong>ersaupa&#39;rr&#39;econflauem‘s!</strong></span> <span class='ocrx_word' id='word_1_684' title='bbox 712 4941 741 4983; x_wconf 81' lang='lat' dir='ltr'><strong>st</strong></span> <span class='ocrx_word' id='word_1_685' title='bbox 951 4939 1000 4990; x_wconf 90' lang='lat' dir='ltr'><strong>tuit</strong></span> <span class='ocrx_word' id='word_1_686' title='bbox 1023 4939 1097 4990; x_wconf 82' lang='lat' dir='ltr'><strong>inem</strong></span> <span class='ocrx_word' id='word_1_687' title='bbox 1120 4953 1174 4990; x_wconf 88' lang='lat' dir='ltr'><strong>esse</strong></span> <span class='ocrx_word' id='word_1_688' title='bbox 1193 4939 1302 4990; x_wconf 77' lang='lat' dir='ltr'><strong>suaviter</strong></span> <span class='ocrx_word' id='word_1_689' title='bbox 1322 4937 1422 5000; x_wconf 82' lang='lat' dir='ltr'><strong>rivere,</strong></span> <span class='ocrx_word' id='word_1_690' title='bbox 1439 4939 1591 5002; x_wconf 82' lang='lat' dir='ltr'><strong>voluptatem</strong></span> <span class='ocrx_word' id='word_1_691' title='bbox 1607 4950 1662 4988; x_wconf 82' lang='lat' dir='ltr'><strong>earn</strong></span> <span class='ocrx_word' id='word_1_692' title='bbox 1687 4931 1734 5002; x_wconf 75' lang='lat' dir='ltr'><strong>po,-</strong></span> 
     </span>
     <span class='ocr_line' id='line_1_51' title="bbox 178 5005 1734 5094; baseline 0.003 -20"><span class='ocrx_word' id='word_1_693' title='bbox 178 5005 284 5051; x_wconf 64' lang='lat' dir='ltr'><strong>¹⁸⁰m²&#39;&#39;&#39;‘⁸</strong></span> <span class='ocrx_word' id='word_1_694' title='bbox 293 5019 363 5052; x_wconf 70' lang='lat'>”⁰²¹⁶</span> <span class='ocrx_word' id='word_1_695' title='bbox 377 5007 495 5065; x_wconf 56' lang='lat' dir='ltr'><strong>mim</strong></span> <span class='ocrx_word' id='word_1_696' title='bbox 503 5007 569 5064; x_wconf 59' lang='lat' dir='ltr'><strong>&#39;’Im&#39;&#39;</strong></span> <span class='ocrx_word' id='word_1_697' title='bbox 579 5011 648 5053; x_wconf 59' lang='lat' dir='ltr'><strong>mm·</strong></span> <span class='ocrx_word' id='word_1_698' title='bbox 952 5037 1026 5090; x_wconf 88' lang='lat' dir='ltr'><strong>neus,</strong></span> <span class='ocrx_word' id='word_1_699' title='bbox 1040 5043 1096 5094; x_wconf 84' lang='lat' dir='ltr'><strong>quae</strong></span> <span class='ocrx_word' id='word_1_700' title='bbox 1110 5027 1135 5077; x_wconf 93' lang='lat' dir='ltr'><strong>in</strong></span> <span class='ocrx_word' id='word_1_701' title='bbox 1148 5027 1230 5092; x_wconf 87' lang='lat' dir='ltr'><strong>aliqua</strong></span> <span class='ocrx_word' id='word_1_702' title='bbox 1242 5027 1407 5078; x_wconf 86' lang='lat' dir='ltr'><strong>commotione</strong></span> <span class='ocrx_word' id='word_1_703' title='bbox 1418 5029 1568 5076; x_wconf 80' lang='lat' dir='ltr'><strong>versaretur.</strong></span> <span class='ocrx_word' id='word_1_704' title='bbox 1603 5025 1734 5092; x_wconf 73' lang='lat' dir='ltr'><strong>&#39;triplicem</strong></span> 
     </span>
     <span class='ocr_line' id='line_1_52' title="bbox 122 5115 1729 5183; baseline 0.004 -19"><span class='ocrx_word' id='word_1_705' title='bbox 122 5119 206 5173; x_wconf 88' lang='lat' dir='ltr'><strong>Quum</strong></span> <span class='ocrx_word' id='word_1_706' title='bbox 220 5117 303 5166; x_wconf 89' lang='lat' dir='ltr'><strong>autem</strong></span> <span class='ocrx_word' id='word_1_707' title='bbox 326 5115 379 5179; x_wconf 89' lang='lat' dir='ltr'><strong>jam</strong></span> <span class='ocrx_word' id='word_1_708' title='bbox 392 5129 463 5166; x_wconf 89' lang='lat' dir='ltr'><strong>nemo</strong></span> <span class='ocrx_word' id='word_1_709' title='bbox 477 5131 519 5166; x_wconf 90' lang='lat' dir='ltr'><strong>eos</strong></span> <span class='ocrx_word' id='word_1_710' title='bbox 536 5115 694 5178; x_wconf 84' lang='lat' dir='ltr'><strong>observaret,</strong></span> <span class='ocrx_word' id='word_1_711' title='bbox 711 5117 782 5180; x_wconf 88' lang='lat' dir='ltr'><strong>quasi</strong></span> <span class='ocrx_word' id='word_1_712' title='bbox 806 5131 906 5167; x_wconf 92' lang='lat' dir='ltr'><strong>omnmo</strong></span> <span class='ocrx_word' id='word_1_713' title='bbox 951 5119 1016 5168; x_wconf 89' lang='lat' dir='ltr'><strong>enirn</strong></span> <span class='ocrx_word' id='word_1_714' title='bbox 1027 5117 1212 5183; x_wconf 87' lang='lat' dir='ltr'><strong>temperationis</strong></span> <span class='ocrx_word' id='word_1_715' title='bbox 1225 5121 1316 5168; x_wconf 80' lang='lat' dir='ltr'><strong>nostre</strong></span> <span class='ocrx_word' id='word_1_716' title='bbox 1333 5117 1500 5168; x_wconf 86' lang='lat' dir='ltr'><strong>conditionem</strong></span> <span class='ocrx_word' id='word_1_717' title='bbox 1520 5129 1576 5168; x_wconf 88' lang='lat' dir='ltr'><strong>esse</strong></span> <span class='ocrx_word' id='word_1_718' title='bbox 1590 5117 1729 5174; x_wconf 73' lang='lat' dir='ltr'><strong>coracesia</strong></span> 
     </span>
     <span class='ocr_line' id='line_1_53' title="bbox 122 5203 1732 5272; baseline 0.003 -18"><span class='ocrx_word' id='word_1_719' title='bbox 122 5216 251 5267; x_wconf 81' lang='lat' dir='ltr'><strong>rurrnquam</strong></span> <span class='ocrx_word' id='word_1_720' title='bbox 263 5204 379 5265; x_wconf 88' lang='lat' dir='ltr'><strong>tuissent,</strong></span> <span class='ocrx_word' id='word_1_721' title='bbox 395 5203 448 5254; x_wconf 91' lang='lat' dir='ltr'><strong>heri</strong></span> <span class='ocrx_word' id='word_1_722' title='bbox 463 5205 507 5254; x_wconf 88' lang='lat' dir='ltr'><strong>aut</strong></span> <span class='ocrx_word' id='word_1_723' title='bbox 526 5205 616 5254; x_wconf 89' lang='lat' dir='ltr'><strong>nudius</strong></span> <span class='ocrx_word' id='word_1_724' title='bbox 626 5205 715 5256; x_wconf 87' lang='lat' dir='ltr'><strong>tertius</strong></span> <span class='ocrx_word' id='word_1_725' title='bbox 733 5203 904 5266; x_wconf 72' lang='lat' dir='ltr'><strong>Alexandrina,</strong></span> <span class='ocrx_word' id='word_1_726' title='bbox 953 5219 1028 5256; x_wconf 86' lang='grc' dir='ltr'>υαεια</span> <span class='ocrx_word' id='word_1_727' title='bbox 1044 5221 1093 5270; x_wconf 83' lang='lat' dir='ltr'><strong>qua</strong></span> <span class='ocrx_word' id='word_1_728' title='bbox 1109 5207 1265 5266; x_wconf 83' lang='lat' dir='ltr'><strong>doleremus,</strong></span> <span class='ocrx_word' id='word_1_729' title='bbox 1275 5207 1416 5270; x_wconf 87' lang='lat' dir='ltr'><strong>tempestati</strong></span> <span class='ocrx_word' id='word_1_730' title='bbox 1431 5205 1458 5257; x_wconf 87' lang='lat' dir='ltr'><strong>iu</strong></span> <span class='ocrx_word' id='word_1_731' title='bbox 1474 5205 1537 5258; x_wconf 87' lang='lat' dir='ltr'><strong>mari</strong></span> <span class='ocrx_word' id='word_1_732' title='bbox 1549 5208 1643 5258; x_wconf 70' lang='lat' dir='ltr'><strong>coortu</strong></span> <span class='ocrx_word' id='word_1_733' title='bbox 1653 5207 1732 5272; x_wconf 75' lang='lat' dir='ltr'><strong>persi,-</strong></span> 
     </span>
     <span class='ocr_line' id='line_1_54' title="bbox 123 5287 1729 5370; baseline 0.002 -28"><span class='ocrx_word' id='word_1_734' title='bbox 123 5288 221 5354; x_wconf 73' lang='lat' dir='ltr'><strong>AEgypti</strong></span> <span class='ocrx_word' id='word_1_735' title='bbox 240 5291 316 5352; x_wconf 84' lang='lat' dir='ltr'><strong>arbe,</strong></span> <span class='ocrx_word' id='word_1_736' title='bbox 338 5289 432 5342; x_wconf 83' lang='lat' dir='ltr'><strong>exstitit</strong></span> <span class='ocrx_word' id='word_1_737' title='bbox 452 5291 622 5345; x_wconf 84' lang='lat' dir='ltr'><strong>AEnesidemus</strong></span> <span class='ocrx_word' id='word_1_738' title='bbox 644 5291 759 5355; x_wconf 71' lang='lat' dir='ltr'><strong>quoidam,</strong></span> <span class='ocrx_word' id='word_1_739' title='bbox 779 5287 825 5357; x_wconf 85' lang='lat' dir='ltr'><strong>qui&#39;</strong></span> <span class='ocrx_word' id='word_1_740' title='bbox 842 5293 905 5344; x_wconf 91' lang='lat' dir='ltr'><strong>anti·</strong></span> <span class='ocrx_word' id='word_1_741' title='bbox 952 5293 1059 5345; x_wconf 74' lang='lat' dir='ltr'><strong>nerem:</strong></span> <span class='ocrx_word' id='word_1_742' title='bbox 1078 5293 1196 5356; x_wconf 84' lang='lat' dir='ltr'><strong>atteram,</strong></span> <span class='ocrx_word' id='word_1_743' title='bbox 1211 5307 1261 5358; x_wconf 88' lang='lat' dir='ltr'><strong>qua</strong></span> <span class='ocrx_word' id='word_1_744' title='bbox 1278 5293 1428 5358; x_wconf 79' lang='lat' dir='ltr'><strong>laureum,</strong></span> <span class='ocrx_word' id='word_1_745' title='bbox 1438 5297 1465 5348; x_wconf 90' lang='lat' dir='ltr'><strong>et</strong></span> <span class='ocrx_word' id='word_1_746' title='bbox 1478 5295 1576 5360; x_wconf 87' lang='lat' dir='ltr'><strong>piaeido</strong></span> <span class='ocrx_word' id='word_1_747' title='bbox 1590 5309 1682 5361; x_wconf 84' lang='lat' dir='ltr'><strong>aequmr</strong></span> <span class='ocrx_word' id='word_1_748' title='bbox 1693 5297 1729 5370; x_wconf 61' lang='lat' dir='ltr'><strong>sig</strong></span> 
     </span>
     <span class='ocr_line' id='line_1_55' title="bbox 124 5365 1731 5448; baseline 0.004 -20"><span class='ocrx_word' id='word_1_749' title='bbox 124 5393 202 5442; x_wconf 84' lang='lat' dir='ltr'><strong>quum</strong></span> <span class='ocrx_word' id='word_1_750' title='bbox 215 5379 278 5430; x_wconf 88' lang='lat' dir='ltr'><strong>iilud</strong></span> <span class='ocrx_word' id='word_1_751' title='bbox 289 5391 410 5442; x_wconf 72' lang='lat' dir='ltr'><strong>augurum</strong></span> <span class='ocrx_word' id='word_1_752' title='bbox 419 5393 497 5444; x_wconf 75' lang='lat' dir='ltr'><strong>geum</strong></span> <span class='ocrx_word' id='word_1_753' title='bbox 507 5393 623 5444; x_wconf 78' lang='lat' dir='ltr'><strong>reponare</strong></span> <span class='ocrx_word' id='word_1_754' title='bbox 632 5381 814 5446; x_wconf 72' lang='lat' dir='ltr'><strong>aggrederetur.</strong></span> <span class='ocrx_word' id='word_1_755' title='bbox 828 5385 907 5445; x_wconf 78' lang='lat' dir='ltr'><strong>atqua</strong></span> <span class='ocrx_word' id='word_1_756' title='bbox 955 5383 1025 5434; x_wconf 87' lang='lat' dir='ltr'><strong>mites</strong></span> <span class='ocrx_word' id='word_1_757' title='bbox 1047 5365 1176 5433; x_wconf 83' lang='lat' dir='ltr'><strong>essemus:</strong></span> <span class='ocrx_word' id='word_1_758' title='bbox 1196 5381 1318 5448; x_wconf 87' lang='lat' dir='ltr'><strong>placidam</strong></span> <span class='ocrx_word' id='word_1_759' title='bbox 1332 5383 1397 5436; x_wconf 88' lang='lat' dir='ltr'><strong>enim</strong></span> <span class='ocrx_word' id='word_1_760' title='bbox 1414 5385 1603 5438; x_wconf 84' lang='lat' dir='ltr'><strong>commotionem</strong></span> <span class='ocrx_word' id='word_1_761' title='bbox 1615 5397 1671 5438; x_wconf 84' lang='lat' dir='ltr'><strong>esse</strong></span> <span class='ocrx_word' id='word_1_762' title='bbox 1686 5399 1731 5436; x_wconf 85' lang='lat' dir='ltr'><strong>ro·</strong></span> 
     </span>
    </p>
   </div>
   <div class='ocr_carea' id='block_1_7' title="bbox 0 0 1984 5942">
    <p class='ocr_par' dir='ltr' id='par_1_8' title="bbox 0 0 1984 5942">
     <span class='ocr_line' id='line_1_56' title="bbox 0 0 1984 5942; baseline 0 0"><span class='ocrx_word' id='word_1_763' title='bbox 0 0 1984 5942; x_wconf 95' lang='lat' dir='ltr'><strong> </strong></span> 
     </span>
    </p>
   </div>
  </div>
 </body>
</html>
