3976 5948
838 401 1085 468 FRAGMENTA
1709 407 1764 468 tst

150 547 216 598 attat
228 561 281 603 τοις
287 535 431 650 ἀγαθοῖς
416 557 452 600 ως
467 530 647 610 μελλνσοντες
658 535 772 614 θμων
748 542 873 606 ιιοαεεῑν,
890 533 938 594 ιιαλ
983 533 1116 615 partibus
1141 546 1255 607 autem,
1283 552 1384 592 sensus
1404 535 1554 610 integros,
1572 549 1601 596 et
1623 552 1769 616 praestan-

151 625 251 686 τούτων
273 613 317 683 ουν
334 621 493 690 ἀκούσαντας
506 623 532 680 cl
551 619 685 694 Ἓλληνες
705 619 738 680 rd
752 595 804 731 piis
819 626 937 702 πρωτεῖα
983 623 1054 682 tiam
1070 623 1198 700 aliquam
1216 622 1343 726 partium
1364 623 1576 699 singularum:
1592 639 1624 683 ut
1639 626 1668 684 in
1690 627 1770 704 pedi-

152 721 185 798 τῇ
198 713 305 828 Ἀρειήω
308 711 492 787 testacea,
492 701 604 770 etate
605 713 722 790 ευτερεῑα
736 715 769 792 τῇ
782 710 938 792 Ὑγιία,τθ
983 712 1055 784 bus,
1073 711 1310 785 celeritatem
1280 732 1360 786 vam,
1375 711 1408 772 in
1421 709 1575 786 manibus3
1592 713 1765 789 claritatem,

154 806 181 865 dl
189 805 306 885 εριτοιτη
315 801 427 882 Hieta,
439 802 588 862 τελαυτοιιον
598 797 774 868 δίτιίξοιιοι
750 823 794 859 τον
805 803 936 862 Πλουτον
983 802 1015 861 in
1030 821 1121 876 νοισς
1138 803 1168 862 in
1182 801 1283 879 lingua
1295 802 1385 864 ettam
1398 803 1584 882 explanatam
1600 824 1706 862 vocum
1720 825 1770 865 es·

156 895 212 956 Kal
227 891 259 966 δὴ
274 891 404 970 θμίνίίρ
408 889 494 969 ίντωρ
508 888 557 962 τλν
577 887 668 968 ίιγείαν
687 891 713 948 ἐν
728 888 840 972 διοτίρρ
855 887 935 970 μοίρα
983 891 1192 970 pressionem.
1207 891 1298 950 animi
1319 904 1434 994 autem,
1455 911 1520 969 quae
1530 903 1628 950 essent
1642 893 1678 951 ad
1692 914 1770 952 com·

156 984 255 1044 ίτίθειο
268 1025 277 1056 ,
288 983 401 1062 σεοιχῶν
415 985 469 1044 τοῖς
479 975 681 1058 προειρημένοις
693 985 707 1022 ⁸
719 976 813 1058 ριλοσό
814 999 878 1060 ροις.
983 979 1247 1059 prehendendam
1238 981 1364 1058 ingeniis
1386 981 1524 1058 virtutem
1540 980 1664 1055 idonea;
1677 1000 1770 1060 eaque

200 1071 320 1149 {Sextus
330 1067 494 1146 Empiricos
502 1065 570 1127 adv.
583 1063 735 1128 Mathlib.
751 1064 804 1140 xl,
821 1066 939 1143 51-59
984 1069 1022 1130 ab
1037 1067 1074 1130 iis
1099 1070 1128 1128 in
1152 1083 1285 1130 naturam
1305 1083 1335 1128 et
1353 1089 1450 1130 mores
1480 1069 1695 1132 dividebantur.
1717 1077 1771 1130 Na-

158 1181 187 1238 p.
201 1179 255 1232 701
270 1177 329 1236 seq.
341 1157 386 1218 ed.
396 1154 510 1216 Fabric.
522 1156 571 1232 [p.
581 1153 638 1212 556
647 1151 729 1234 s'eqq.
741 1153 788 1216 ed.
800 1155 937 1232 Bellen]
986 1171 1058 1217 turae
1072 1158 1248 1218 celeritatem
1263 1158 1299 1216 ad
1314 1157 1485 1216 discendum
1502 1171 1530 1216 et
1541 1159 1711 1218 memoriam
1721 1159 1770 1218 da·

160 1247 253 1326 Equo
263 1245 416 1306 Crantoris
430 1263 520 1322 opere
533 1242 589 1302 hoc
606 1242 800 1320 fragmentum
812 1254 940 1302 sumtum
984 1245 1055 1306 bant
1070 1267 1078 1306 ι
1094 1266 1220 1325 quorum
1235 1261 1394 1326 utrumque
1406 1247 1511 1306 mentis
1524 1259 1599 1305 esset
1615 1249 1769 1326 proprium

157 1337 207 1412 sit,
217 1336 397 1414 ignoramus.
411 1331 454 1390 Da
463 1331 591 1408 singulis
606 1331 678 1390 locis
692 1350 785 1410 pauca
799 1331 940 1390 dicenda·
986 1349 1014 1394 et
1027 1335 1145 1412 ingenii.
1162 1335 1276 1394 Morum
1294 1349 1390 1394 autem
1413 1334 1554 1412 putabant
1567 1335 1664 1394 studia
1684 1356 1768 1412 esse,

158 1427 236 1502 νεῦρα
249 1425 302 1485 τῶν
315 1416 454 1502 πράξεων]
475 1417 521 1479 cf.
547 1418 741 1498 Epicharmus
756 1419 834 1499 apud
856 1419 942 1480 Cice·
986 1437 1015 1482 et
1028 1423 1111 1502 quasi
1129 1423 1369 1484 consuetudinem
1386 1443 1393 1480 ι
1409 1443 1498 1502 quam
1509 1423 1615 1502 partim
1630 1426 1771 1484 exercita-

159 1511 304 1572 ronemad
315 1510 402 1569 acic.
413 1507 442 1586 l,
462 1529 519 1586 19:
536 1515 602 1588 νθρε
613 1506 659 1567 καί
675 1505 789 1584 μίμνοσ’
805 1508 939 1570 ἀπιστεῖν·
987 1511 1074 1570 tionis
1084 1511 1268 1582 assiduitate,
1283 1511 1390 1592 partim
1411 1511 1526 1572 ratione
1540 1510 1720 1587 formabant3
1739 1515 1770 1571 in

161 1603 243 1682 ἄρθρα
256 1603 341 1660 ταῦτα
354 1605 402 1658 τᾶν
416 1600 524 1680 ρρενῶν.
540 1596 611 1641 —-¹'
634 1594 817 1674 κελεύσουσιν]
839 1597 882 1658 sic
904 1597 944 1656 le·
986 1598 1095 1677 quibus
1113 1612 1176 1659 erat
1196 1598 1383 1678 philosophia
1409 1598 1482 1676 ipsa.
1500 1597 1534 1657 ln
1550 1617 1609 1677 qua
1621 1599 1700 1677 quod
1720 1603 1769 1660 in-

160 1691 286 1768 gendum
311 1708 376 1748 eum
398 1685 533 1746 Fabricio
558 1699 587 1744 ct
608 1685 757 1759 lielther03
781 1687 866 1748 codd.
894 1710 941 1761 κε·
986 1687 1120 1750 choatum
1133 1701 1194 1763 est,
1209 1686 1493 1764 nequeabsolutum,
1510 1688 1677 1766 progressio
1694 1708 1772 1766 quae-

160 1777 289 1839 λεύοοσιν.
304 1783 368 1820 -“
382 1773 501 1834 Homer.
519 1773 605 1835 lliad.
622 1772 698 1846 XIV,
714 1776 856 1848 ard-217.
870 1807 910 1822 -
928 1775 941 1810 ‘¹
986 1775 1053 1834 dam
1064 1777 1099 1836 ad
1114 1775 1251 1836 virtutem
1273 1775 1459 1854 appellatur:
1476 1775 1555 1853 quod
1578 1789 1676 1834 autem
1689 1775 1772 1836 abso-

158 1864 267 1925 lnoerti
293 1875 386 1943 poetae
409 1881 532 1936 versus,
557 1881 631 1940 quos
656 1862 775 1940 quidam
808 1862 941 1942 Euripidi
986 1865 1096 1939 lutum,
1123 1865 1229 1938 idest,
1244 1864 1349 1935 virtus,
1374 1865 1460 1942 qnasi
1479 1864 1621 1942 perfectio
1645 1877 1772 1942 naturae,

159 1954 374 2014 tribuunt-⁰
395 1949 582 2027 intelligendi
599 1950 737 2010 ridentur
750 1949 885 2010 Fabricio
900 1952 941 2011 dii
986 1957 1176 2032 omniumque
1187 1974 1302 2026 rerum,
1318 1973 1391 2031 quas
1408 1955 1439 2012 in
1455 1955 1561 2014 animis
1575 1968 1701 2034 ponunt,
1713 1977 1773 2016 una

159 2043 280 2120 deaeque
298 2041 407 2120 Apollo
449 2040 632 2114 Mercurius,
653 2038 802 2114 Minerva,
825 2039 939 2113 Venus,
987 2062 1034 2102 res
1047 2043 1170 2123 optima.
1192 2041 1271 2120 Ergo
1299 2042 1361 2101 baec
1377 2043 1555 2105 animorum.
1581 2043 1654 2104 vito
1674 2059 1771 2105 autern

160 2129 307 2202 Panassa,
324 2127 434 2206 quibus
448 2147 513 2186 cnm
530 2127 631 2206 Hygea
651 2146 836 2188 communem
858 2147 938 2188 aram
990 2131 1039 2213 (id
1052 2146 1115 2194 erat
1133 2133 1212 2192 enim
1227 2131 1363 2211 tertium)
1379 2131 1518 2211 adjuncta
1536 2153 1601 2194 esse
1614 2134 1771 2213 dicebant,

159 2219 192 2277 in
208 2219 316 2300 templo
330 2215 457 2294 quodam
469 2217 563 2296 Oropi
577 2217 650 2275 olim
666 2216 772 2291 fuisse,
794 2222 941 2277 memoriae
987 2241 1052 2300 quae
1064 2221 1100 2280 ad
1111 2222 1232 2282 virtutis
1250 2241 1338 2281 usum
1352 2222 1494 2284 valerent.
1507 2221 1579 2281 Nam
1598 2224 1696 2283 virtus
1709 2245 1772 2284 cer·

160 2307 294 2386 prodidit
316 2302 476 2364 Pausanias
489 2301 542 2362 lib.
567 2301 593 2376 l,
610 2322 675 2382 cap.
701 2305 748 2374 34.
767 2305 806 2364 dt
829 2325 889 2364 non
905 2307 940 2364 li·
986 2312 1068 2370 nitur
1077 2311 1108 2370 in
1118 2310 1311 2388 quibusdam,
1326 2331 1392 2390 quse
1406 2325 1533 2370 nontam
1546 2324 1668 2384 nature,
1684 2333 1772 2390 quam

161 2409 243 2474 quet.
265 2429 304 2439 -
318 2391 452 2452 ‘Versus
473 2410 511 2450 ea
526 2390 680 2470 Euripidis
695 2391 827 2472 Telepho
846 2395 940 2472 petiti.
987 2398 1078 2458 beatae
1092 2400 1177 2471 vitae,
1192 2397 1330 2477 adjuncta
1347 2411 1426 2459 sunt.
1449 2399 1605 2458 Hominem
1622 2419 1688 2460 esse
1704 2421 1771 2459 cen·

159 2485 233 2547 Vide
241 2483 348 2562 Eurip.
366 2481 482 2558 Fragm.
505 2501 536 2562 p.
560 2501 618 2560 790
644 2480 692 2542 ed.
719 2481 855 2560 Wagner.
880 2492 942 2532 —⁸
987 2487 1105 2562 sebant,
1122 2489 1207 2564 qnasi
1225 2499 1337 2566 partem
1359 2489 1507 2565 quandam
1521 2488 1652 2547 civitatis
1662 2502 1690 2547 et
1704 2491 1772 2548 uni-

160 2570 357 2656 προειρημένοις
374 2567 541 2652 φιλοσόφοις]
558 2570 580 2630 i.
597 2589 623 2632 e.
642 2571 826 2632 Academicis
839 2586 869 2634 et
883 2574 942 2634 Pe·
986 2577 1064 2636 versi
1077 2577 1194 2654 generis
1207 2575 1344 2649 hnmani,
1360 2595 1486 2656 eumque
1497 2595 1562 2636 esse
1580 2576 1771 2655 conjunctum

160 2663 334 2746 ripateticis.
349 2693 389 2706 -
404 2661 448 2720 Ex
460 2659 518 2718 hoc
532 2659 693 2736 fragmento
703 2662 804 2740 colligi
818 2678 943 2742 oportet,
988 2687 1053 2724 cum
1068 2665 1239 2724 bominibus
1253 2665 1402 2724 communi
1423 2665 1548 2743 quadam
1570 2668 1717 2727 societate.
1734 2670 1773 2727 Ac

161 2758 332 2816 Creatorem
342 2764 372 2810 et
383 2763 512 2809 veterem
528 2751 689 2810 Academia
702 2751 887 2852 disciplinam
901 2770 944 2816 te·
988 2753 1023 2811 de
1031 2773 1144 2812 summo
1155 2754 1273 2831 quidem
1286 2754 1506 2831 atquenaturali
1519 2753 1634 2812 bono'
1611 2774 1654 2812 stc
1665 2769 1772 2832 agunt:

160 2847 258 2929 naisso
271 2853 301 2900 et
311 2839 462 2918 sapientia
476 2852 622 2918 praecepta
639 2840 759 2899 advitae
773 2862 856 2901 usum
870 2865 943 2903 con·
988 2853 1090 2900 caetera
1105 2852 1201 2899 autem
1216 2841 1363 2919 pertinere
1380 2840 1416 2899 ad
1437 2841 1469 2898 id
1488 2853 1592 2920 putant
1610 2854 1660 2900 aut
1685 2841 1772 2901 adau-

160 2936 274 2996 tulisse.
291 2929 450 2989 Enimvero
465 2930 594 3004 scimus,
615 2928 652 2988 ab
679 2929 905 2992 Academicis'
876 2955 944 2994 v1r-
988 2929 1133 3013 gendum,
1149 2941 1198 2988 aut
1216 2928 1374 3006 tuendum3
1391 2943 1424 2988 ut
1436 2929 1573 3001 divinas
1589 2943 1622 2988 nt
1636 2949 1725 3008 opes,
1742 2944 1775 2990 ut

162 3037 251 3084 tutem
277 3019 395 3098 quidem
415 3037 560 3076 summum
579 2972 691 3076 bonum
712 3037 775 3077 esse
794 3019 941 3096 habitam,
989 3018 1124 3094 gloriam,
1146 3018 1325 3094 utgratiam.
1338 3017 1382 3076 lta
1397 3019 1539 3097 tripartita
1554 2971 1630 3076 ab·
1611 3039 1648 3078 ns
1662 3019 1774 3079 induci

161 3113 213 3173 sed
226 3125 325 3171 tamen
342 3109 455 3167 ideirco
475 3108 589 3184 reliqua
610 3106 706 3178 bona,
727 3108 941 3186 valetudinem,
989 3105 1119 3164 turratio
1132 3103 1292 3166 bonorum.
1308 3131 1321 3160 ε
1337 3105 1414 3165 lbid.
1438 3125 1502 3184 cap.
1527 3107 1556 3164 6.
1577 3104 1709 3166 «Omnis
1723 3108 1777 3166 illa

163 3201 299 3276 divitias,¹
330 3196 389 3255 alia
411 3196 448 3255 de
474 3215 597 3255 numero
619 3195 768 3260 bonorum
795 3218 854 3258 non
881 3219 944 3260 esse
989 3195 1109 3271 antiqua
1122 3193 1313 3274 philosophia
1327 3194 1420 3254 sensit
1431 3201 1460 3251 in
1471 3215 1529 3252 rma
1546 3201 1646 3252 νὶτιιιιο
1648 3204 1775 3272 positam

162 3300 295 3360 exemta,
316 3297 386 3356 uta
404 3284 511 3353 Stoicis
530 3297 633 3363 postea
654 3285 760 3345 factum
787 3305 848 3346 esse
869 3289 945 3348 inter
990 3303 1049 3342 esse
1059 3285 1172 3342 beatam
1187 3290 1289 3353 vitam,·
1306 3303 1360 3344 nec
1378 3296 1474 3342 maten
1488 3282 1774 3358 beatissimam‚nisi

161 3394 260 3436 omnes
272 3385 393 3434 constat.
408 3373 473 3443 Qua
489 3372 526 3431 de
543 3391 577 3432 re
597 3393 664 3432 oum
686 3374 717 3432 in
735 3374 802 3434 aliis
814 3379 945 3456 scriptis
991 3371 1219 3448 adjungerentur
1236 3384 1266 3430 et
1284 3378 1407 3447 corpora
1428 3385 1457 3428 et
1478 3385 1586 3430 caetera
1600 3391 1664 3449 quw
1688 3391 1776 3451 supra

162 3467 269 3524 Cicero
283 3461 452 3540 disputavit,
463 3474 524 3520 tum
535 3462 680 3542 praecipue
693 3460 821 3522 inlibris
833 3463 870 3522 de
881 3465 946 3524 fini·
991 3461 1145 3520 dictasunt
1160 3461 1197 3520 ad
1217 3459 1337 3521 virtutis
1353 3480 1439 3522 usum
1453 3460 1570 3522 idonea.
1595 3485 1609 3512 ε
1627 3459 1776 3519 Addamus

67 3614 75 3628 ⁶
162 3555 221 3613 bus
239 3551 385 3609 bonorum
405 3549 609 3624 etmalorum,
625 3569 642 3609 e
658 3549 944 3628 quibusduosiocos
991 3549 1159 3609 Polemonis
1179 3551 1373 3623 sententiam,
1393 3570 1453 3628 qno
1472 3563 1592 3610 auctore
1605 3547 1731 3608 Crantor
1745 3549 1776 3607 in

163 3657 321 3718 excerpere
335 3637 430 3714 jurat.
445 3637 538 3700 Acad.
556 3650 635 3717 post.
650 3637 677 3712 l,
696 3639 738 3698 5:
762 3666 774 3692 ι
794 3639 862 3700 Fuit
874 3662 944 3721 ergo
990 3639 1175 3719 philosophia
1183 3653 1314 3699 versatus
1322 3653 1375 3698 est
1386 3641 1429 3698 De
1439 3639 1496 3697 hoc
1506 3638 1640 3697 Clemens
1650 3636 1776 3696 Alexan·

159 3729 222 3810 jam
237 3739 387 3805 acceptaa
410 3725 532 3785 Platone
557 3682 784 3806 philosdphandi
806 3730 880 3788 ratio
897 3733 947 3791 tri·
991 3732 1214 3792 driuusStrom.
1230 3728 1338 3808 Vll,p.
1353 3727 1499 3807 θιρὸγίιρ
1511 3724 1775 3804 Ξενοκράτονςγνώ-

162 3821 254 3899 plen
267 3817 374 3876 unade
387 3817 489 3874 vitaer
504 3813 661 3874 moribus:
677 3816 778 3888 altera,
792 3815 829 3876 de
843 3831 947 3880 natura
993 3843 1067 3966 ριμος
1083 3819 1214 3898 Πολέμων
1225 3817 1346 3897 φαίνεται
1359 3817 1441 3889 τὴν
1441 3815 1595 3892 ὐδαιμονίαν
1614 3812 1776 3892 αθτοίριιειαν

162 3922 191 3968 et
204 3909 294 3966 rebus
303 3903 450 3963 occultis
470 3902 619 3976 terna,de
629 3903 819 3984 disserendo
833 3919 862 3966 et
876 3909 1004 3986 quide
991 3895 1057 3967 εἶναι
1073 3907 1230 3986 βουλόμενος
1244 3905 1476 3984 ἀγαθωνπιίντιον,
1493 3901 1572 3974 ἢτων
1581 3899 1714 3961 πλείοτοιν
1728 3898 1775 3959 καί

162 4015 275 4068 ιειιιιει,
303 3991 375 4070 quid
401 3991 522 4064 ίιίειιιιις
544 3991 615 4069 quid
634 4005 746 4052 rectum
768 3994 799 4052 in
816 3998 948 4056 oratione
993 3993 1134 4072 μεγίστων.
1159 3992 1319 4072 Δογμαείζει
1337 3997 1399 4070 γοῦν
1417 3990 1499 4072 χωρίς
1518 3989 1567 4068 μίν
1583 3990 1679 4070 ἀρετῆς
1695 3985 1775 4064 μηδέ·
1806 4051 1807 4054 ¹

164 4099 341 4163 pravumve5
372 4079 443 4156 qnid
471 4079 651 4138 consentiens
677 4080 728 4155 sit,
757 4081 828 4160 quid
857 4103 947 4164 repu-
992 4106 1056 4145 ποτε
1079 4083 1111 4144 ἂν
1134 4081 1302 4160 εὐδαιμονίαν
1318 4081 1488 4162 ὑπάρχειν·
1474 4080 1537 4160 οίχα
1552 4079 1580 4138 δὲ
1595 4012 1690 4138 ιιραί“
1654 4100 1707 4136 των
1723 4099 1776 4136 σοι·

166 4185 248 4248 guet,
262 4166 433 4248 judicando.
448 4167 489 4224 hc
505 4167 631 4246 primam
648 4182 761 4246 partem
775 4170 854 4228 illam
873 4170 948 4230 bene
993 4195 1111 4251 ματιιιοιν
1134 4173 1238 4231 καί”
1202 4195 1254 4229 των
1277 4169 1367 4244 ἐκτός,
1390 4167 1439 4241 rba
1456 4167 1553 4249 ἀρετὴν
1573 4166 1694 4245 αὐτάρκη
1710 4166 1778 4248 πρὸς

165 4258 285 4338 vivendi
313 4277 331 4315 a
359 4269 463 4315 natura
486 4255 642 4334 petebant,
666 4257 753 4335 eique
784 4259 946 4338 parendum
975 4260 1158 4336 εὐδαιμονίαν
1184 4249 1261 4320 ε’ίναι.
1297 4259 1343 4321 Cf.
1371 4259 1476 4319 Sextus
1508 4257 1675 4338 Empiricos
1709 4256 1777 4318 adv.

166 4367 229 4408 esse
250 4345 386 4406 dicebant
408 4367 415 4402 :
434 4363 530 4424 neque
543 4345 606 4404 nlla
626 4345 682 4428 alia
703 4347 735 4405 in
756 4367 804 4421 re,
830 4349 885 4408 nisi
916 4351 946 4409 in
992 4351 1083 4412 Math.
1102 4349 1158 4428 xl,
1176 4359 1214 4419 ta
1238 4371 1265 4429 p.
1289 4351 1348 4426 699
1372 4347 1420 4407 ed.
1439 4347 1554 4408 Fabrio.
1581 4349 1626 4426 [p.
1649 4347 1707 4413 554
1727 4345 1775 4409 ed.

167 4451 286 4510 natura,
314 4435 503 4514 quaerendum
532 4454 595 4495 esse
617 4433 692 4495 illud
720 4455 864 4498 summum
894 4437 947 4497 bo·
993 4437 1136 4520 bekken]
1151 4452 1181 4498 et
1190 4438 1335 4516 Archytas
1349 4437 1525 4497 Tarentinus
1536 4435 1614 4515 apud
1628 4434 1778 4494 Stobaeum

168 4533 257 4596 dum,
276 4545 335 4603 qno
346 4525 444 4583 omnia
458 4524 947 4604 reserrentur3constituebantque,
994 4529 1072 4591 Flor.
1087 4527 1110 4602 l,
1121 4531 1170 4602 76.
1181 4527 1336 4588 Vid.Phil.
1349 4526 1404 4586 Gr.
1422 4527 1536 4602 Eragm.
1550 4525 1616 4586 Vol.
1631 4526 1655 4601 l,
1673 4543 1703 4600 p.
1719 4523 1777 4592 554

165 4627 328 4673 extremum
354 4631 534 4672 assererem
555 4611 783 4690 expetendarum
809 4625 839 4671 et
860 4615 948 4673 linem
995 4637 1058 4696 seq.
1069 4617 1134 4676 lam
1151 4637 1243 4695 quum
1260 4635 1296 4676 ex
1311 4615 1357 4675 his
1376 4616 1451 4674 locis
1467 4627 1581 4693 pateat,
1603 4612 1777 4670 Crantorem

166 4701 326 4774 bonorum,
350 4699 486 4778 adeptum
515 4719 577 4759 esse
613 4701 711 4758 omnia
749 4715 895 4761 enatura
922 4718 950 4762 et
994 4705 1231 4783 nihilquodnon
1244 4705 1486 4764 Academicorum
1496 4703 1612 4782 placitis
1627 4711 1776 4759 consenta-

165 4791 265 4853 animo
282 4801 311 4848 et
333 4809 458 4866 corpore
476 4802 504 4848 et
525 4789 597 4849 vita.
620 4788 760 4868 Corporis
781 4803 877 4850 antem
894 4792 951 4852 alia
995 4812 1081 4852 neum
1098 4807 1185 4866 esset,
1206 4795 1389 4874 praecepisse,
1409 4790 1496 4850 simul
1514 4809 1581 4848 enm
1606 4808 1671 4866 quae
1691 4805 1778 4864 expe·

166 4877 315 4956 ponebant
328 4877 432 4936 esseio
451 4889 523 4949 toto,
547 4877 604 4935 alia
614 4876 644 4934 in
658 4877 815 4955 partibus:
838 4879 953 4940 valetu-
995 4881 1099 4940 rientia
1122 4883 1196 4942 duce
1215 4884 1331 4958 cognita
1356 4881 1477 4938 baberet
1498 4877 1651 4936 tradidisse
1670 4877 1774 4952 liquet.

166 4966 284 5038 dinem,
308 4965 404 5035 vires,
431 4964 701 5040 pulchritudinem,
726 4966 759 5024 in
784 4980 846 5026 toto
878 4989 885 5024 τ
915 4970 947 5028 in
995 4970 1173 5050 Nempenon
1183 4971 1279 5032 solum
1290 4969 1413 5028 divitem
1429 4964 1528 5042 luisse,
1542 4966 1592 5025 sed
1606 4966 1692 5023 etiam
1702 4983 1778 5042 saepe

166 5185 317 5246 valetudini,
331 5185 416 5236 tertias
432 5185 572 5249 Voluptati,
592 5185 706 5234 ultimam
719 5184 827 5250 denique
842 5186 949 5250 opulen-
995 5186 1076 5238 locum
1088 5188 1198 5238 obtinere
1219 5186 1333 5246 volebat,
1348 5183 1473 5249 praedictis
1490 5183 1643 5248 philosophis
1661 5182 1778 5247 astipula-

166 5277 228 5326 ttam
241 5276 339 5340 ponent.
359 5275 392 5326 nt
406 5273 510 5326 crantor
523 5285 621 5338 qaoque
634 5273 799 5326 valetudinem
815 5275 950 5328 ιοοιιιιθιιιιι
995 5279 1044 5326 tus.
