4020 5950
829 457 904 520 na
930 435 1123 525 raason-u.
1733 464 1775 529 aa

165 589 288 670 reliquis
309 589 423 648 artibus
449 589 588 648 musicam
614 585 741 667 adjecit,
771 609 828 668 qua
848 589 943 650 Draco
995 608 1140 654 conventu
1154 595 1306 655 hominum
1326 597 1462 656 referenti
1481 595 1580 658 Aristo
1602 597 1695 655 filium
1709 617 1776 657 eru·

167 677 352 737 Atheniensis
375 691 404 735 et
420 677 552 736 Metellus
571 679 779 754 Agrigentinus
793 678 949 738 Plutarcho
996 675 1134 733 diendum
1150 676 1278 737 tradidit.
1294 677 1386 746 Quem
1401 691 1555 755 postquam
1565 678 1678 755 aspexit
1693 691 1779 754 atquc

167 781 238 826 teste
259 786 326 825 eum
349 767 538 825 instituerunt
559 765 611 845 (δ).
663 766 720 825 Sed
744 767 792 826 his
811 767 949 828 omnibus
996 781 1033 823 ex
1048 763 1121 823 lacie
1132 765 1265 824 divinum
1285 765 1351 843 ejus
1371 766 1521 842 ingenium
1540 779 1697 843 auguratus
1711 780 1775 826 estt

165 853 269 913 studiis
282 854 421 932 depositis
432 854 540 930 viginti
555 873 646 914 annos
656 867 740 914 natus
750 857 837 918 tertio
847 855 948 933 Olym·
996 851 1051 910 llic
1072 853 1123 912 ille
1134 867 1210 927 erat,
1226 855 1331 927 amici,
1349 855 1467 931 inquit,
1489 875 1526 914 ex
1550 855 1705 917 Academia
1718 855 1779 916 Cu·

167 942 265 1020 piadis
278 964 315 1022 9²
328 963 405 1002 anno
416 942 564 1001 Socratem
579 943 681 1002 audire
692 945 794 1023 coepit.
808 943 949 1002 Narratur
997 940 1109 1017 pidinis
1133 961 1255 1020 cygnus.
1278 944 1367 1002 Addit
1385 943 1525 1019 Origenes
1550 945 1605 1006 lib.
1626 943 1665 1003 vl
1681 960 1781 1004 contra

169 1049 240 1090 vero
256 1034 401 1106 Socrates,
419 1044 573 1108 antequam
598 1030 682 1091 Plato
697 1032 735 1090 ad
749 1033 877 1112 ipsuma
895 1052 949 1111 pa·
997 1027 1111 1088 Celsum
1127 1050 1156 1108 p.
1175 1031 1233 1089 ado
1243 1031 1394 1090 Platonem
1408 1032 1505 1110 ipsum
1523 1033 1609 1092 tertio
1624 1033 1709 1094 oculo
1722 1031 1781 1094 sibi

168 1133 211 1177 tre
220 1119 421 1191 deduceretur,
435 1117 651 1195 jucundissimo
663 1140 733 1180 usus
748 1141 810 1181 esse
821 1124 947 1182 sornnio.
997 1131 1113 1176 auctum
1128 1137 1190 1177 esse
1200 1119 1307 1178 visum.

168 1206 249 1265 Vidit
265 1207 343 1265 enim
361 1207 392 1265 in
418 1225 521 1265 somno
544 1207 630 1284 cygni
650 1209 763 1286 pullum
785 1210 951 1288 relinquere
1038 1205 1146 1276 Quanti
1161 1221 1255 1266 autem
1269 1208 1347 1267 hunc
1365 1228 1454 1267 unum
1471 1209 1641 1285 magistrum
1658 1211 1779 1281 iaceret,

165 1315 263 1368 aram,
290 1315 354 1374 quae
379 1296 410 1353 in
437 1294 592 1354 Academia
618 1297 755 1374 Cupidini
787 1311 951 1358 consecrata
998 1311 1061 1370 lpse
1083 1313 1282 1372 saepenumero
1303 1297 1477 1371 declaravit,
1495 1298 1642 1375 multaque
1668 1299 1779 1357 amoris

165 1396 240 1455 erat,
255 1383 323 1441 dein
346 1382 436 1440 celeri
453 1383 551 1442 volatu
571 1385 713 1459 gremium
738 1405 821 1444 suum
836 1399 949 1464 petere,
998 1399 1067 1457 erga
1089 1399 1155 1440 eum
1181 1382 1354 1442 documenta
1377 1395 1478 1462 postea
1500 1384 1675 1463 inscriptis
1690 1385 1780 1443 dedit.

169 1491 238 1530 ιιιοκ
249 1471 394 1530 sedentem
410 1489 500 1550 supra
511 1491 605 1548 genua
616 1472 811 1550 plumescere,
836 1485 950 1552 postre-
999 1469 1115 1529 Mortuo
1134 1471 1342 1552 Socrate(10],·
1363 1491 1449 1550 quem
1473 1485 1578 1550 quarto
1596 1472 1781 1550 Olympiadis

171 1581 220 1618 ιιιυ
233 1561 340 1619 alatum
361 1561 480 1619 avolare
503 1564 608 1619 coelum
629 1580 662 1619 ac
682 1573 774 1620 terras
792 1575 878 1620 cantu
899 1581 952 1619 suo
1000 1568 1038 1635 94
1051 1579 1128 1618 anno
1145 1579 1182 1618 ex
1196 1561 1256 1620 vita
1279 1561 1431 1619 hominum
1455 1560 1632 1636 demigrasse
1653 1573 1780 1632 constat,

171 1650 356 1711 mulcentem.
376 1649 522 1708 Postridie
539 1649 578 1727 (9)
595 1649 706 1708 Socrati
720 1650 815 1708 visum
832 1649 905 1708 illud
920 1650 951 1707 in
1000 1649 1083 1707 Plato
1096 1652 1200 1728 partim
1211 1650 1329 1727 Cratylo
1343 1650 1522 1720 lleraclitco‚
1539 1655 1644 1727 partim
1658 1651 1781 1708 llermo·

174 1846 309 1896 ἀπεδύσατο
329 1845 369 1892 ἐπὶ
383 1843 531 1906 φιλοσοφίαν.
545 1871 575 1884 -
597 1842 632 1906 (a)
649 1841 794 1893 Plutarchus
807 1841 839 1893 de
859 1841 954 1892 musica
999 1844 1099 1907 quodin
1111 1843 1243 1894 Academia
1264 1843 1379 1907 Cupidini
1388 1849 1557 1896 consecratum
1571 1849 1618 1908 est,
1631 1847 1742 1908 volasse,
1758 1850 1784 1899 ol

168 1927 223 1978 cap.
241 1917 311 1965 xvn
329 1914 384 1965 Vol.
398 1917 456 1966 xlv
468 1927 523 1978 pag.
540 1913 636 1964 tried.
650 1915 751 1964 liuttcn.
767 1915 828 1964 πάνυ
840 1914 885 1976 γαρ
896 1931 954 1977 προ·
999 1915 1023 1964 in
1038 1917 1090 1979 ejus
1104 1915 1169 1980 (leg.
1184 1914 1248 1978 suo)
1263 1915 1357 1979 gremio
1374 1916 1497 1966 resedisse
1516 1929 1523 1962 ι
1544 1921 1570 1967 et
1588 1921 1675 1981 postea
1690 1918 1783 1967 olorem

168 1985 226 2048 ίσχτ
253 1989 396 2048 τῄμονσικῇ
415 1985 535 2046 ἐπιστήμη
554 1984 669 2045 Πλάτων,
690 1984 808 2040 ἀκουστὴς
829 1983 954 2046 γενόμενος
998 1986 1067 2035 illurn
1081 1987 1167 2050 munis
1182 1986 1273 2036 catum
1285 1986 1396 2050 petiisse,
1412 1999 1500 2038 canore
1516 1987 1611 2038 musioo
1626 1988 1726 2038 auditus
1739 1989 1784 2038 lio-

168 2056 298 2120 Δράκοντος
309 2060 352 2105 τοθ
368 2054 490 2115 Ἀθηναίου
504 2057 545 2106 καὶ
567 2055 687 2106 Μετέλλου
703 2059 745 2104 τοῦ
763 2054 951 2118 Ἀκραγαντίνου.
999 2057 1092 2106 minum
1106 2055 1429 2120 deorumquemulcontem.
1446 2060 1529 2114 Quum
1542 2057 1658 2121 hoccrgo
1670 2061 1784 2109 Socrates

167 2125 316 2190 Porphyrius
334 2126 400 2190 apud
412 2125 532 2189 cyrillum
541 2125 585 2176 lib.
601 2129 614 2176 1
631 2129 717 2175 eontra
730 2125 856 2175 Julianum
869 2125 953 2176 ιέποιι-
998 2128 1023 2177 in
1036 2129 1158 2178 conventu
1173 2128 1299 2178 hominum
1312 2127 1422 2188 referret,
1436 2127 1519 2178 Aristo
1532 2128 1657 2179 Platonem
1668 2141 1782 2192 puonuu,

166 2197 236 2256 δεύθη
248 2197 274 2247 δέ
285 2197 299 2246 θ
312 2198 412 2247 Πλάτων
424 2197 490 2260 παρὰ
502 2197 545 2258 μίν
560 2195 680 2260 Διονυσίῳ
698 2195 833 2260 γράμματα,
850 2195 916 2260 παρὰ
929 2197 954 2244 δέ
999 2197 1126 2247 oblaturus
1149 2198 1244 2248 Socrati
1261 2197 1379 2260 magatro
1402 2199 1560 2248 commodum
1579 2199 1781 2263 prosequebatur.

172 2267 307 2332 Ἀρίστωνι,
320 2269 357 2332 τῷ
375 2267 473 2330 ’λργείῳ
493 2269 627 2330 παλαιστῇ,
641 2267 672 2316 τὰ
689 2265 752 2316 κατὰ
769 2267 811 2324 τὴν
823 2281 953 2328 γυμναστι-
1000 2272 1080 2328 Quem
1089 2267 1132 2318 ubi
1145 2269 1238 2332 aspexit
1250 2269 1299 2328 iilo,
1314 2268 1486 2332 ingeniumque
1495 2269 1610 2320 inlimuttt
1624 2269 1655 2320 do
1668 2271 1785 2321 exteriori

168 2339 219 2397 κήν.
234 2337 423 2402 Οίγιιιρίυιίυτυο
433 2333 478 2386 νίί.
493 2336 556 2386 Plat.
568 2339 691 2394 Μουσικῆς
703 2339 728 2387 δὲ
741 2336 882 2388 διδάσκαλον
897 2340 954 2403 lega
1000 2337 1155 2402 conspicatus
1174 2340 1214 2388 est
1233 2337 1315 2386 iacis:
1337 2337 1384 2388 llic
1396 2336 1436 2386 ille
1454 2339 1522 2398 erat,
1544 2339 1629 2400 amici,
1644 2337 1738 2404 inquit,
1753 2341 1784 2390 de

169 2410 292 2474 Aptissima
308 2411 350 2458 τὸν
360 2409 476 2471 Δάμωνος
498 2409 611 2470 μαθητήν·
628 2408 745 2470 μέμνηται
757 2409 783 2458 δέ
792 2409 878 2458 τούτου
888 2410 912 2458 ίν
925 2416 954 2474 τῇ
1001 2408 1134 2460 Academia
1144 2407 1266 2472 cupidinis
1273 2421 1375 2470 cygnus.
1387 2409 1576 2472 olympiodorus
1585 2410 1631 2460 vit.
1643 2412 1705 2462 etat.
1718 2415 1785 2463 Φασὶ

170 2481 290 2543 Πολιτείᾳ.
301 2479 360 2542 Τρία
373 2481 398 2529 δέ
410 2480 451 2528 καί
462 2481 537 2527 ταῦτα
548 2479 698 2528 ίπαιδιύοντο
709 2481 732 2528 ol
745 2479 855 2539 Ἀθήνησι
865 2480 954 2536 παῖδας·
1000 2482 1021 2530 δ’
1033 2481 1079 2540 δτι,
1093 2479 1163 2538 ἡνίκα
1175 2481 1189 2528 ό
1202 2479 1326 2543 Σωκράτης
1346 2479 1432 2542 ἤμελλε
1450 2481 1573 2542 δέχεσθαι,
1587 2481 1644 2544 ὄναρ
1660 2483 1732 2536 εἶδεν.
1747 2485 1783 2532 δτι

171 2553 230 2616 φημί
240 2551 425 2616 δί’γράμματα,
449 2550 579 2611 μουσικήν,
600 2551 718 2600 παλαίειν·
732 2549 778 2613 ούχ
794 2549 883 2605 ἁπλῶς·
898 2550 955 2599 ἀλλὰ
1000 2552 1083 2608 κύκνος
1089 2551 1187 2614 άιτιιρος
1194 2549 1218 2598 ίν
1227 2554 1274 2604 τοῖς
1285 2548 1381 2610 γόνασιν
1388 2549 1461 2598 αὐτοῦ
1470 2551 1584 2610 καθῆστο,
1593 2553 1633 2599 καί
1641 2559 1784 2616 παραχρῆμα

169 2623 299 2686 γράμματα
311 2623 352 2684 pir
362 2621 402 2670 dria
411 2621 439 2672 τὸ
449 2625 550 2682 κοσμεῖν
559 2621 601 2672 τὸν
613 2621 684 2680 λόγον
700 2622 742 2672 τὸν
756 2621 779 2670 ἐν
796 2621 884 2680 αὐτοῖς,
896 2638 954 2682 μον·
999 2623 1160 2686 πτεροφυήσας
1175 2622 1262 2678 άνίπτη
1276 2620 1308 2676 είς
1324 2619 1365 2670 τόν
1378 2620 1450 2682 άέρα,
1473 2620 1512 2668 καί
1526 2618 1622 2681 ἐιλαγξέ
1638 2639 1660 2670 τι
1674 2623 1784 2685 λιγυρόν,

167 2693 238 2750 σικήν
254 2691 279 2740 δέ
295 2690 334 2739 διά
349 2692 376 2740 τὸ
389 2691 535 2740 τιθασσεύειν
548 2691 589 2740 τθν
605 2690 691 2753 θυμόν,
706 2691 815 2740 παλαίειν
825 2691 850 2739 dl
862 2693 903 2740 καὶ
913 2707 950 2751 γυ
1000 2712 1032 2751 ως
1046 2693 1134 2749 πάντας
1147 2693 1222 2748 θελξαε
1232 2693 1285 2748 τοὺς
1299 2691 1434 2748 ἀκούοντας·
1449 2693 1560 2742 τοῦτοδὲ
1575 2694 1660 2752 ἐδήλου
1675 2697 1717 2754 τήν
1728 2699 1783 2756 με’λ-

167 2763 293 2828 μνάασθαι
306 2761 346 2810 διὰ
358 2763 385 2811 τὸ
403 2761 576 2825 horarum
594 2763 622 2812 τὸ
639 2768 681 2821 τῆς
699 2761 822 2824 ἐπιθυμίαι
838 2763 954 2826 χαλαρόν,
1000 2769 1086 2814 νουσιν
1100 2763 1168 2820 οιτον
1180 2767 1222 2812 τοο
1234 2761 1322 2826 ωορδς.
1338 2786 1371 2798 -
1379 2761 1430 2824 (ιο)
1444 2761 1563 2824 Diogenes
1575 2765 1689 2814 mortius
1699 2769 1745 2826 nr,
1758 2772 1785 2815 a

167 2835 233 2895 (Καὶ
247 2831 261 2879 θ
275 2831 423 2889 Ἆλκιθιάδης
440 2833 465 2881 tt
479 2829 535 2894 παρ’
551 2832 616 2896 αὐτῷ
638 2833 668 2881 τὰ
682 2833 735 2895 τρία
756 2837 831 2881 ταῦτα
853 2831 956 2896 φαίνεται
1001 2841 1024 2886 7.
1046 2836 1173 2885 Τούτεῡθεν
1197 2835 1227 2891 δή
1247 2833 1363 2896 γεγονώς,
1383 2833 1467 2896 φασίν,
1495 2834 1583 2884 είκοοιν
1603 2837 1656 2898 έτη,
1673 2837 1784 2893 διήκουσε

166 2901 351 2958 παιδευθείς··διδ
363 2902 404 2952 καί
413 2919 468 2967 φησι
479 2904 535 2966 πρὸς
546 2903 616 2952 αὐτόν
627 2903 858 2966 Σωκράτης,λύλείν
873 2904 897 2952 δέ
907 2905 950 2952 ούκ
1001 2909 1147 2970 Σωκράτους.
1172 2905 1278 2956 Ἐκείνον
1287 2906 1308 2954 δ’
1322 2905 1460 2961 ἀπελθόντος
1468 2908 1580 2970 προσεῖχε
1592 2908 1705 2969 Κρατύλῳ
1716 2924 1742 2957 τε
1750 2911 1785 2971 τῷ

166 2975 276 3034 ἐδούλου,
286 2973 326 3022 καί
335 2974 365 3021 τά
377 2973 454 3036 δίης.)
466 2971 590 3035 Ἐφοίτησε
603 2974 628 3024 di
637 2975 677 3022 καλ
688 2974 752 3036 παρὰ
761 2979 883 3037 γραφεῦσι,
894 2977 949 3036 παρ’
1000 2978 1180 3042 Ἡρακλειτείῳ,
1199 2978 1241 3026 καὶ
1254 2977 1389 3039 Ἑρμογένει
1409 2981 1444 3034 τῷ
1464 2975 1496 3024 τὰ
1519 2975 1665 3038 Παρμενίδου
1691 2979 1786 3038 φιλοσο-

168 3047 201 3095 διν
215 3045 322 3105 ὠφελήθη
335 3046 376 3102 τήν
389 3045 448 3107 μῖξιν
458 3049 504 3093 τῶν
521 3044 667 3108 χρωμάτων,
681 3045 714 3093 ὧν
723 3045 747 3093 ἐν
757 3045 850 3108 Τιμαίῳ
864 3047 953 3108 μίμνη-
1000 3055 1087 3106 φούντι.
1098 3047 1198 3097 Ἔπειτα
1206 3045 1328 3107 γενόμενος
1340 3045 1403 3094 θκτὼ
1415 3046 1455 3094 καὶ
1467 3046 1556 3094 είκοσιν
1567 3046 1634 3108 ἐτῶν,
1645 3047 1706 3094 καθά
1716 3063 1785 3109 φησιν

167 3134 214 3165 ται.
228 3115 463 3166 Μετᾰταῡταδέκαέ
479 3118 544 3178 παρὰ
555 3119 601 3172 τοῖς
616 3119 733 3178 τραγικοῖς
747 3115 955 3176 trecesimo-
999 3119 1157 3185 Ἑρμόδωρος,
1181 3120 1213 3173 είς
1229 3118 1328 3180 Μέγαρα
1346 3117 1403 3179 πρδς
1430 3116 1556 3174 Εὐκλείδην
1582 3117 1625 3166 σὺν
1640 3116 1719 3172 άλλοις
1737 3119 1785 3167 τισὶ

166 3189 257 3241 δευταῖς
266 3185 422 3247 νομιζομένοις
433 3187 491 3235 εἶπαι
507 3191 548 3244 τῆς
559 3185 676 3242 Ἑλλάδος.
688 3189 814 3250 Προαῆλθε
827 3187 852 3234 at
864 3188 953 3244 τούτοις
1000 3193 1156 3251 Σωκρατικοῖς
1169 3187 1332 3249 ὑπεχώρησεν.
1343 3185 1444 3235 Ἔπειτα
1455 3187 1488 3242 είς
1506 3187 1614 3248 Κυρήνην
1627 3187 1716 3242 ἀπῆλθε
1728 3188 1785 3248 πρὸς

166 3257 205 3306 διά
215 3257 244 3305 τὸ
257 3255 305 3304 aare
317 3261 356 3314 τῆς
367 3263 478 3318 τραγικῆς
493 3259 611 3320 γνωμικὸν
625 3258 665 3306 καί
683 3257 782 3319 σεμνόν,
792 3258 832 3306 καί
852 3260 954 3319 ἡρωϊκόν
1000 3261 1121 3324 Θεόδωρον
1133 3259 1174 3310 τθν
1188 3257 1361 3320 μαθηματικόν·
1377 3257 1485 3306 κάκεῖθεν
1500 3259 1533 3313 είς
1547 3257 1651 3306 Ἰταλίαν
1663 3259 1721 3321 πρὸς
1733 3259 1785 3314 τοὺς
1873 3251 1879 3261 “

166 3334 213 3376 τῶν
225 3327 369 3376 ὑποθέσεων.
383 3329 429 3376 Καί
441 3331 491 3384 τοῖς
503 3327 650 3391 διθυράμθοις
663 3328 688 3376 δέ
697 3329 754 3390 πρδς
766 3328 835 3389 τιμήν
846 3333 888 3376 τοῦ
897 3334 952 3378 Διο-
1000 3329 1191 3392 Πυθαγορικούς,
1201 3327 1319 3380 Φιλόλαον
1330 3329 1370 3376 καί
1385 3327 1496 3390 Κύρυτον
1513 3328 1577 3377 ίνθεν
1588 3344 1614 3376 τε
1626 3329 1658 3383 είς
1667 3328 1785 3387 Alyattos

166 3395 344 3460 νύσον,ἐφύμον
351 3397 476 3458 λεγομένου
483 3403 524 3455 τῆς
533 3399 654 3459 γενέσεως,
668 3397 782 3460 ὡμίλησε·
794 3399 871 3460 τούτῳ
881 3400 927 3458 γάρ
943 3397 955 3442 ὁ
1000 3403 1065 3466 παρὰ
1074 3405 1129 3456 τοὺς
1144 3401 1270 3464 προφήτας.
1285 3398 1376 3459 nrtpo
1389 3399 1418 3458 ti
1431 3399 1445 3446 6
1459 3399 1562 3448 Πλάτων
1579 3399 1620 3448 καί
1638 3403 1688 3455 τοῖς
1702 3398 1785 3460 possa

167 3468 306 3532 θιθύραμθος
313 3469 427 3530 ἀνέκειτο,
437 3469 476 3532 ἀφ’
484 3469 512 3517 ού
519 3469 671 3532 καλτόόνομα
678 3469 737 3528 εἶχε.
753 3471 897 3532 Διθύρπμύος
910 3471 954 3532 γάρ
999 3473 1128 3534 συμμῖξαι,
1146 3471 1186 3520 διὰ
1196 3471 1221 3519 dl
1232 3470 1287 3525 τοὺς
1300 3474 1341 3527 τῆς
1356 3469 1434 3525 Ἀσίας
1449 3470 1566 3532 πολίμαυς
1585 3469 1685 3526 άπίστη.
1701 3468 1786 3530 Olym-

167 3543 180 3588 θ
190 3539 315 3598 Διόνυσος,
327 3541 359 3593 ὡς
369 3539 448 3588 ἐκδύο
458 3541 531 3603 θυρῶν
541 3541 650 3600 ἐξελθών,
660 3545 701 3598 τῆς
712 3555 737 3588 τε
747 3542 847 3600 Σεμεδθι
861 3543 900 3590 καὶ
912 3548 954 3592 τοῦ
1000 3541 1119 3606 piotlorus
1133 3541 1177 3590 vit.
1192 3539 1254 3590 Plnl.
1270 3538 1339 3589 Μετὰ
1351 3539 1377 3587 δέ
1390 3540 1432 3597 τήν
1441 3541 1551 3598 τελευτήν
1566 3539 1707 3600 Σωκράτους
1722 3539 1785 3587 διδα·

167 3615 242 3674 μηροῦ
249 3608 500 3673 Διόςδίώθεισανγὰρ
509 3611 531 3659 ol
539 3609 634 3673 ἀρχαῖοι
643 3608 773 3658 τὰαίτιατὰ
781 3611 953 3671 όνομάζειντοίς
1000 3613 1082 3675 σκάλῳ
1101 3611 1170 3660 πάλιν
1184 3611 1302 3674 ἐχρήσατο
1324 3610 1439 3673 Κρατύλῳ
1460 3614 1496 3672 τῷ
1517 3609 1698 3672 Ἡρακλειτείῳ,
1712 3610 1745 3664 εἰς
1759 3607 1786 3656 δν

166 3685 213 3729 τῶν
229 3679 311 3728 εείτίων
325 3679 439 3741 ὀνόμασι,
452 3681 557 3744 καθάπερ
566 3682 606 3728 καὶ
622 3681 662 3730 τὸν
674 3679 787 3729 Διόνυσον
798 3683 904 3731 καλοῦσι·
918 3684 955 3731 διὸ
999 3685 1039 3732 καὶ
1053 3683 1159 3742 διάλογον
1178 3681 1301 3742 ὁμώνυμον
1320 3677 1444 3739 ἐποίησεν,
1464 3679 1595 3742 ἐπιγράψας
1618 3679 1748 3740 Κρατύλος,
1770 3680 1785 3734 li

166 3761 206 3800 και
216 3752 230 3800 θ
242 3751 346 3814 Πρόκλος
355 3751 505 3812 περὶτούτων
520 3749 600 3814 φησίν,
613 3750 686 3800 'Orc'
697 3750 760 3799 εἶδον
772 3754 892 3802 τεκέεσσιν
902 3755 956 3811 ἐφη-
999 3755 1051 3820 περλ
1062 3752 1184 3816 ὀρθότητος
1199 3752 1332 3812 ὀνομάτων.
1355 3749 1421 3798 Μετὰ
1440 3754 1523 3799 τοῦτον
1542 3749 1567 3797 tt
1580 3749 1650 3796 πάλιν
1667 3747 1786 3797 στέλλεται

167 3823 262 3885 μίξανῐῡ
271 3827 362 3881 τοκῆες·
372 3823 427 3871 '01²
438 3823 463 3872 δὲ
477 3823 529 3877 τοὺς
546 3821 697 3885 διθυράμὸους
711 3823 724 3870 ὁ
736 3823 835 3871 Πλάτων
848 3825 953 3888 ἤσκητο,
999 3827 1031 3882 είς
1043 3825 1158 3882 Ἰταλίαν,
1171 3825 1211 3872 καί
1221 3823 1388 3872 διδασκαλεῖον
1402 3821 1477 3884 εύρὼν
1488 3821 1538 3870 ἐκεί
1555 3821 1601 3866 τῶν
1615 3818 1782 3878 Πυθαγορείων

167 3893 237 3950 δῆλον
251 3892 279 3939 ἐκ
291 3895 334 3940 τοῦ
349 3892 454 3955 Φαίδρου
470 3897 511 3940 τού
524 3891 649 3952 διαλόγου,
668 3890 729 3941 πάνυ
742 3893 850 3949 πνέοντος
861 3900 903 3943 τού
916 3897 953 3945 δι·
999 3895 1166 3958 συνιστάμενον
1181 3894 1306 3957 ’λρχύταν,
1318 3891 1387 3940 πάλιν
1400 3891 1457 3952 ίσχε
1467 3889 1610 3938 διδάσκαλον
1618 3890 1659 3936 τὸν
1673 3890 1786 3950 Πυθαγό-

168 3963 334 4026 coaptatos:
349 3969 502 4026 χαρακτῆρος·
519 3963 560 4012 άτε
570 3967 612 4012 τού
630 3963 754 4018 Πλάτωνος
766 3969 848 4012 τοῦτον
862 3971 953 4028 πρῶτον
998 3981 1059 4028 ρειον
1073 3966 1204 4028 ὁμόνομον·
1228 3965 1284 4013 ἐνθα
1299 3961 1341 4010 καί
1363 3961 1475 4021 Ἀρχύτου
1496 3961 1619 4021 μίμνηται·
1640 3955 1699 4020 (leg.
1724 3960 1785 4008 ίνθεν

167 4034 299 4098 γράψαντος
318 4033 441 4094 διάλογον,
458 4036 490 4090 ὡς
509 4035 609 4094 λέγεται.
627 4031 743 4089 Ἐποίησε
757 4033 781 4082 δέ
799 4033 839 4082 καί
854 4037 954 4098 τραγικοί
999 4037 1040 4084 καὶ
1049 4033 1121 4098 κτλ.)
1139 4034 1284 4087 Aristoteles
1296 4029 1404 4092 pompis.
1429 4034 1448 4090 l,
1469 4030 1556 4092 6μιτὶε
1569 4029 1594 4077 δὲ
1608 4029 1649 4084 τάς
1663 4030 1785 4091 εἰρημένας

167 4103 289 4160 ποιήματα
298 4103 336 4150 καί
350 4101 519 4165 διθυραμθικά,
532 4103 572 4150 καὶ
583 4101 641 4150 ἄλλα
649 4100 784 4165 τινοί,άπερ
795 4105 872 4152 πάντα
884 4107 954 4155 κατέ·
999 4105 1135 4169 φιλοσοφίας
1162 4108 1177 4164 ἡ
1200 4103 1329 4158 Πλάτωνος
1349 4103 1472 4164 ἐπεγίνετο
1496 4098 1662 4163 πραγματεία,
1688 4100 1718 4147 τὰ
1744 4101 1786 4162 pir

167 4189 243 4223 καυσε
255 4178 296 4230 τῆς
309 4173 446 4236 λλονφάκους
460 4175 575 4237 πειραθείς
586 4173 718 4236 διατριθής,
734 4175 806 4223 είπών
817 4191 839 4224 τι
848 4183 953 4226 τοιοῦτον
998 4175 1074 4226 πολλὰ
1093 4177 1184 4232 τούτοις
1198 4175 1376 4236 ἀκολουθοῦσα,
1393 4173 1457 4222 τάδε
1470 4173 1510 4220 καὶ
1536 4171 1586 4220 ίδια
1602 4171 1668 4234 παρὰ
1676 4171 1718 4229 τήν
1736 4177 1785 4222 τῶν

168 4244 380 4306 ίπος,”Ηφαιστε,
395 4241 493 4308 πρόμολ’
508 4243 562 4293 ὧδε·
575 4244 675 4294 Πλάτων
692 4245 719 4294 νύ
738 4261 761 4294 τι
781 4251 834 4294 σεῖο
854 4249 951 4308 χατίζει.
998 4248 1121 4296 Ἰταλικῶν
1140 4247 1232 4311 ίχουσα
1258 4245 1404 4308 φιλοσοφίαν.
1429 4245 1471 4292 Ἐκ
1486 4243 1540 4292 νέου
1564 4257 1590 4291 τε
1616 4243 1662 4305 γὰρ
1685 4244 1786 4302 συνήθης

166 4341 199 4352 -
211 4313 247 4378 (o)
269 4314 391 4377 Diogenes
410 4315 524 4366 Laertius
544 4319 595 4378 lil,
619 4321 633 4366 5
650 4318 741 4380 λέγεται
759 4317 784 4367 tt
804 4317 840 4366 θιι
861 4320 954 4382 Σωκρά-
998 4317 1119 4380 γενόμενος
1136 4323 1229 4380 πρῶτον
1249 4316 1363 4380 Κρατύλῳ
1376 4317 1479 4370 καλιαῖς
1492 4314 1674 4375 Ἡρακλειτείοις
1693 4313 1785 4375 δόξαις,

166 4403 207 4444 της
218 4385 274 4448 δναρ
289 4386 348 4434 εἰδεν
366 4384 453 4434 κύκνου
467 4387 558 4436 νεοττόν
569 4388 593 4436 ἐν
608 4391 658 4443 τοῖς
671 4387 768 4449 γόνασιν
782 4389 856 4452 ίχειν,
870 4389 896 4438 δν
911 4391 951 4438 καὶ
998 4385 1035 4447 ὡς’
1044 4388 1154 4438 ἁπάντων
1165 4392 1213 4436 τῶν
1229 4388 1348 4444 αἰσθητῶν
1363 4385 1400 4436 iul
1418 4385 1518 4449 ῥεόντων
1532 4385 1572 4434 καί
1591 4385 1720 4444 ἐπιστήμης
1732 4385 1786 4447 περὶ

168 4459 313 4516 παραχρῆμα
324 4455 517 4516 πτεροφυήσαντα
530 4455 678 4518 ἀναπτῆναι,
692 4458 736 4514 ἡδὺ
754 4457 893 4517 κλάγξαντα
912 4461 952 4508 καί
998 4460 1077 4508 αὐτῶν
1089 4460 1132 4508 ούκ
1151 4459 1237 4518 οὔσης,
1254 4463 1329 4506 ταῦτα
1347 4459 1388 4519 μὲν
1402 4457 1444 4506 καί
1464 4457 1562 4519 ὕστερον
1580 4456 1654 4512 οὕτως
1668 4457 1783 4505 ύπέλαύεν

170 4522 219 4584 μεθ’
230 4525 318 4585 ἡμέραν
327 4525 445 4574 Πλάτωνα
459 4525 524 4589 αὐτῷ
534 4532 657 4587 συστῆναι·
674 4527 714 4576 τόν
729 4527 768 4589 δέ,
784 4533 865 4577 τοῦτον
880 4529 952 4578 εἰπεῖν
998 4531 1049 4578 κτλ.
1064 4529 1181 4591 Apuleius
1190 4528 1269 4577 doctr.
1283 4527 1344 4576 Plat.
1358 4530 1380 4586 Ι,
1398 4531 1417 4576 l.
1431 4529 1460 4576 ut
1471 4530 1543 4576 antea
1555 4524 1655 4589 qaudam
1667 4525 1785 4574 Heracliti

169 4594 277 4643 είναιτόν
291 4595 362 4658 δρνιν.
381 4595 570 4646 Pausaniaslih.
584 4599 605 4657 l,
619 4610 672 4661 cap.
695 4600 767 4658 ΧΚΧ,
782 4601 797 4648 t
811 4599 953 4662 Ἀκαδημίας
998 4599 1157 4649 sectalucrat
1174 4598 1291 4648 imbutus.
1307 4600 1400 4648 Verum
1413 4610 1492 4660 quum
1505 4610 1532 4646 se
1552 4595 1646 4644 Socrati
1660 4593 1782 4654 dedisset,

169 4665 194 4713 θέ
206 4667 234 4714 ού
245 4663 326 4730 coppo
343 4666 469 4723 Πλάτωνος
482 4668 562 4732 μνῆμά
575 4667 683 4731 ίστιν,ᾤ
698 4669 867 4734 προεσήμαινεν
879 4671 892 4719 θ
904 4673 953 4727 θεὸς
998 4683 1046 4719 non
1057 4669 1137 4719 solum
1153 4669 1248 4732 ingenio
1261 4671 1336 4732 alque
1352 4667 1465 4717 doctrina
1478 4671 1581 4716 oaeleros
1593 4667 1730 4714 Socratims
1746 4665 1784 4712 vi-

171 4737 263 4797 άριατον
282 4737 313 4786 τά
330 4737 353 4794 ἐς
367 4737 501 4802 φιλοσοφίαν
520 4737 623 4789 ίσεσθαι.
640 4741 804 4804 Προεσήμαινε
823 4741 848 4790 δέ
869 4743 951 4798 οὕτως.
998 4740 1044 4800 cit,
1060 4741 1231 4790 verumetiam
1251 4739 1333 4788 labore
1353 4741 1379 4788 el
1393 4737 1512 4800 elegantia
1524 4735 1665 4786 illustravit.
1682 4735 1783 4798 Sapien-

173 4809 301 4870 ¹P¹t>4³er
316 4815 345 4872 τό
360 4811 461 4874 προτέρᾳ
479 4811 575 4868 νυκτλη
597 4809 698 4860 Πλάτων
710 4811 803 4873 έμιλλιν
817 4807 912 4860 ἔσεσθαί
930 4812 953 4858 ct
998 4811 1058 4860 uam
1071 4809 1102 4860 ah
1122 4822 1151 4859 eo
1166 4808 1215 4858 sibi
1235 4808 1354 4859 traditam
1374 4807 1460 4857 labore
1473 4820 1572 4870 quoque
1586 4819 1696 4856 asserere
1714 4805 1782 4854 nisus

172 4879 290 4940 μαθητής,
308 4879 422 4940 ἐσπτῆναί
441 4885 463 4931 ol
477 4879 561 4932 κύκνον
580 4883 602 4938 ἐς
617 4883 656 4932 τὸν
676 4883 764 4932 κόλπον
780 4883 841 4932 εἶδεν
855 4883 952 4946 dirupta·
997 4885 1051 4941 eoi,
1075 4883 1101 4931 ei
1124 4879 1230 4943 eleganli
1253 4891 1345 4943 perque
1366 4881 1470 4927 venusta
1493 4878 1621 4938 majestate
1650 4875 1781 4926 verborum

171 4947 224 4996 έστι
236 4947 261 4995 a
275 4948 352 5014 κύκνῳ
368 4955 404 5013 τῷ
420 4951 492 5014 έρνιθι
516 4957 629 5015 μουσικῆς
653 4953 723 5011 δόξα,
742 4954 777 5003 ὅτι
794 4953 888 5015 Λιγύων
907 4959 953 5003 τῶν
997 4949 1162 5013 plurimumei
1180 4948 1293 5000 adhibuit
1305 4947 1440 5012 digmhtis.
1455 4947 1503 4998 Sed
1516 4949 1677 5010 posteaquam
1690 4950 1780 4996 socra-

175 5016 300 5079 'ilpitcaoo
319 5023 389 5082 πέραν
409 5021 490 5087 [ὑπὲρ]
511 5027 554 5085 γης
574 5029 613 5081 τῆς
639 5024 750 5081 Κελτικῆς
769 5023 860 5072 Κύκνον
883 5023 954 5087 ἄνδρα
998 5021 1159 5072 teshomines
1181 5018 1293 5085 reliquit,
1318 5018 1526 5084 quaesivit0unde
1552 5015 1780 5077 ρεστορατιον

172 5089 286 5149 μουσικόν
295 5092 400 5149 γενέσθαι
413 5095 513 5155 βασιλέα
524 5092 595 5158 φασί,
609 5095 783 5152 τελευτήσαντα
796 5093 822 5143 θλ
836 5093 954 5144 Ἀπόλλω-
999 5093 1145 5156 Pythagorae
1165 5089 1320 5154 disciplinam
1340 5102 1367 5139 se
1387 5087 1498 5138 eontulit.
1516 5091 1598 5144 Quam
1619 5085 1666 5135 elsi
1686 5087 1780 5136 ratione

169 5157 302 5218 *κῖνῶμη
315 5162 451 5221 prosaica
467 5165 576 5226 λέγουσιν
591 5163 847 5227 αὐτόν’έςτδνθρνιθα.
863 5163 955 5228 Apule-
997 5161 1106 5226 diligenti
1122 5165 1148 5212 et
1161 5159 1447 5224 magnifirainstructam
1461 5155 1573 5214 videbat,
1597 5167 1682 5206 rerum
1698 5161 1780 5206 tantan

166 5226 297 5291 jusdoetr.
310 5229 370 5279 Plat.
387 5231 439 5280 init.
454 5235 577 5284 somnium
590 5233 666 5284 etiam
683 5233 792 5284 Socratis
813 5233 903 5285 scitum
918 5233 954 5284 ie-
998 5231 1173 5282 contineutiam
1194 5235 1219 5278 et
1240 5229 1381 5279 castitatem
1395 5227 1473 5289 magis
1492 5225 1607 5288 cupiebat
1630 5227 1730 5276 imitari.
1751 5230 1779 5274 ut

168 5299 235 5349 runt.
248 5301 309 5350 llam
320 5301 411 5353 vidisse
422 5302 470 5352 sihi
481 5303 548 5354 visus
561 5309 598 5355 est
612 5305 682 5368 cygni
699 5304 794 5368 pullum
813 5319 843 5356 ex
858 5305 945 5366 altari,
973 5271 978 5369 l
1000 5303 1063 5364 quod
1086 5291 1294 5364 Pythagoreorum
1306 5297 1428 5362 ingenium
1443 5297 1557 5362 athalum
1576 5297 1632 5350 aliia
1645 5297 1782 5362 disciplittls
