4020 5950
212 313 253 374 11
810 309 940 372 ALBINI
963 307 1210 376 macnarii.

213 459 295 522 οἰκεία
309 460 359 534 θλη
381 458 560 532 tradidimus
579 460 631 518 τῶν
647 458 752 538 μύθων,
768 457 836 518 οὕτω
854 461 916 540 οτῷ
931 461 994 518 δια·
1039 461 1109 520 τοῦτ’
1129 459 1186 520 έστι
1206 461 1334 542 περὶτῶν
1357 461 1553 546 χαρακτήρων,
1577 463 1654 524 πόσοι
1670 464 1699 524 τέ
1714 469 1779 528 εἰσιν
1799 471 1823 527 οί

212 553 282 633 λόγῳ
297 555 314 622 ή
330 549 486 631 φιλόσοφος,
509 549 580 608 τοῦτ’
596 548 651 608 ἔστι
665 546 699 606 τδ
720 547 784 630 πρθς
798 546 846 620 τήν
861 553 874 590 ί
888 549 995 630 φιλοσο·
1041 549 1180 624 ἀνωτάτω,
1192 551 1237 610 καί
1253 549 1330 610 πόσοι
1349 549 1454 612 ἐκείνων
1470 551 1692 632 θποδιαιρεθέντες
1712 557 1748 624 είς
1763 554 1823 624 τοὺς

212 639 285 722 μίαν.
327 639 368 699 Τὸ
383 638 409 700 δέ
425 637 493 716 μετὰ
507 640 554 709 τῆς
568 635 719 718 πρεπούσης
731 635 867 709 ἠθοποιίας
877 641 930 696 τῶν
943 661 995 697 πα·
1040 635 1152 714 ἀτόμους
1164 637 1302 711 ἀπίθησαν
1314 645 1337 700 ⁸.

213 725 459 808 μαλαμὸανομένων
476 723 625 808 προσώπων
639 725 896 806 διαφόρωνθέντοῑς
911 725 995 806 λόγοις
1081 726 1214 806 (Scripsi
1231 727 1389 806 :⁸la'qotro.
1433 727 1514 790 Οθτω
1534 751 1600 788 cum
1619 731 1685 793 eod.
1711 733 1757 807 ll;
1779 731 1826 792 λό-

211 817 292 877 όντων
306 816 350 878 τδν
370 817 444 898 βίον,
459 819 512 876 τῶν
532 817 580 896 μὲν
595 814 757 898 φιλοσόφων,
770 817 823 874 τῶν
838 814 865 874 δὲ
878 837 993 896 σοφιστι·
1039 839 1110 894 γοιτο
1133 808 1206 886 οὗτος
1220 819 1286 880 cod.
1310 818 1344 878 L.
1368 851 1408 864 -
1428 817 1441 856 θ
1463 823 1502 901 τῷ
1524 820 1673 902 Θουκυδίδῂ
1698 823 1761 882 cod.
1783 825 1824 898 L;

212 911 285 982 κῶν,
303 905 336 966 ei
354 908 437 967 οἰκεῖα
459 905 510 980 ήθη
527 907 565 966 δεῖ
587 905 690 986 ἑκάστῳ
706 905 872 978 ἀνατιθέναι,
889 908 926 984 τῷ
947 904 994 982 μέν
1039 904 1189 985 Θουκυδίδῃ
1204 906 1269 968 οοιί.
1288 905 1324 970 Κ.
1337 915 1397 953 „a
1410 906 1462 968 θπδ
1476 909 1527 968 τῶν
1545 907 1583 988 μὴ
1597 909 1748 989 δυναμένων
1760 935 1825 972 curn

211 994 344 1078 φιλοσόφῳ
357 995 388 1054 τδ
400 997 518 1077 γενναῖον
533 991 579 1053 καλ
593 994 624 1056 τδ
635 993 734 1052 δπλοῶν
747 993 792 1054 καί
801 992 831 1051 τὸ
845 993 993 1074 φιλάληθες,
1039 991 1235 1068 Schneider0;
1252 996 1343 1073 vulgo
1358 999 1410 1056 τῶν
1423 995 1572 1074 δυνάμεων.
1585 1031 1625 1045 -
1638 999 1650 1035 ‘¹
1663 1000 1693 1058 οὔ
1708 999 1826 1080 φήσομεν

211 1086 249 1165 τῷ
264 1084 292 1144 δί
308 1089 452 1166 σοφιστικῷ
468 1083 497 1144 τδ
519 1082 637 1144 ποικίλον
657 1081 702 1142 καλ
720 1084 750 1140 τὸ
770 1081 934 1158 παλίμέολον
949 1083 994 1140 καί
1040 1073 1106 1141 εἶναι
1121 1081 1241 1162 διάλογον
1257 1085 1322 1144 cod.
1338 1084 1378 1158 L;
1390 1085 1552 1162 vulgohaec
1562 1087 1772 1148 desiderantur.
1786 1122 1826 1136 -

211 1173 241 1233 τδ
255 1172 405 1254 φιλόδοξον,
423 1176 461 1254 τῷ
475 1173 503 1232 δί
519 1173 643 1252 ἰδιωτικῷ
658 1171 687 1230 τὸ
708 1170 814 1230 οἰκεῖον.
856 1169 920 1230 Ἐπί
939 1169 995 1229 rod·
1039 1175 1050 1205 ⁸
1065 1169 1192 1242 ἀλλήλαις
1206 1173 1272 1232 eod.
1294 1173 1335 1246 L;
1359 1173 1483 1245 ἀλλήλοις
1500 1176 1567 1238 cod.
1590 1177 1627 1237 H.
1643 1211 1684 1228 -
1700 1176 1709 1212 ί
1725 1180 1825 1258 ἀντιγε-

212 1285 264 1330 τοις
278 1262 342 1344 φησί
360 1261 406 1322 καί
421 1261 481 1342 περί
499 1263 546 1332 τῆς
563 1259 653 1322 Ικατδι
668 1259 715 1331 τήν
729 1258 796 1328 λέξιν
812 1262 993 1337 κατασκευῆς,
1039 1259 1193 1336 γραμμένας
1216 1259 1282 1321 cod.
1299 1259 1339 1333 L;
1363 1262 1598 1341 ἀναγεγραμμένας
1616 1265 1679 1325 cod.
1702 1264 1738 1322 ll.
1753 1298 1794 1312 -
1813 1273 1826 1312 θ

211 1351 255 1409 καί
276 1350 346 1426 μάλα
362 1349 475 1419 εἰκότως.
519 1351 566 1415 Ὡς
578 1349 629 1430 γάρ
645 1351 677 1428 τῆ
691 1349 823 1428 τραγῳδίᾳ
836 1347 880 1406 καί
895 1353 927 1429 τῇ
945 1373 995 1407 κω-
1040 1345 1178 1418 ἀπίθησαν
1184 1371 1193 1424 ;
1209 1349 1293 1410 codd.
1309 1348 1464 1420 ἐστήσαντο.
1478 1350 1538 1430 -)

212 1441 298 1520 μιρδίαρ
313 1440 343 1498 τὸ
358 1439 451 1500 οἰκεῖον
468 1439 563 1519 μέτρον
581 1440 619 1497 δεῖ
634 1445 757 1516 παρεῖναι
776 1443 789 1482 ⁸
805 1436 849 1495 καί
869 1461 900 1518 τη
915 1440 994 1516 λεγο-
1080 1434 1111 1492 δ’.
1134 1437 1201 1514 Περὶ
1216 1437 1262 1514 μέν
1278 1428 1321 1496 οθν
1336 1437 1513 1519 χαρακτήρων
1529 1441 1554 1498 ἐν
1570 1440 1622 1507 τοῖς
1641 1441 1697 1514 έξῆς
1707 1449 1719 1476 ⁸
1730 1445 1826 1502 τελεώ-

212 1528 277 1606 μένῃ
292 1527 396 1608 ίστορίορ
407 1528 439 1586 τδ
452 1527 583 1603 πλάσμα,
597 1525 690 1585 otro*
705 1525 750 1584 καί
764 1527 801 1604 τῷ
816 1525 931 1606 διαλόγῳ
946 1525 993 1597 τὴν
1042 1544 1108 1580 rura
1126 1523 1193 1600 μετδι
1209 1529 1362 1606 ὑπογραφῆς
1386 1525 1532 1604 εἰρήσεται·
1552 1528 1642 1588 ἐνθάδε
1657 1529 1684 1588 δὲ
1698 1533 1825 1609 γνωστέον

210 1617 309 1677 οἰκείαν
329 1615 398 1684 λέξιν
416 1615 461 1676 καλ
476 1615 611 1692 σύνθεσιν,
627 1613 740 1694 ἔχουσαν
762 1613 769 1649 ¹
785 1614 815 1671 τὸ
830 1614 949 1688 ἀστικόν,
965 1614 993 1674 τὸ
1040 1616 1161 1672 τοσοῦτον
1179 1613 1240 1694 περί
1254 1617 1305 1672 τῶν
1319 1615 1445 1674 ἀνωτάτω
1459 1615 1653 1698 χαρακτήρων,
1664 1617 1704 1677 ότι
1722 1619 1766 1680 δύο
1781 1619 1823 1680 όν-

211 1704 318 1786 εὔχαρι,
333 1705 363 1764 τὸ
380 1703 536 1784 ἀπέριττον,
551 1702 581 1761 τθ
596 1701 720 1770 ἀνενδεές.
1041 1723 1112 1775 τιυν,
1129 1705 1291 1783 θφηγητιιιοῶ
1316 1702 1361 1761 καί
1384 1705 1541 1782 ζητητικοῦ,
1561 1708 1575 1764 θ
1598 1703 1646 1783 μέν
1668 1710 1826 1788 ὑφηγητικὸς

249 1795 373 1876 (Scripsi
391 1816 398 1854 τ
415 1801 426 1829 ‘¹
442 1783 508 1852 εἶναι
524 1813 589 1852 cum
605 1793 668 1852 cod.
684 1793 723 1866 Ιις
744 1797 833 1870 vulgo
849 1793 938 1854 deest.
955 1828 995 1840 -
1041 1787 1173 1869 ἥρμοσται
1184 1791 1248 1870 πρὸς
1262 1791 1434 1850 διδασκαλίαν
1446 1793 1492 1852 καί
1504 1793 1598 1876 πρᾶξιν
1608 1792 1654 1854 καί
1670 1793 1825 1864 ἀπόδειξινρ

210 1883 296 1944 ι’κατ’
310 1881 440 1962 ἐρώτησιν
457 1881 522 1942 οοιί.
540 1880 586 1954 Ης
602 1882 670 1940 κατὰ
686 1879 813 1961 ἐρώτησιν
826 1881 891 1942 cod.
909 1885 995 1941 L.—
1041 1881 1085 1936 τοῦ
1118 1881 1245 1953 ἀληθοῦς,
1270 1885 1285 1940 θ
1308 1880 1336 1939 δέ
1357 1881 1495 1954 ζητητικὸς
1519 1883 1583 1962 πρὸς
1607 1882 1755 1962 γυμνασίαν
1780 1882 1825 1941 καί

217 1971 330 2050 ⁰0tro3
345 1971 431 2033 codd.
447 1969 538 2038 οὕτως.
557 1970 623 2016 -ί
641 1969 688 2042 τήν
702 1970 766 2028 cod.
782 1969 821 2044 L;
838 1971 926 2046 vulgo
941 1972 993 2028 de·
1040 1967 1128 2043 ἀγῶνα
1142 1969 1186 2028 καί
1202 1967 1308 2050 ἔλεγχον
1320 1972 1366 2028 τοῦ
1380 1968 1504 2048 ψεύδους,
1521 1969 1566 2028 καί
1578 1970 1618 2030 ότι
1632 1973 1646 2028 ό
1662 1969 1710 2048 μὲν
1725 1971 1824 2051 ὑφηγη-

210 2075 262 2122 est.
276 2065 339 2112 ·-⁰
360 2057 490 2140 διαφόρων
503 2059 565 2118 cod.
582 2056 623 2130 Η,
637 2059 703 2117 διότι
718 2056 848 2138 διαφόρων
865 2057 993 2139 διαφόρων
1038 2055 1108 2124 τικθς
1119 2059 1171 2118 τῶν
1184 2057 1348 2139 πραγμάτων
1364 2057 1538 2137 στοχάζεται,
1556 2057 1609 2118 ddi
1621 2056 1759 2132 ζητητικὸς
1773 2062 1824 2116 τῶν

208 2150 274 2212 cod.
295 2149 387 2210 L.·-
407 2147 417 2184 ¹
434 2148 555 2229 περὶτῆς
570 2167 636 2207 cum
653 2147 806 2220 Fabrici05
828 2145 911 2205 codd.
934 2149 991 2218 τῆς.
1039 2145 1197 2226 προσώπων.

210 2271 250 2286 -
263 2244 276 2284 θ
290 2238 329 2297 δεῖ
343 2238 465 2317 παρεῖναι
478 2236 523 2294 καὶ
538 2239 571 2317 τῆ
586 2235 650 2296 eod.
666 2235 706 2308 h;
723 2236 763 2293 δεῖ
776 2233 993 2315 (προσάπτεσθαι
1078 2237 1085 2310 ί
1098 2235 1209 2315 Scripsi
1223 2259 1228 2292 :
1242 2243 1253 2272 ⁸
1269 2240 1295 2296 έν
1308 2245 1359 2304 τοῖς
1375 2236 1434 2310 ἑξῆς
1447 2234 1598 2296 τελεώτατα
1619 2235 1688 2314 μετὰ
1707 2237 1824 2316 θ’πογρα-

208 2327 254 2388 καλ
264 2325 311 2407 τῇ)
326 2326 423 2403 Fabr.;
438 2327 476 2384 δεῖ
488 2327 496 2404 (
506 2325 551 2383 καί
564 2323 614 2403 τῇ)
629 2323 722 2384 Fisch.
737 2326 798 2368 -θ
812 2322 895 2398 οὕτω,
906 2325 990 2384 codd.
1038 2329 1087 2408 φῆς
1101 2324 1248 2404 εἰρήσεται·
1269 2323 1358 2384 ἐνθάδε
1373 2325 1399 2382 δὲ
1415 2323 1544 2402 γνωστέον
1560 2326 1684 2383 τοσοῦτον
1699 2325 1759 2404 περί
1771 2329 1823 2382 τῶν

208 2417 299 2484 οὕτως.
313 2414 372 2462 -i
387 2415 520 2488 σύνθεσιν,
534 2414 645 2494 ἔχουσαν
660 2413 725 2473 cod.
739 2413 778 2485 L;
791 2413 907 2471 σύνθεσιν
923 2413 992 2494 ἔχειν
1039 2413 1163 2474 ἀνωτάτω
1175 2411 1351 2492 χαρακτήρων
1365 2433 1382 2470 e
1396 2412 1458 2470 cod.
1475 2409 1514 2484 L;
1528 2411 1617 2488 vulgo
1631 2412 1692 2470 haec
1707 2413 1821 2474 desunt.

211 2506 306 2582 vulgo.
320 2507 374 2582 -)
1038 2504 1180 2562 Caeterum
1197 2501 1224 2560 δέ
1240 2501 1410 2580 posttridie
1426 2521 1443 2558 a
1461 2500 1588 2560 secunda
1607 2519 1695 2560 manu
1709 2503 1740 2560 in
1758 2503 1822 2561 cod.

249 2594 285 2672 γ’.
309 2596 344 2656 Ei
359 2593 386 2652 δέ
401 2617 438 2659 τις
454 2592 592 2670 λεγόμενος
608 2591 682 2669 λόγος
697 2590 751 2669 μή,
768 2590 886 2670 καθάπερ
902 2579 990 2668 εἷπον,
1037 2593 1167 2652 additum
1186 2605 1239 2652 est.
1257 2625 1293 2636 -
1307 2589 1320 2627 ¹³
1334 2590 1378 2648 καί
1394 2587 1525 2656 ἀπόδειξιν
1542 2606 1558 2649 e
1576 2589 1639 2648 cod.
1665 2589 1708 2666 L;
1733 2591 1822 2666 vulgo

209 2681 432 2760 εἰδοποιοόμενος,
445 2680 502 2740 ἀλλ’
521 2679 607 2750 ἐνδεὴς
629 2679 665 2737 ὢν
685 2679 797 2752 τούτων,
809 2679 911 2760 λέγοιτο
926 2685 992 2739 εἶναι
1037 2682 1246 2742 desiderantur.
1265 2677 1323 2759 -J

208 2772 341 2850 διάλογος,
359 2774 404 2830 οθκ
416 2773 497 2850 ὀρθῶς
507 2769 538 2828 ἀν
550 2768 652 2848 λέγοιτο
665 2774 687 2828 ⁸.
730 2767 810 2829 Οθτω
825 2767 854 2828 τδ
867 2769 940 2848 παρὰ
955 2773 992 2849 τῷ
1077 2769 1107 2830 ε’.
1130 2771 1191 2829 Τῶν
1203 2766 1250 2846 μίν
1265 2757 1309 2827 oda
1325 2771 1370 2828 ταῶ
1383 2774 1395 2802 ⁸
1409 2766 1551 2836 Πλάτωνος
1566 2764 1692 2845 διαλόγων
1708 2766 1822 2846 ὑπάγον-

209 2858 359 2935 Θουκυδίδῃ
379 2859 392 2896 θ
414 2857 555 2935 λεγόμενον
572 2856 623 2914 irad
639 2858 690 2914 τῶν
704 2858 741 2932 μὴ
761 2855 910 2933 δυναμένων
924 2859 989 2916 εἶδο-
1038 2881 1081 2917 ται
1098 2861 1136 2937 τῷ
1152 2857 1198 2932 μὲν
1212 2858 1314 2938 φυσικῷ
1329 2859 1343 2913 ό
1356 2859 1485 2934 Τίμαιος,
1498 2859 1535 2936 τῷ
1550 2855 1577 2914 δὲ
1587 2857 1670 2934 ἠθικῷ
1682 2858 1726 2926 θἡ
1745 2856 1822 2916 Ἀπο-

93 2971 98 2982 ·
207 2955 290 3007 ποιεῖν
305 2945 352 3019 τήν
375 2943 493 3016 ἰδιότητα
517 2948 568 3004 τῶν
592 2943 720 3023 διαλόγων
737 2947 766 3004 οὔ
791 2945 907 3026 φήσομεν
927 2935 992 3005 εἶναι
1038 2946 1115 3026 λογία
1138 2955 1166 3018 ⁰,
1187 2949 1225 3025 τῷ
1248 2943 1275 3004 δὲ
1294 2946 1393 3026 λογικῷ
1415 2943 1538 3026 Θεάγης,
1555 2943 1708 3026 Κρατύλος,
1725 2944 1822 3022 Λύσις,

208 3038 330 3116 διάλογον
344 3036 371 3108 ⁶,
392 3033 460 3093 ἀλλά
481 3035 581 3111 μᾶλλον
599 3033 647 3093 δύο
662 3035 825 3118 δημηγορίας
842 3039 901 3094 κατ’
918 3038 988 3096 ἔνθά·
1038 3033 1186 3116 Σοφιστής,
1202 3032 1309 3114 Λάχης,
1325 3032 1478 3108 Πολιτικός,
1492 3037 1531 3112 τῷ
1547 3031 1574 3092 dl
1592 3033 1735 3114 ἀλεγκτικῷ
1747 3036 1823 3114 Παρ-

209 3151 288 3204 μησιν
303 3123 739 3203 ἀλλήλαις’ἀναγεγραμμέναςί
782 3115 915 3184 Ἐπεὶοθν
930 3127 951 3195 ὅ,
967 3151 992 3185 τι
1039 3125 1144 3204 μενίδης
1152 3123 1370 3205 ,Πρωταγόρας,
1387 3125 1425 3204 τῷ
1440 3121 1468 3182 δέ
1482 3125 1611 3205 πολιτικῷ
1629 3123 1748 3204 Κρίτων,
1764 3124 1823 3184 Πο-

209 3213 273 3274 ποτέ
291 3218 361 3274 ἐστιν
380 3215 394 3270 θ
410 3209 543 3288 διάλογος,
559 3210 777 3290 τεθεωρήκαμεν,
799 3211 918 3292 περὶτῆς
934 3213 990 3270 διοι-
1038 3213 1123 3274 λιτεία
1134 3215 1163 3290 ⁶,
1181 3211 1307 3288 Φαίδων,
1321 3211 1425 3286 Μίνως,
1444 3211 1611 3290 Συμπόσιον,
1626 3211 1726 3288 Νόμοι,
1741 3215 1823 3274 Ἐπι-

207 3310 286 3384 φορθίς
307 3302 385 3360 αὐτοῦ
407 3306 452 3358 τοῦ
478 3300 546 3358 κατὰ
573 3301 706 3359 Πλάτωνα
732 3301 853 3379 διαλόγου
874 3301 991 3379 ἴδωμεν,
1040 3301 1320 3379 στολαί,Ἐπινομίς,
1338 3300 1493 3375 Μενέξενος,
1509 3302 1677 3382 Κλειτοφῶν,
1690 3301 1822 3380 mnatre,

206 3495 346 3562 losophlcis
358 3496 453 3560 adjecta
464 3498 537 3558 sunt,
547 3495 639 3546 idcirco
654 3495 712 3560 quia
723 3497 807 3559 aptum
819 3495 909 3559 dialogi
920 3511 991 3560 argu-
1040 3497 1147 3562 speciem
1166 3511 1215 3547 non
1228 3496 1317 3558 hahet,
1330 3497 1374 3547 aad
1387 3497 1431 3546 illa
1442 3495 1576 3547 destitutus
1587 3495 1742 3548 nihilominus
1754 3497 1825 3548 dica·

207 3587 317 3636 menium
332 3597 387 3636 esse
409 3584 499 3646 dehet,
519 3583 586 3646 quod
608 3586 647 3633 est
661 3583 732 3633 civile
749 3586 774 3634 et
789 3583 991 3650 philosophicum.
1040 3589 1082 3635 tur
1093 3584 1219 3648 dialogus,
1233 3597 1280 3634 non
1295 3586 1363 3634 recte
1376 3582 1402 3634 id
1416 3583 1467 3635 fiat.
1501 3583 1540 3634 Sic
1551 3595 1607 3647 qua
1619 3583 1685 3648 apud
1697 3583 1822 3648 Thucydi-

206 3672 419 3732 Quemadmodum
436 3672 501 3724 enim
519 3671 643 3734 tragediae
663 3671 703 3722 rel
724 3671 822 3721 omnino
843 3673 911 3734 poesi
932 3687 992 3724 con-
1038 3673 1096 3724 dem
1116 3673 1148 3724 ab
1161 3672 1192 3722 iia
1210 3673 1255 3736 qui
1272 3671 1425 3736 dialogorum
1446 3671 1622 3736 proprietatem
1643 3671 1758 3736 effingere
1776 3686 1824 3722 uon

208 3776 297 3828 gruans
308 3763 396 3814 subest
411 3761 516 3814 materia
530 3775 561 3812 ex
575 3761 663 3812 lahulis
678 3761 806 3826 depromta
823 3780 829 3809 ι
852 3761 887 3812 sic
904 3761 993 3826 dialogi
1037 3762 1140 3827 possunt
1153 3761 1278 3821 dicuntur,
1299 3774 1349 3810 non
1361 3759 1541 3825 appellabimus
1558 3760 1696 3824 dialogum,
1716 3761 1761 3812 sed
1776 3775 1822 3824 po-

207 3853 309 3903 materia
322 3866 352 3904 er
366 3852 522 3917 philosophia
542 3851 594 3902 sire
609 3851 684 3903 rehus
702 3849 875 3915 philosophicis
893 3851 991 3914 petitur.
1037 3851 1088 3902 tius
1101 3849 1164 3902 duas
1176 3850 1299 3901 orationes
1314 3849 1434 3900 contrarii
1451 3850 1590 3914 argumenti
1606 3849 1710 3901 invicem
1724 3849 1822 3914 opposi-

208 3943 283 3990 l‘orro
302 3940 424 3990 additur:
446 3943 578 3991 utiliores
596 3939 714 3990 decentes
732 3942 854 4003 personia
870 3943 992 3990 amalariis
1037 3943 1085 3990 tas.
1119 3941 1252 4002 Postquam
1266 3939 1350 4002 igitur,
1373 3937 1491 4003 quidnam
1506 3939 1539 3990 sit
1554 3939 1678 4003 dialogus,
1696 3939 1821 4003 perspexi-

207 4029 369 4080 trtlruonlur.
387 4032 469 4086 Quum
490 4030 592 4078 enimin
614 4028 742 4092 colloquiis
762 4041 807 4094 pro
824 4031 883 4080 rita
899 4031 993 4080 ratione
1037 4041 1109 4090 mus,
1132 4027 1297 4078 diuersarum
1331 4040 1429 4090 quoquc
1460 4026 1612 4092 dialogorum
1639 4027 1822 4078 Platonicorum

208 4118 282 4168 varia
296 4115 346 4167 sint
359 4131 388 4168 ac
401 4117 507 4168 diversa
519 4131 643 4182 personae,
656 4121 711 4170 alita
724 4120 938 4184 philosophorum,
954 4137 991 4171 so·
1037 4116 1234 4178 consideremus,
1250 4116 1298 4166 hoc
1314 4118 1354 4166 est
1365 4129 1453 4180 genera
1471 4117 1614 4180 formasque
1637 4127 1739 4178 aarum,
1762 4117 1823 4180 quot

208 4203 344 4267 phialarum
364 4202 434 4266 alie,
454 4216 513 4252 suos
528 4203 618 4266 cuique
636 4217 718 4255 mores
741 4204 860 4269 assignari
881 4207 991 4269 oportet3
1038 4205 1087 4256 sint
1099 4218 1196 4256 summa
1209 4219 1296 4256 eorum
1309 4218 1411 4270 genera,
1430 4207 1456 4256 et
1468 4205 1530 4268 quot
1544 4204 1640 4256 illorum
1654 4215 1744 4269 genera
1759 4204 1818 4255 suh-

207 4291 354 4355 philosopho
372 4291 564 4356 ingenuitatem,
584 4291 782 4357 simplicitatem,
796 4293 909 4344 veritatis
921 4305 992 4343 amo-
1038 4293 1119 4344 divisa
1134 4294 1160 4343 in
1173 4293 1264 4344 formas
1277 4291 1419 4344 individuas
1431 4291 1620 4344 distribuantur.

207 4395 260 4432 rara
276 4400 282 4428 ι
298 4378 415 4443 sophista
432 4381 517 4429 eontra
536 4379 707 4443 calliditatem,
722 4379 922 4444 inconstantiam,
940 4383 991 4446 glo·
1069 4385 1112 4434 lv.
1129 4385 1166 4434 De
1178 4383 1308 4447 generibus
1320 4383 1394 4447 igitur
1403 4382 1518 4445 deinceps
1528 4381 1667 4445 planissime
1677 4379 1823 4432 adumbrata

208 4471 251 4520 rita
266 4461 440 4533 cupiditatem,
451 4467 556 4532 denique
568 4469 665 4534 privato
675 4471 711 4521 rei
719 4471 861 4522 domestica
874 4471 990 4522 studium.
1037 4471 1073 4522 rei
1085 4473 1191 4536 imagine
1203 4471 1308 4533 dicatum
1321 4470 1362 4522 hic
1374 4485 1433 4522 vero
1446 4471 1472 4520 id
1484 4471 1581 4521 tantum
1590 4469 1621 4520 de
1632 4469 1736 4520 summis
1747 4480 1822 4533 gene-

210 4559 297 4608 Postea
307 4557 423 4607 monetur
438 4556 509 4607 etde
522 4559 651 4608 accurata
663 4561 793 4610 orationis
807 4563 993 4624 compositione
1036 4561 1105 4611 ribus
1117 4560 1277 4625 judicandum
1289 4563 1341 4624 est,
1353 4573 1383 4611 ex
1395 4559 1487 4624 duplici
1500 4561 1547 4610 isto
1558 4571 1665 4622 quorum
1679 4558 1783 4609 alterurn
1797 4558 1823 4608 in

209 4645 374 4710 adhibendo,
384 4645 450 4697 haud
460 4647 548 4711 injuria
562 4659 629 4698 sana.
663 4650 723 4699 llam
735 4649 859 4712 quomodo
867 4651 992 4715 tragediae
1037 4649 1157 4700 narrando
1166 4689 1172 4713 ‚
1182 4651 1289 4701 alterum
1304 4650 1330 4700 in
1343 4649 1489 4712 inquirendo
1502 4649 1624 4712 versatur,
1637 4647 1707 4713 prius
1717 4645 1778 4697 illud
1790 4647 1822 4696 ad

209 4736 248 4787 rel
260 4735 391 4788 comoda
410 4737 559 4788 conveniens
572 4738 681 4788 metrum
693 4737 773 4802 aptari
786 4737 860 4789 dehet
874 4743 900 4790 et
912 4740 992 4792 histo·
1037 4738 1175 4789 docendum
1194 4741 1219 4790 et
1233 4738 1354 4803 agendum
1372 4741 1398 4789 et
1413 4737 1446 4788 ad
1465 4737 1517 4788 rori
1532 4735 1764 4787 demonstrationem
1778 4747 1819 4785 ac-

209 4825 251 4876 rias
271 4827 433 4890 congruenter
447 4822 530 4877 efficta
549 4826 648 4878 oratio:
669 4825 705 4877 sic
719 4839 790 4877 suam
804 4827 878 4878 etiam
897 4829 992 4894 dialogo
1036 4827 1218 4878 commodatum
1239 4840 1306 4890 esse,
1326 4826 1449 4892 posterius
1462 4826 1495 4876 ad
1509 4814 1709 4876 exercitationem
1723 4827 1748 4875 et
1760 4836 1821 4874 oon·

208 4909 341 4961 dictionem
354 4911 381 4962 et
391 4909 593 4976 compositionem
605 4911 686 4963 inesse
699 4914 811 4975 oportet,
831 4926 888 4976 qua
900 4913 992 4965 haheat
1036 4915 1169 4967 troversias
1183 4919 1208 4966 et
1221 4917 1252 4967 ad
1262 4915 1404 4982 opinionum
1416 4913 1543 4966 levitatem
1554 4911 1743 4975 consalandum
1753 4925 1818 4977 prae·

208 4999 373 5063 incorruptam
386 4999 457 5051 attici
474 5001 594 5052 sermonis
605 5001 785 5064 integritatem,
799 5002 917 5065 gratiam,
931 5003 990 5054 sim·
1035 5005 1407 5070 terealonnamexplioatrioern
1419 5003 1502 5054 adres
1515 4999 1775 5066 iers,e1ploratoriam
1788 5000 1820 5051 ad

208 5087 356 5150 pliciiatem,
373 5089 477 5155 copiam.
1034 5105 1151 5158 personas
1163 5093 1291 5156 pertinere.

240 5177 283 5228 iil.
302 5175 396 5236 Quodsi
409 5191 490 5230 sermo
506 5179 621 5245 quidam,
636 5177 679 5244 qui
692 5179 756 5231 hanc
768 5193 843 5246 qnam
855 5181 990 5234 memoravi
1065 5185 1096 5233 v.
1112 5185 1131 5233 E
1143 5181 1251 5233 Platonis
1262 5183 1364 5248 dialogis
1373 5181 1514 5234 retentatur
1525 5181 1556 5232 ad
1570 5179 1706 5232 naturalem
1722 5177 1816 5244 ταμίου-
