3938 5968
460 352 685 416 urniooouu
707 355 1042 424 uiooulcimoauii
1062 362 1347 432 rnairamisrs.
1651 384 1710 445 aas

99 479 151 544 τοῖς
164 475 298 558 τυράννοις
328 475 430 545 παίζειν
454 477 537 566 ἡδέως
560 477 655 546 είδύτες
680 481 879 556 εὐδοκιμοῦσιν·
928 493 1021 556 sciunt,
1035 497 1102 560 apud
1117 511 1188 562 reges
1201 504 1226 550 et
1241 501 1373 568 principes,
1390 505 1416 556 iii
1431 519 1519 572 magno
1529 509 1621 562 bonore
1633 517 1711 566 sunt:

99 569 167 638 ἡδεῖς
191 567 242 646 γάρ
263 569 341 642 εἰσιν,
360 567 449 634 αὐτοῖς
471 566 632 648 παρέχοντες
646 558 682 628 ὧν
705 567 820 648 ἐφίενται
834 568 880 629 καί
925 575 1026 638 quando
1036 577 1102 628 enim
1112 592 1140 629 ea
1153 579 1203 630 illis
1213 583 1448 651 suppeditaretque
1457 593 1576 653 expetunt
1586 595 1611 642 et
1622 594 1713 656 quibus

98 655 200 714 δέονται
221 655 285 735 πρὸς
296 654 345 730 τὴν
358 655 531 732 νομιζομένην
547 657 727 733 εὐδαιμονίαν.
740 663 819 718 Δοκεῖ
832 659 879 736 μὲν
925 653 958 704 ad
968 655 1041 706 mim
1050 671 1108 734 (λέξω
1121 659 1195 724 ῖῑῑίθθ
1208 665 1312 726 1³¹¹uitur
1321 665 1501 718 militudinem
1514 674 1594 733 θθθΰῑ.
1607 673 1710 735 l'ssssssssdi

96 735 139 804 οὐν
149 743 196 812 τάς
207 744 314 811 παιδιὰς
328 744 510 822 εὐδαιμονικδις
526 735 605 819 εἶναι,
618 744 660 804 διὰ
675 744 704 804 rb
718 744 778 813 τοὺς
793 747 820 804 έν
835 747 877 806 δυ-

95 833 225 902 ναστείαις
240 837 267 894 ἓν
281 833 381 902 τούτοις
398 833 513 910 μάλιστα
529 833 672 914 διατρέὸειν
686 858 692 871 ·
707 835 755 895 οὐκ
766 835 816 894 εἰσί
835 835 878 894 δέ·

95 925 124 982 οὐ
140 921 191 1004 γάρ
207 923 297 982 ἱκανὸν
311 931 421 1002 σημεῖον
429 925 481 982 τῶν
496 923 618 983 τοιούτων
630 925 737 1004 Ιἀνδρῶν
756 928 770 996 ί,
785 927 877 1005 ψῆφος.

94 1014 135 1072 Οὐ
145 1011 195 1092 γδιρ
216 1013 243 1070 έν
265 1015 304 1095 τῷ
325 1012 490 1072 δυναστεύειν
507 1017 521 1085 ἡ
537 1011 632 1091 ἀρετή,
646 1005 731 1072 οὐδέδ
754 1013 878 1093 ὑγιαίνων

94 1099 211 1176 μάλιστα
232 1105 301 1177 νοῦς,
330 1103 375 1181 ἀφ’
390 1093 426 1159 εἶεν
442 1103 470 1160 αἱ
487 1101 628 1161 σπουδαῖαι
648 1099 784 1182 ἐνέργειαι.
807 1102 877 1162 Οὐδὲ

93 1187 142 1268 γθιρ
153 1188 211 1247 ἐπεὶ
227 1193 274 1260 τῆς
289 1189 432 1269 ἐλευθερίου
456 1189 501 1248 καί
522 1191 673 1270 εἰλικρινοῦς
692 1191 784 1262 ἡδονῆς
799 1189 877 1270 ἄγευ-

92 1299 147 1334 στοι
159 1275 283 1345 καθάπαξ
294 1277 364 1344 ὄντες
380 1277 423 1336 ἐπὶ
438 1276 485 1346 ab<
500 1278 653 1355 σωματικάς
667 1277 875 1360 καταφεύγουσιν

91 1367 192 1438 ἡδονάς,
201 1365 244 1425 διδι
256 1371 332 1426 τοῦτο
346 1367 443 1434 ταύτας
455 1365 560 1448 εὔλογον
577 1367 677 1427 οἴεσθαι
687 1369 740 1426 τῶν
751 1371 788 1436 ὡς
803 1369 875 1443 ἀλη-

90 1458 139 1522 θῶς
162 1455 338 1536 αἱρετωτέρας
359 1459 435 1516 εἰναι.
455 1456 510 1517 Καί
533 1458 583 1538 γὰρ
604 1460 628 1518 οἱ
648 1458 741 1524 παῖδες
756 1456 790 1515 τθι
809 1462 874 1539 παρ’

89 1547 176 1614 αὐτοῖς
202 1544 342 1623 τιμώμενα
357 1546 486 1626 κράτιστα
500 1545 600 1607 οἴονται
626 1537 705 1606 εἶναι·
738 1547 798 1604 ἀλλ’
813 1545 874 1608 οὐτε

88 1637 140 1701 τοῖς
155 1633 268 1714 ἀνδράσι
279 1633 355 1711 τίμια
373 1634 407 1694 τδι
422 1637 473 1692 τῶν
488 1635 589 1694 παίδων
608 1636 696 1710 δοκεῖ,
722 1633 781 1694 οὐτε
795 1637 873 1696 ε’πιει-

70 1732 140 1790 κεῖς
163 1724 416 1800 ἀποθαυμοίσουσινθ
440 1722 508 1803 άπερ
537 1727 561 1782 ol
585 1727 696 1806 φαῦλοι·
727 1723 796 1784 ἀλλά
814 1726 872 1793 τοὺς

88 1811 135 1889 μὲν
157 1815 319 1888 ἠδοκοῦσα,
342 1811 402 1880 τούς
419 1811 446 1871 δέ
472 1817 489 1885 ἡ
514 1814 611 1888 ἀληθὴς
647 1813 727 1886 ἡδονὴ
754 1813 872 1892 μάλιστα

87 1902 185 1983 τέρψει.

925 734 956 784 iis
978 740 1045 788 sunt.
1067 739 1234 796 Quamobrem
1260 742 1312 794 ludi
1334 745 1366 795 ad
1389 747 1469 797 vitam
1495 749 1594 801 beatam
1620 753 1713 804 idcireo

925 814 1048 878 pertinere
1070 817 1196 882 videntur,
1215 821 1274 886 quia
1292 823 1405 877 homines
1420 827 1523 892 imperio
1542 845 1571 880 ac
1589 834 1713 896 potestate

925 894 1025 958 praediti
1041 895 1067 945 in
1081 895 1122 946 his
1134 899 1241 949 maxime
1262 906 1411 952 versantur:
1427 919 1475 954 noo
1490 909 1618 971 pertinent·
1630 914 1711 962 tamen

924 972 956 1023 ad
967 988 1021 1024 eam
1033 987 1040 1018 ι
1054 989 1135 1040 neque
1148 977 1214 1027 enim
1226 979 1314 1030 talium
1338 983 1466 1034 bominum
1488 987 1599 1038 calculus
1614 995 1712 1042 eertum

923 1054 978 1117 ejus
1000 1055 1036 1105 rei
1065 1055 1163 1120 signum
1192 1061 1238 1108 est.
1264 1063 1350 1124 Neque
1370 1063 1434 1113 enim
1456 1065 1482 1114 iri
1510 1068 1648 1132 principatu
1667 1075 1712 1122 aut

924 1133 1006 1182 virtus
1027 1135 1078 1194 est,
1103 1140 1147 1186 aut
1172 1149 1242 1186 mens
1260 1151 1319 1189 sana
1347 1141 1463 1201 maxime,
1482 1158 1497 1192 a
1516 1145 1609 1215 quibus
1625 1149 1708 1212 probis

923 1213 1033 1263 muneris
1065 1210 1203 1266 functiones
1229 1219 1425 1281 proficiscuntur.
1449 1226 1535 1288 Neque
1558 1227 1617 1290 quio
1648 1229 1709 1279 libe-

923 1293 1001 1343 ralem
1025 1295 1050 1342 st
1066 1305 1155 1356 puram
1180 1296 1334 1362 voluptatem
1353 1302 1453 1351 omnino
1475 1317 1602 1368 nunquam
1624 1311 1711 1370 gusta-

923 1375 989 1430 runt,
1009 1385 1038 1420 ac
1054 1375 1184 1436 propterea
1213 1375 1244 1426 ad
1265 1379 1375 1443 corporis
1396 1381 1538 1446 voluptates
1556 1384 1709 1450 confugiunt,

924 1451 1016 1502 idcirco
1026 1457 1217 1505 consentaneum
1229 1461 1268 1508 est
1278 1473 1323 1508 nos
1333 1461 1476 1512 existimare
1487 1464 1533 1514 lias
1548 1465 1643 1531 iisquio
1652 1482 1711 1518 vere

923 1536 982 1582 sunt
1004 1533 1145 1597 voluptates
1169 1536 1328 1599 optabiliores
1343 1553 1405 1590 esse.
1429 1545 1492 1592 llam
1516 1547 1541 1594 et
1567 1546 1639 1608 pueri
1653 1561 1710 1612 quaa

923 1612 989 1676 apud
1016 1613 1083 1676 ipsos
1106 1613 1132 1664 in
1155 1614 1249 1666 honore
1281 1622 1307 1668 et
1333 1621 1413 1684 pretio
1443 1625 1516 1682 suut,
1543 1628 1633 1688 putent
1656 1642 1710 1678 esse

922 1693 1015 1756 optima
1031 1711 1037 1741 :
1053 1699 1079 1744 at
1101 1707 1181 1760 neque
1201 1697 1263 1748 viris
1276 1713 1305 1748 ea
1320 1713 1378 1764 quaa
1398 1714 1533 1764 puerorum
1551 1707 1609 1753 sunt
1628 1707 1708 1770 magni

927 1772 1000 1836 pretii
1014 1787 1068 1824 esse
1078 1774 1202 1836 ridentur,
1215 1792 1295 1842 neque
1307 1779 1353 1830 viri
1363 1779 1421 1830 boni
1431 1781 1516 1832 eadem
1526 1797 1584 1847 quaa
1598 1785 1709 1836 homiues

922 1853 981 1903 meli
1000 1852 1191 1906 admirabuntur
1210 1875 1215 1906 :
1233 1858 1294 1908 alios
1309 1859 1402 1924 quippe
1416 1859 1486 1910 dictu
1509 1863 1627 1926 speciosa,
1648 1865 1710 1916 alios

922 1945 980 1983 vera
998 1935 1113 1998 voluptas
1128 1935 1237 1986 maxime
1254 1937 1396 1988 delectabit.

126 1991 281 2072 *Καθάπερ
291 1983 336 2052 οὐν
347 1993 374 2052 έν
385 1995 456 2072 ἀρχῇ
468 1991 581 2074 εἴρηται,
589 1991 622 2052 sii
634 1995 669 2060 ὥς
681 1996 785 2065 ἀληθῶς
797 1993 871 2072 τίμια
953 2013 1169 2072 Quemadmodum
1192 2017 1268 2080 igitur
1287 2017 1312 2067 in
1339 2019 1460 2086 principio
1471 2087 1473 2090 Ι
1485 2023 1582 2074 dictum
1607 2027 1658 2080 est,
1679 2041 1709 2077 eo

86 2082 131 2141 καί
147 2081 281 2142 σπουδαῖά
311 2083 399 2158 ἐστιν,
424 2080 442 2140 θ
463 2081 606 2159 θαυμάζει,
632 2083 677 2142 καὶ
702 2073 739 2151 οἷς
753 2083 873 2156 ῆδεεαιθ
920 2100 1050 2149 suotvere
1067 2099 1149 2163 magni
1165 2099 1396 2164 pretiietlionesta,
1411 2118 1468 2168 que
1487 2105 1594 2155 miratur
1603 2107 1709 2170 quibus-

86 2171 234 2237 σπουδαῖος.
248 2171 327 2232 Ἐπεί
349 2169 377 2229 δὲ
394 2169 551 2237 ἀκολούθους
572 2173 629 2239 ταῖς
643 2171 710 2239 έξεσι
726 2180 782 2239 ταῖς
799 2175 824 2233 ἐν
839 2179 872 2255 τῇ
918 2193 968 2244 que
992 2180 1130 2232 delectatur
1155 2181 1194 2231 vir
1217 2181 1318 2244 probus.
1343 2185 1467 2241 Quoniam
1491 2201 1551 2236 vero
1577 2189 1709 2253 unusquis·

85 2261 158 2340 ψυχῇ
175 2259 221 2319 καί
236 2259 284 2327 τὰς
300 2259 430 2342 ἐνεργείας
443 2259 552 2326 ἕκαστος
569 2262 703 2332 ἐπιζητεῖ,
716 2261 760 2320 καὶ
775 2262 872 2332 ταύτας
920 2275 970 2328 que
990 2263 1065 2313 etiam
1081 2261 1219 2314 lunationes
1241 2263 1316 2314 animi
1331 2265 1370 2314 sui
1391 2267 1516 2318 habitibus
1532 2273 1708 2322 consentaneas

85 2345 168 2406 οἴεται
190 2347 308 2424 μάλιστα
334 2347 512 2426 αἱρετωτάεας
533 2336 616 2422 εἶναι,
640 2351 654 2406 θ
678 2347 705 2406 δὲ
731 2351 871 2419 σπουδαῖος
919 2345 1037 2411 re‘iustiti
1067 2359 1158 2412 eisque
1187 2349 1296 2398 ῐθὸῑίῐθθ
1320 2349 1471 2413 exPilfflldls
1493 2365 1548 2402 0⁸⁵⁰
1570 2353 1705 2416 θῐῖθῑῑῐθθῑ.

85 2436 154 2494 κατὰ
166 2439 215 2506 τὴ,
227 2436 278 2506 {fio
293 2441 339 2507 ,ἧς
350 2440 444 2516 ,γρηῆς
460 2440 508 2511 γῆ,
524 2435 653 2518 ,Μερόῃ
670 2434 710 2496 &a
726 2449 782 2506 ταῖς
797 2442 872 2520 {vsp—
920 2430 958 2478 vir
978 2431 1070 2494 probus
1101 2433 1185 2481 autem
1210 2431 1346 2482 secumdum
1368 2432 1469 2483 virtutis
1493 2433 1606 2484 habitum
1628 2436 1704 2496 vivit,

84 2525 167 2603 lsst'ffti
195 2525 340 2598 mmm
362 2533 418 2592 ταῖς
434 2501 503 2584 mg&
517 2524 564 2596 ,ἦν
580 2525 690 2606 ,γρεμχχ
710 2527 754 2584 καὶ
776 2529 873 2598 ,αγως
915 2511 1077 2564 manifestum
1090 2515 1140 2576 est,
1152 2515 1264 2566 honestis
1278 2518 1416 2570 actionibus
1430 2532 1489 2569 eum
1501 2517 1633 2582 delectari,
1647 2533 1702 2572 eas·

84 2614 173 2689 τιμίας
190 2613 320 2693 χώεται
335 2611 380 2671 καὶ
395 2613 497 2684 mm,
513 2615 564 2672 τῶν
582 2613 609 2672 δὲ
627 2616 741 2674 παιδιῶν
773 2620 808 2684 5³<
823 2619 870 2676 ἀλ·
915 2606 965 2656 que
981 2593 1062 2658 magni
1079 2595 1152 2659 pretii
1168 2599 1193 2647 et
1206 2596 1329 2660 jucundos
1346 2612 1399 2649 esse
1417 2601 1540 2660 statuere,
1555 2599 1627 2649 ludos
1642 2615 1702 2652 rere

84 2699 196 2781 ,πρίων
209 2657 256 2775 1³1¹<
266 2700 357 2774 ἕξεως,
369 2701 577 2782 καταφρονήσει.
599 2701 678 2762 ,Επεὶ
694 2702 720 2760 δὲ
733 2660 814 2782 δ’ρθῶς
827 2705 871 2764 καὶ
913 2677 1044 2742 iocosque,
1064 2681 1183 2742 tanquam
1204 2680 1237 2731 ab
1257 2681 1342 2730 liabitu
1360 2696 1405 2732 suo
1423 2682 1516 2732 alienos
1534 2685 1698 2734 contemnere.

129 2793 145 2806 Ν
188 2781 203 2814 ε
446 2794 453 2814 ,.
495 2791 507 2814 ,
576 2789 584 2810 .
780 2791 788 2814 ,
833 2795 869 2822 ,,
915 2763 998 2820 Quum
1014 2764 1097 2812 autem
1118 2766 1185 2812 recte
1202 2767 1228 2813 et
1246 2763 1387 2828 incorrupte
1405 2764 1445 2814 liic
1459 2763 1568 2826 judicet,
1588 2763 1702 2827 sequitur

84 2794 161 2866 ῦγιως
174 2813 247 2856 ουτος
260 2789 474 2870 ψηφίζεται,ουκ
491 2814 542 2870 αροι
558 2813 644 2866 τιμιον
661 2795 678 2862 ἡ
694 2793 860 2906 παιδια,ουδ
913 2859 963 2896 non
983 2845 1063 2906 magni
1084 2844 1157 2908 prem
1178 2857 1233 2896 οδω
1253 2845 1340 2896 ludum
1362 2849 1389 2897 et
1407 2859 1507 2910 locum,
1527 2845 1632 2909 ideoque
1654 2859 1702 2894 nou

83 2877 100 2934 ἀ
119 2904 136 2938 α
152 2880 179 2938 έν
195 2883 260 2958 αὐτῇ
284 2883 301 2950 ἡ
323 2879 485 2956 εὐδαιμονία.
508 2879 562 2940 Καί
583 2878 634 2962 γάρ
652 2879 748 2940 ἀτοπον
764 2883 871 2940 παιδιαν

82 2901 150 3026 είύαι
164 2972 217 3028 τῶν
234 2966 404 3048 ἀνθρωπίνων
420 2968 450 3028 τὸ
471 2967 558 3041 τέλος,
574 2969 618 3027 καὶ
635 2968 722 3028 πάντα
742 2993 871 3050 πραγμα-

81 3057 220 3130 τεύεσθαι,
237 3057 282 3117 καί
293 3061 452 3118 κακοπαθεῖν
466 3057 509 3118 δεδι
526 3059 582 3139 βίου
598 3065 642 3120 τοῦ
660 3057 762 3129 πἀίζειν
778 3061 866 3140 χάριν.

82 3150 115 3207 Εἰ
135 3149 187 3228 γάρ
206 3171 245 3214 τις
268 3147 389 3207 ῦπόθοιτο
410 3148 508 3220 ταύτην
534 3138 662 3221 εἶναιτὴν
681 3148 868 3226 εὐδαιμονίαν,

82 3234 222 3295 ἀκόλουθόν
249 3238 305 3294 ἐστι
326 3235 467 3296 καὶταῦτα
496 3236 528 3310 δὴ
556 3239 715 3318 συγχωρεῖν.
737 3240 794 3306 Τῆς
817 3237 868 3316 γάρ

81 3325 249 3402 εὐδαιμονίας
276 3323 353 3384 ἕνεκα
370 3326 457 3384 πάντα
483 3329 631 3402 ζητοῦμεν·
659 3330 706 3396 τῆς
722 3328 828 3395 παιδιᾶς
843 3329 869 3388 δὲ

919 2927 1052 2978 consistere
1071 2927 1098 2976 io
1122 2940 1151 2976 eo
1165 2925 1353 2976 beatitudinem.
1372 2927 1470 2976 Etenim
1486 2927 1623 2978 absurdum
1640 2931 1706 2979 esset

919 3026 1003 3062 rerum
1021 3011 1188 3062 humanarum
1198 3010 1271 3060 duem
1284 3023 1339 3060 esse
1348 3011 1441 3074 jocum,
1458 3011 1590 3074 omniaque
1608 3013 1705 3075 negotia

917 3107 1000 3158 gerere
1023 3095 1050 3143 et
1069 3092 1189 3142 molestiis
1206 3095 1260 3141 loto
1277 3091 1337 3140 vitae
1356 3092 1436 3155 spolio
1452 3093 1501 3156 joci
1524 3107 1599 3142 causa
1618 3093 1703 3142 contii-

919 3177 989 3228 otari.
1013 3176 1040 3228 Si
1062 3177 1120 3242 quis
1143 3177 1209 3227 enim
1226 3177 1291 3226 hauc
1311 3190 1365 3226 esse
1391 3175 1570 3226 incertitudinem
1592 3179 1703 3238 censeat,

919 3275 1072 3326 consequens
1086 3261 1141 3320 erit,
1155 3261 1248 3311 utbaoc
1259 3259 1334 3310 etiam
1344 3259 1474 3309 concedat.
1488 3259 1611 3308 Nimirum
1624 3259 1704 3310 beati·

919 3347 1014 3396 tudinis
1037 3361 1112 3397 rausa
1130 3348 1212 3396 omnia
1227 3345 1358 3411 petimus:
1382 3347 1460 3395 tetam
1481 3345 1559 3396 vitam
1576 3348 1661 3396 autem
1679 3347 1705 3396 in

81 3417 160 3493 χάριν
176 3421 265 3472 πονεῖν
279 3414 321 3473 διὰ
334 3413 390 3492 βίου
405 3415 449 3472 καὶ
461 3414 616 3484 σπουδάζειν
628 3460 636 3486 ,
650 3413 750 3486 ἠλίθιόν
765 3441 790 3472 τι
801 3415 872 3474 δοκεῖ
919 3430 1045 3482 laboribus
1055 3435 1080 3481 et
1094 3431 1168 3480 rebus
1189 3429 1260 3480 seriis
1274 3429 1377 3480 ludendi
1388 3431 1413 3479 et
1426 3428 1525 3495 jocandi
1537 3444 1612 3480 causa
1623 3433 1704 3482 eonte-

82 3503 141 3560 λίαν
157 3492 240 3578 εἶναι,
262 3502 307 3561 καί
323 3509 399 3562 τοῦτο
411 3504 442 3574 δὴ
459 3505 592 3566 παιδικόν.
619 3509 658 3566 Τὸ
673 3507 804 3564 ἀνάπαλιν
823 3506 869 3583 μέν
919 3529 987 3573 rere,
1018 3516 1093 3566 nimis
1120 3517 1226 3566 stultum
1253 3515 1354 3564 ridetur
1383 3529 1437 3565 esse
1468 3519 1494 3564 et
1519 3529 1577 3565 sane
1600 3517 1702 3579 puerile.

81 3583 124 3651 οὐν
143 3591 221 3650 ἕνεκα
247 3596 292 3648 τοῦ
320 3590 446 3649 δύνασθαι
469 3593 624 3662 σπουδάζειν
651 3595 784 3674 αἱρεῖσθαι
809 3597 870 3656 παέ·
918 3602 1010 3653 Contra
1033 3614 1092 3650 vero
1109 3601 1136 3648 ut
1158 3613 1198 3649 res
1215 3599 1292 3648 serias
1315 3613 1386 3663 agere
1405 3597 1497 3662 possis,
1516 3597 1602 3648 ludere
1625 3599 1702 3660 velle,

81 3683 151 3748 ζ,,,ε
167 3681 228 3738 κατ’
245 3676 419 3758 Ἀνάχαρσιν,
436 3681 524 3748 καλῶς
536 3679 582 3739 καὶ
597 3684 677 3759 ὀρθῶς
687 3681 718 3740 ἀν
735 3682 802 3762 έχοι.
817 3685 871 3745 Καὶ
915 3687 986 3750 justa
1003 3683 1199 3734 Anacharcbidis
1218 3685 1381 3746 preceptum,
1399 3681 1491 3732 bonum
1511 3684 1536 3731 et
1547 3681 1704 3745 probandum

80 3771 132 3850 γὰρ
148 3766 297 3842 ἀνάπαυσίς
310 3791 349 3834 τις
361 3771 378 3838 ἡ
390 3769 485 3828 παιδιδι
500 3770 552 3834 τοῖς
563 3770 778 3846 ἀγωνιζομένοις,
795 3795 870 3831 συνε-

80 3863 134 3938 χῶς
149 3861 179 3916 οὐ
196 3855 348 3934 δυναμένοις
362 3861 465 3931 πονεῖν,
478 3859 496 3931 ἢ
510 3857 558 3928 τὴν
570 3857 679 3934 δύναμιν
696 3859 783 3927 αὐτοῖς
801 3862 868 3917 ἀνα·

81 3946 252 4026 καλουμένη,
273 3949 327 4013 τοῖς
346 3944 434 4014 πόνοις
457 3949 579 4024 ἀκμῆτας
602 3947 771 4006 ἀποδίδωσιν.
787 3945 869 4010 Ὅθεν

81 4039 110 4095 οὐ
126 4037 202 4104 τέλος
215 4039 233 4107 ἡ
247 4035 395 4103 ἀνάπαυσις
414 4037 474 4095 ἀλλ’
497 4035 669 4103 ἀναπαύσεως
692 4035 808 4116 ἐνέργεια
824 4039 868 4096 τέ-

80 4127 135 4193 λος.
146 4124 209 4186 'Eae
218 4169 226 4198 ,
236 4133 318 4183 πᾶσιν
338 4125 505 4202 ὁμολογεῖται
515 4123 559 4182 τὸν
573 4123 715 4200 εὐδαίμονα
732 4125 788 4204 βίον
801 4127 870 4186 κατὰ

80 4211 126 4284 τλν
139 4212 235 4293 ἀρετὴν
253 4205 333 4272 εἶναι·
348 4203 421 4280 οὗτος
436 4211 463 4271 δὲ
476 4212 543 4292 μετά
559 4215 690 4284 σπουδῆς·
704 4216 749 4274 καί
760 4219 773 4274 θ
784 4239 867 4276 σπου-

918 3771 965 3816 esl.
986 3765 1085 3815 Etenim
1110 3764 1209 3828 requies
1225 3762 1342 3828 quaedam
1359 3761 1434 3812 ludus
1451 3764 1489 3812 est
1501 3761 1583 3810 antino
1602 3766 1704 3812 eonten-

917 3849 1043 3908 deotibus‚
1058 3847 1101 3911 qui
1114 3847 1222 3898 assiduis
1238 3847 1364 3896 laboribus
1376 3857 1447 3908 pares
1461 3857 1515 3892 esse
1530 3857 1578 3892 non
1590 3848 1701 3907 possunt,

918 3929 1050 3982 etidcirco
1068 3931 1134 3980 vires
1150 3929 1200 3978 illis
1215 3927 1333 3986 restituit,
1350 3929 1375 3976 et
1387 3923 1522 3975 indefessos
1532 3923 1620 3975 iisdem
1632 3926 1702 3976 labo-

917 4019 987 4069 ribus
1015 4013 1105 4066 reddit.
1124 4011 1291 4071 Quamobrem
1315 4023 1364 4060 non
1395 4009 1450 4058 linis
1472 4011 1510 4059 est
1529 4006 1636 4072 requies,
1659 4008 1703 4059 sed

917 4103 1036 4168 requietis
1049 4099 1104 4150 linis
1116 4101 1154 4148 est
1166 4095 1269 4146 iunctio.
1284 4097 1408 4144 Praeterea
1420 4095 1517 4143 constat
1535 4093 1600 4142 iuter
1608 4107 1701 4152 omnes,

917 4189 995 4238 vitam
1010 4187 1109 4238 beatam
1125 4199 1178 4236 esse
1192 4183 1321 4234 honestam
1340 4183 1366 4231 et
1381 4182 1491 4230 sanctam
1507 4196 1513 4227 ε
1537 4177 1601 4228 seria
1619 4181 1702 4228 autem

916 4273 954 4321 est
968 4271 1029 4330 bac,
1053 4283 1134 4335 neque
1148 4268 1186 4319 vir
1206 4267 1299 4332 probus
1315 4268 1352 4316 est
1373 4264 1446 4328 talis,
1460 4263 1702 4328 quatenusjocatur‚

80 4303 151 4371 δαῖος
166 4305 197 4362 Οὐ
207 4302 323 4376 mstmv’
340 4301 410 4362 ἀλλὰ
423 4303 588 4409 σπουὲάζων’
602 4301 699 4364 'Eum
713 4304 808 4383 βελτίω
824 4305 867 4366 λέ’
916 4355 960 4410 sed
969 4357 1094 4422 quatenus
1104 4367 1145 4404 res
1155 4353 1232 4402 serias
1243 4350 1302 4415 agit.
1320 4351 1424 4414 insuper
1439 4347 1555 4398 meliores
1570 4362 1624 4399 esse
1639 4347 1703 4399 dici-

79 4415 160 4469 γομεν
177 4383 245 4450 εἶναι
263 4389 297 4448 τὰ
313 4392 447 4500 ww
471 4415 524 4450 των
539 4389 615 4502 ,μετὰ
640 4394 748 4460 mm<
767 4393 812 4503 καί
827 4418 868 4473 γε’
915 4453 972 4491 mus
986 4452 1026 4489 res
1038 4437 1115 4488 serias
1133 4434 1225 4500 jocosis
1235 4437 1261 4484 et
1276 4431 1407 4484 ridiculis:
1425 4431 1486 4496 quiri
1504 4431 1579 4481 etiam
1593 4430 1703 4481 melioris

80 4481 173 4538 λθῖωψ
189 4478 237 4539 καί
257 4483 306 4552 τὴν
322 4481 454 4558 ἐπρίω
473 4481 601 4559 βελτίονος
618 4485 761 4568 τηίζυίῆ(
777 4505 870 4562 μείους
916 4521 992 4572 animi
1002 4521 1083 4585 partis
1093 4518 1245 4570 functionem
1256 4517 1364 4567 maxima
1375 4513 1467 4565 seriam
1482 4527 1600 4564 remmus
1614 4528 1619 4560 ε
1634 4513 1703 4578 (μισεῖ

81 4567 403 4650 σπουδαίπάῗθνθαμέψ
423 4568 453 4628 τὸ
475 4568 502 4626 δὲ
520 4567 621 4650 βέλτιον
638 4569 682 4628 καὶ
698 4575 745 4629 ³⁰3
762 4572 869 4651 βεθτὼ·
915 4619 975 4656 νοεο
997 4605 1088 4656 melius
1101 4606 1127 4655 et
1145 4603 1255 4654 melioris
1276 4607 1315 4653 est
1337 4600 1430 4666 partis,
1455 4597 1605 4648 beatitudini
1623 4599 1704 4663 magis

80 4682 121 4726 νο(
132 4659 226 4739 μέρους
241 4661 342 4736 μᾶλλον
353 4662 387 4738 τῇ
400 4659 554 4740 εὗδαῑμθνίθ
564 4658 704 4740 '‘limiti“
717 4657 780 4722 Ἔτι
792 4665 807 4732 i
821 4661 868 4738 pti
915 4689 1039 4740 convenit.
1061 4690 1186 4738 Preterea
1211 4687 1321 4752 eorporis
1338 4685 1495 4749 voluptatum
1522 4682 1619 4732 tructus
1638 4695 1703 4732 eom·

82 4749 227 4815 ἅπόθαυσῑς
241 4751 293 4807 τῶν
305 4749 464 4826 ῦωμαϊῑχῶν
480 4749 579 4818 θδῡθῶν
593 4748 666 4821 >wilti
685 4749 867 4818 g⁰1ttttl⁸210ffi
916 4775 999 4826 munis
1017 4779 1072 4824 tum
1087 4772 1162 4838 plebi,
1174 4775 1230 4823 tum
1241 4771 1314 4822 malis
1329 4769 1478 4826 bominibus¹
1492 4771 1547 4817 tum
1563 4767 1700 4831 mancipiis,

80 4842 208 4917 τυχοῦσι,
221 4836 267 4896 καὶ
282 4844 336 4905 τοῖς
349 4835 477 4917 φαύλοις,
491 4836 537 4895 καὶ
552 4836 740 4918 ἀνδραπόδοις,
757 4837 867 4904 καὶτοῖς
913 4871 994 4924 neque
1017 4855 1100 4906 minus
1124 4855 1283 4921 nequissimis
1308 4851 1450 4904 hominibus
1469 4850 1547 4908 inssi,
1571 4861 1649 4914 quam
1673 4863 1702 4897 0-

82 4924 401 5005 μοχθηρῡτᾶτῡῑςὲνῑῦτῑν
417 4926 468 5005 asp
482 4915 577 4999 basau,
595 4923 612 4996 ἢ
635 4936 688 4995 τοῖς
704 4925 818 5002 ἀρίστοις
831 4931 866 4997 ’ἡ
913 4943 999 5006 ptimis
1020 4960 1028 4991 ι
1045 4943 1071 4990 at
1090 4939 1218 4994 beatitudo
1238 4939 1388 5002 optimorum
1405 4939 1503 4986 tantum
1527 4932 1621 4983 dicitur
1637 4945 1699 4991 esse,

81 5013 109 5074 δὲ
125 5015 279 5093 εὐδαιμονία
294 5019 346 5075 τῶν
357 5013 471 5094 ἀρίστων
483 5013 591 5094 λέγεται
608 5015 702 5092 μόνον,
723 5015 773 5079 καὶ
785 5013 867 5083 οὐδεὶς
912 5039 993 5091 neque
1003 5023 1137 5090 quisquam
1148 5038 1203 5075 eam
1213 5023 1286 5073 malis
1298 5021 1375 5073 etiam
1386 5018 1528 5070 bominibus
1539 5017 1619 5067 inesse
1632 5014 1701 5066 auo-

85 5157 1699 5184 mm*

113 5255 127 5282 *
139 5253 254 5320 Καθάπερ
268 5253 310 5305 οὖν
324 5253 438 5310 πολλάκις
449 5254 543 5320 εἴρηται
556 5254 608 5302 κτλ.
