<?xml version="1.0" encoding="UTF-8"?>
<!DOCTYPE html PUBLIC "-//W3C//DTD XHTML 1.0 Transitional//EN"
    "http://www.w3.org/TR/xhtml1/DTD/xhtml1-transitional.dtd">
<html xmlns="http://www.w3.org/1999/xhtml" xml:lang="en" lang="en">
 <head>
  <title>
</title>
<meta http-equiv="Content-Type" content="text/html;charset=utf-8" />
  <meta name='ocr-system' content='tesseract 3.04.00' />
  <meta name='ocr-capabilities' content='ocr_page ocr_carea ocr_par ocr_line ocrx_word'/>
</head>
<body>
  <div class='ocr_page' id='page_1' title='image "./fragmentaphilos01mullgoog/fragmentaphilos01mullgoog_0055.png"; bbox 0 0 4020 5950; ppageno 0'>
   <div class='ocr_carea' id='block_1_1' title="bbox 241 453 1149 522">
    <p class='ocr_par' dir='ltr' id='par_1_1' title="bbox 241 453 1149 522">
     <span class='ocr_line' id='line_1_1' title="bbox 241 453 1149 522; baseline -0.009 0"><span class='ocrx_word' id='word_1_1' title='bbox 241 457 283 522; x_wconf 79' lang='grc' dir='ltr'>ύδ</span> <span class='ocrx_word' id='word_1_2' title='bbox 944 453 1149 518; x_wconf 77' lang='lat' dir='ltr'><strong>samusm.</strong></span> 
     </span>
    </p>
   </div>
   <div class='ocr_carea' id='block_1_2' title="bbox 185 581 1903 3498">
    <p class='ocr_par' dir='ltr' id='par_1_2' title="bbox 185 581 1903 3409">
     <span class='ocr_line' id='line_1_2' title="bbox 235 581 1849 673; baseline 0 -19"><span class='ocrx_word' id='word_1_3' title='bbox 235 587 326 666; x_wconf 77' lang='grc' dir='ltr'>δδτλν</span> <span class='ocrx_word' id='word_1_4' title='bbox 344 591 453 673; x_wconf 74' lang='grc' dir='ltr'>ψυχήν]</span> <span class='ocrx_word' id='word_1_5' title='bbox 466 590 646 652; x_wconf 81' lang='lat' dir='ltr'><strong>lamblichus</strong></span> <span class='ocrx_word' id='word_1_6' title='bbox 663 592 756 668; x_wconf 82' lang='lat' dir='ltr'><strong>Segm.</strong></span> <span class='ocrx_word' id='word_1_7' title='bbox 770 590 793 649; x_wconf 91' lang='lat' dir='ltr'>V</span> <span class='ocrx_word' id='word_1_8' title='bbox 808 611 873 670; x_wconf 86' lang='lat' dir='ltr'><strong>cap.</strong></span> <span class='ocrx_word' id='word_1_9' title='bbox 893 613 925 650; x_wconf 87' lang='grc' dir='ltr'>ιι</span> <span class='ocrx_word' id='word_1_10' title='bbox 943 589 1016 672; x_wconf 76' lang='grc' dir='ltr'>ψυχὴ</span> <span class='ocrx_word' id='word_1_11' title='bbox 1071 581 1147 663; x_wconf 59' lang='lat' dir='ltr'>lari</span> <span class='ocrx_word' id='word_1_12' title='bbox 1167 587 1282 668; x_wconf 69' lang='grc' dir='ltr'>τάττσνς</span> <span class='ocrx_word' id='word_1_13' title='bbox 1305 589 1391 651; x_wconf 88' lang='grc' dir='ltr'>Πόθεν</span> <span class='ocrx_word' id='word_1_14' title='bbox 1406 589 1434 649; x_wconf 72' lang='grc' dir='ltr'>δὲ</span> <span class='ocrx_word' id='word_1_15' title='bbox 1449 590 1479 649; x_wconf 82' lang='grc' dir='ltr'>τὸ</span> <span class='ocrx_word' id='word_1_16' title='bbox 1500 589 1587 650; x_wconf 79' lang='grc' dir='ltr'>πάντα</span> <span class='ocrx_word' id='word_1_17' title='bbox 1605 589 1673 658; x_wconf 86' lang='grc' dir='ltr'>τινδς</span> <span class='ocrx_word' id='word_1_18' title='bbox 1688 591 1764 653; x_wconf 77' lang='grc' dir='ltr'>δνεκα</span> <span class='ocrx_word' id='word_1_19' title='bbox 1779 599 1849 673; x_wconf 88' lang='grc' dir='ltr'>γίνε-</span> 
     </span>
     <span class='ocr_line' id='line_1_3' title="bbox 185 668 1848 762; baseline 0.002 -22"><span class='ocrx_word' id='word_1_20' title='bbox 185 695 188 704; x_wconf 70' lang='lat'><strong>⁴</strong></span> <span class='ocrx_word' id='word_1_21' title='bbox 235 679 288 742; x_wconf 83' lang='grc' dir='ltr'>ἀπθ</span> <span class='ocrx_word' id='word_1_22' title='bbox 301 684 347 742; x_wconf 74' lang='grc' dir='ltr'>νοῦ</span> <span class='ocrx_word' id='word_1_23' title='bbox 360 678 772 760; x_wconf 60' lang='grc' dir='ltr'>τελιιοῦται.-θώσπερῆλιος</span> <span class='ocrx_word' id='word_1_24' title='bbox 787 679 924 762; x_wconf 73' lang='grc' dir='ltr'>τάςύψεις]</span> <span class='ocrx_word' id='word_1_25' title='bbox 940 680 1019 740; x_wconf 80' lang='grc' dir='ltr'>Μοιι·</span> <span class='ocrx_word' id='word_1_26' title='bbox 1067 681 1142 752; x_wconf 90' lang='grc' dir='ltr'>σθαι,</span> <span class='ocrx_word' id='word_1_27' title='bbox 1156 668 1209 736; x_wconf 81' lang='grc' dir='ltr'>οἷον</span> <span class='ocrx_word' id='word_1_28' title='bbox 1224 677 1319 758; x_wconf 89' lang='grc' dir='ltr'>ἀλογον</span> <span class='ocrx_word' id='word_1_29' title='bbox 1332 675 1380 758; x_wconf 64' lang='grc' dir='ltr'>μὲν</span> <span class='ocrx_word' id='word_1_30' title='bbox 1391 678 1496 760; x_wconf 78' lang='grc' dir='ltr'>ψυχήν,</span> <span class='ocrx_word' id='word_1_31' title='bbox 1510 675 1555 737; x_wconf 79' lang='grc' dir='ltr'>ἵνα</span> <span class='ocrx_word' id='word_1_32' title='bbox 1567 671 1848 762; x_wconf 69' lang='grc' dir='ltr'>αίσθησιςῇ·λαγικὴν</span> 
     </span>
     <span class='ocr_line' id='line_1_4' title="bbox 235 763 1849 851; baseline -0.002 -19"><span class='ocrx_word' id='word_1_33' title='bbox 235 771 273 832; x_wconf 83' lang='lat' dir='ltr'><strong>tis</strong></span> <span class='ocrx_word' id='word_1_34' title='bbox 287 791 352 832; x_wconf 88' lang='lat' dir='ltr'><strong>curn</strong></span> <span class='ocrx_word' id='word_1_35' title='bbox 368 773 430 832; x_wconf 83' lang='lat' dir='ltr'><strong>sole</strong></span> <span class='ocrx_word' id='word_1_36' title='bbox 450 769 632 848; x_wconf 85' lang='lat' dir='ltr'><strong>comparatio</strong></span> <span class='ocrx_word' id='word_1_37' title='bbox 647 771 717 830; x_wconf 83' lang='lat' dir='ltr'><strong>satis</strong></span> <span class='ocrx_word' id='word_1_38' title='bbox 734 771 880 849; x_wconf 83' lang='lat' dir='ltr'><strong>frequens.</strong></span> <span class='ocrx_word' id='word_1_39' title='bbox 896 769 1018 828; x_wconf 87' lang='lat' dir='ltr'><strong>Proclus</strong></span> <span class='ocrx_word' id='word_1_40' title='bbox 1067 765 1094 824; x_wconf 79' lang='grc' dir='ltr'>θλ</span> <span class='ocrx_word' id='word_1_41' title='bbox 1108 763 1152 825; x_wconf 88' lang='grc' dir='ltr'>ίνα</span> <span class='ocrx_word' id='word_1_42' title='bbox 1167 769 1302 844; x_wconf 81' lang='grc' dir='ltr'>κοσμῆται</span> <span class='ocrx_word' id='word_1_43' title='bbox 1316 770 1333 839; x_wconf 84' lang='grc' dir='ltr'>ἡ</span> <span class='ocrx_word' id='word_1_44' title='bbox 1348 769 1398 846; x_wconf 76' lang='grc' dir='ltr'>γῆς</span> <span class='ocrx_word' id='word_1_45' title='bbox 1410 765 1491 828; x_wconf 84' lang='grc' dir='ltr'>Ἔστι</span> <span class='ocrx_word' id='word_1_46' title='bbox 1507 765 1534 826; x_wconf 83' lang='lat' dir='ltr'><strong>a</strong></span> <span class='ocrx_word' id='word_1_47' title='bbox 1550 767 1596 827; x_wconf 82' lang='grc' dir='ltr'>καί</span> <span class='ocrx_word' id='word_1_48' title='bbox 1616 769 1647 827; x_wconf 69' lang='grc' dir='ltr'>ἐκ</span> <span class='ocrx_word' id='word_1_49' title='bbox 1660 772 1707 842; x_wconf 81' lang='grc' dir='ltr'>τῆς</span> <span class='ocrx_word' id='word_1_50' title='bbox 1723 770 1782 851; x_wconf 75' lang='grc' dir='ltr'>περὶ</span> <span class='ocrx_word' id='word_1_51' title='bbox 1801 769 1849 843; x_wconf 79' lang='grc' dir='ltr'>τὴν</span> 
     </span>
     <span class='ocr_line' id='line_1_5' title="bbox 235 851 1840 940; baseline 0.001 -24"><span class='ocrx_word' id='word_1_52' title='bbox 235 857 267 916; x_wconf 90' lang='lat' dir='ltr'>in</span> <span class='ocrx_word' id='word_1_53' title='bbox 282 858 360 918; x_wconf 81' lang='lat' dir='ltr'><strong>&#39;l&#39;im.</strong></span> <span class='ocrx_word' id='word_1_54' title='bbox 381 857 434 916; x_wconf 94' lang='lat' dir='ltr'><strong>lib.</strong></span> <span class='ocrx_word' id='word_1_55' title='bbox 458 857 501 916; x_wconf 94' lang='lat' dir='ltr'>lll</span> <span class='ocrx_word' id='word_1_56' title='bbox 529 879 559 938; x_wconf 89' lang='lat' dir='ltr'>p.</span> <span class='ocrx_word' id='word_1_57' title='bbox 588 859 641 916; x_wconf 79' lang='lat'>183</span> <span class='ocrx_word' id='word_1_58' title='bbox 667 859 793 936; x_wconf 77' lang='grc' dir='ltr'>ἀνάλογον</span> <span class='ocrx_word' id='word_1_59' title='bbox 811 857 862 938; x_wconf 80' lang='grc' dir='ltr'>γδρ</span> <span class='ocrx_word' id='word_1_60' title='bbox 882 855 948 937; x_wconf 80' lang='grc' dir='ltr'>ἡλίῳ</span> <span class='ocrx_word' id='word_1_61' title='bbox 969 855 1017 934; x_wconf 76' lang='grc' dir='ltr'>μίν</span> <span class='ocrx_word' id='word_1_62' title='bbox 1066 853 1142 936; x_wconf 79' lang='grc' dir='ltr'>φύσιν</span> <span class='ocrx_word' id='word_1_63' title='bbox 1157 853 1279 935; x_wconf 88' lang='grc' dir='ltr'>προνοίας</span> <span class='ocrx_word' id='word_1_64' title='bbox 1294 857 1370 938; x_wconf 79' lang='grc' dir='ltr'>ἰδεῖν.</span> <span class='ocrx_word' id='word_1_65' title='bbox 1386 853 1430 916; x_wconf 65' lang='lat' dir='ltr'>T&amp;</span> <span class='ocrx_word' id='word_1_66' title='bbox 1445 851 1556 935; x_wconf 77' lang='grc' dir='ltr'>μδνγάρ</span> <span class='ocrx_word' id='word_1_67' title='bbox 1571 854 1682 934; x_wconf 75' lang='grc' dir='ltr'>ὄμματα</span> <span class='ocrx_word' id='word_1_68' title='bbox 1698 857 1840 940; x_wconf 61' lang='grc' dir='ltr'>διαρανῆθ</span> 
     </span>
     <span class='ocr_line' id='line_1_6' title="bbox 236 941 1849 1028; baseline 0 -22"><span class='ocrx_word' id='word_1_69' title='bbox 236 949 308 1024; x_wconf 76' lang='grc' dir='ltr'>νοῦς,</span> <span class='ocrx_word' id='word_1_70' title='bbox 322 949 360 1026; x_wconf 81' lang='grc' dir='ltr'>τῷ</span> <span class='ocrx_word' id='word_1_71' title='bbox 379 945 425 1028; x_wconf 85' lang='grc' dir='ltr'>ἀρ’</span> <span class='ocrx_word' id='word_1_72' title='bbox 438 945 511 1018; x_wconf 80' lang='grc' dir='ltr'>ἡλίου</span> <span class='ocrx_word' id='word_1_73' title='bbox 526 945 591 1028; x_wconf 77' lang='grc' dir='ltr'>φωτί</span> <span class='ocrx_word' id='word_1_74' title='bbox 605 949 622 1016; x_wconf 81' lang='grc' dir='ltr'>ἡ</span> <span class='ocrx_word' id='word_1_75' title='bbox 635 944 724 1027; x_wconf 79' lang='grc' dir='ltr'>ψυχή,</span> <span class='ocrx_word' id='word_1_76' title='bbox 738 949 771 1026; x_wconf 80' lang='grc' dir='ltr'>τῇ</span> <span class='ocrx_word' id='word_1_77' title='bbox 784 943 811 1006; x_wconf 81' lang='grc' dir='ltr'>δδ</span> <span class='ocrx_word' id='word_1_78' title='bbox 827 947 895 1025; x_wconf 83' lang='grc' dir='ltr'>αὐγῇ</span> <span class='ocrx_word' id='word_1_79' title='bbox 907 945 959 1004; x_wconf 78' lang='grc' dir='ltr'>ἀπὸ</span> <span class='ocrx_word' id='word_1_80' title='bbox 971 949 1018 1004; x_wconf 77' lang='grc' dir='ltr'>τοῦ</span> <span class='ocrx_word' id='word_1_81' title='bbox 1066 941 1129 1023; x_wconf 86' lang='grc' dir='ltr'>πρδς</span> <span class='ocrx_word' id='word_1_82' title='bbox 1147 942 1178 1002; x_wconf 87' lang='grc' dir='ltr'>τδ</span> <span class='ocrx_word' id='word_1_83' title='bbox 1204 941 1309 1024; x_wconf 87' lang='grc' dir='ltr'>βλίπειν</span> <span class='ocrx_word' id='word_1_84' title='bbox 1334 941 1558 1005; x_wconf 74' lang='grc' dir='ltr'>κατεσκεύασται·</span> <span class='ocrx_word' id='word_1_85' title='bbox 1581 947 1599 1016; x_wconf 77' lang='grc' dir='ltr'>ἡ</span> <span class='ocrx_word' id='word_1_86' title='bbox 1617 943 1651 1019; x_wconf 81' lang='grc' dir='ltr'>δίΙ</span> <span class='ocrx_word' id='word_1_87' title='bbox 1670 944 1709 1026; x_wconf 72' lang='grc' dir='ltr'>ῥίς</span> <span class='ocrx_word' id='word_1_88' title='bbox 1730 945 1797 1028; x_wconf 80' lang='grc' dir='ltr'>θπλρ</span> <span class='ocrx_word' id='word_1_89' title='bbox 1819 946 1849 1006; x_wconf 78' lang='grc' dir='ltr'>εδ</span> 
     </span>
     <span class='ocr_line' id='line_1_7' title="bbox 235 1029 1849 1118; baseline -0.001 -24"><span class='ocrx_word' id='word_1_90' title='bbox 235 1035 320 1118; x_wconf 82' lang='grc' dir='ltr'>ρωτδς</span> <span class='ocrx_word' id='word_1_91' title='bbox 336 1041 354 1109; x_wconf 76' lang='grc' dir='ltr'>ἡ</span> <span class='ocrx_word' id='word_1_92' title='bbox 369 1035 479 1114; x_wconf 77' lang='grc' dir='ltr'>μεριστὴ</span> <span class='ocrx_word' id='word_1_93' title='bbox 498 1035 562 1110; x_wconf 76' lang='grc' dir='ltr'>ζωή.</span> <span class='ocrx_word' id='word_1_94' title='bbox 581 1066 621 1080; x_wconf 94' lang='grc'>-</span> <span class='ocrx_word' id='word_1_95' title='bbox 635 1033 648 1071; x_wconf 82' lang='lat'>‘¹</span> <span class='ocrx_word' id='word_1_96' title='bbox 663 1039 755 1116; x_wconf 80' lang='grc' dir='ltr'>ψυχῶν</span> <span class='ocrx_word' id='word_1_97' title='bbox 775 1037 802 1096; x_wconf 89' lang='grc' dir='ltr'>αί</span> <span class='ocrx_word' id='word_1_98' title='bbox 821 1033 868 1112; x_wconf 81' lang='grc' dir='ltr'>μίν</span> <span class='ocrx_word' id='word_1_99' title='bbox 883 1035 934 1092; x_wconf 86' lang='grc' dir='ltr'>είσε</span> <span class='ocrx_word' id='word_1_100' title='bbox 948 1035 1018 1111; x_wconf 92' lang='grc' dir='ltr'>λογι-</span> <span class='ocrx_word' id='word_1_101' title='bbox 1066 1032 1153 1109; x_wconf 82' lang='grc' dir='ltr'>στόμα</span> <span class='ocrx_word' id='word_1_102' title='bbox 1168 1029 1211 1090; x_wconf 81' lang='grc' dir='ltr'>διδ</span> <span class='ocrx_word' id='word_1_103' title='bbox 1235 1031 1265 1092; x_wconf 88' lang='grc' dir='ltr'>τδ</span> <span class='ocrx_word' id='word_1_104' title='bbox 1280 1033 1376 1112; x_wconf 87' lang='grc' dir='ltr'>κρίνειν</span> <span class='ocrx_word' id='word_1_105' title='bbox 1399 1031 1433 1090; x_wconf 82' lang='grc' dir='ltr'>τδι</span> <span class='ocrx_word' id='word_1_106' title='bbox 1452 1029 1572 1105; x_wconf 79' lang='grc' dir='ltr'>δυσώδη·</span> <span class='ocrx_word' id='word_1_107' title='bbox 1588 1033 1641 1092; x_wconf 77' lang='grc' dir='ltr'>τῶν</span> <span class='ocrx_word' id='word_1_108' title='bbox 1655 1033 1683 1094; x_wconf 81' lang='grc' dir='ltr'>δί</span> <span class='ocrx_word' id='word_1_109' title='bbox 1698 1033 1809 1094; x_wconf 77' lang='grc' dir='ltr'>ὀδόντων</span> <span class='ocrx_word' id='word_1_110' title='bbox 1825 1035 1849 1094; x_wconf 85' lang='lat' dir='ltr'>ol</span> 
     </span>
     <span class='ocr_line' id='line_1_8' title="bbox 235 1117 1848 1204; baseline -0.001 -20"><span class='ocrx_word' id='word_1_111' title='bbox 235 1123 296 1204; x_wconf 85' lang='grc' dir='ltr'>καλ]</span> <span class='ocrx_word' id='word_1_112' title='bbox 308 1123 374 1186; x_wconf 87' lang='lat' dir='ltr'><strong>vid.</strong></span> <span class='ocrx_word' id='word_1_113' title='bbox 384 1123 537 1183; x_wconf 89' lang='lat' dir='ltr'><strong>lamblich.</strong></span> <span class='ocrx_word' id='word_1_114' title='bbox 553 1123 628 1184; x_wconf 86' lang='lat' dir='ltr'><strong>Sect.</strong></span> <span class='ocrx_word' id='word_1_115' title='bbox 640 1121 708 1183; x_wconf 86' lang='lat' dir='ltr'><strong>Vlll</strong></span> <span class='ocrx_word' id='word_1_116' title='bbox 719 1145 782 1203; x_wconf 88' lang='lat' dir='ltr'><strong>cap.</strong></span> <span class='ocrx_word' id='word_1_117' title='bbox 797 1126 858 1203; x_wconf 72' lang='lat' dir='ltr'>ap.</span> <span class='ocrx_word' id='word_1_118' title='bbox 876 1125 943 1184; x_wconf 78' lang='lat'>162.</span> <span class='ocrx_word' id='word_1_119' title='bbox 956 1129 1018 1170; x_wconf 74' lang='grc' dir='ltr'>-ο</span> <span class='ocrx_word' id='word_1_120' title='bbox 1066 1118 1141 1197; x_wconf 90' lang='grc' dir='ltr'>μίσοι</span> <span class='ocrx_word' id='word_1_121' title='bbox 1158 1118 1204 1198; x_wconf 75' lang='grc' dir='ltr'>μὲν</span> <span class='ocrx_word' id='word_1_122' title='bbox 1221 1119 1303 1195; x_wconf 80' lang='grc' dir='ltr'>ὀξεῖς,</span> <span class='ocrx_word' id='word_1_123' title='bbox 1320 1119 1362 1178; x_wconf 78' lang='lat' dir='ltr'><strong>m</strong></span> <span class='ocrx_word' id='word_1_124' title='bbox 1376 1119 1406 1180; x_wconf 83' lang='grc' dir='ltr'>τὸ</span> <span class='ocrx_word' id='word_1_125' title='bbox 1419 1117 1540 1196; x_wconf 87' lang='grc' dir='ltr'>τίμνειν,</span> <span class='ocrx_word' id='word_1_126' title='bbox 1556 1121 1581 1180; x_wconf 89' lang='grc' dir='ltr'>οί</span> <span class='ocrx_word' id='word_1_127' title='bbox 1596 1121 1624 1183; x_wconf 75' lang='lat' dir='ltr'>il</span> <span class='ocrx_word' id='word_1_128' title='bbox 1638 1122 1709 1183; x_wconf 81' lang='grc' dir='ltr'>ίνδον</span> <span class='ocrx_word' id='word_1_129' title='bbox 1724 1124 1848 1200; x_wconf 82' lang='grc' dir='ltr'>πλατεῖς,</span> 
     </span>
     <span class='ocr_line' id='line_1_9' title="bbox 236 1205 1849 1292; baseline 0 -22"><span class='ocrx_word' id='word_1_130' title='bbox 236 1215 264 1273; x_wconf 87' lang='grc' dir='ltr'>αί</span> <span class='ocrx_word' id='word_1_131' title='bbox 285 1212 312 1272; x_wconf 81' lang='grc' dir='ltr'>δί</span> <span class='ocrx_word' id='word_1_132' title='bbox 336 1213 439 1274; x_wconf 78' lang='grc' dir='ltr'>ἐκτῶν</span> <span class='ocrx_word' id='word_1_133' title='bbox 465 1211 592 1292; x_wconf 89' lang='grc' dir='ltr'>δευτίρων</span> <span class='ocrx_word' id='word_1_134' title='bbox 623 1213 787 1292; x_wconf 83' lang='grc' dir='ltr'>παράγονται</span> <span class='ocrx_word' id='word_1_135' title='bbox 809 1214 904 1292; x_wconf 83' lang='grc' dir='ltr'>θεῶν]</span> <span class='ocrx_word' id='word_1_136' title='bbox 929 1212 1013 1276; x_wconf 86' lang='lat' dir='ltr'><strong>codd.</strong></span> <span class='ocrx_word' id='word_1_137' title='bbox 1067 1207 1110 1268; x_wconf 84' lang='grc' dir='ltr'>δεδι</span> <span class='ocrx_word' id='word_1_138' title='bbox 1124 1209 1154 1268; x_wconf 88' lang='grc' dir='ltr'>τδ</span> <span class='ocrx_word' id='word_1_139' title='bbox 1168 1209 1266 1291; x_wconf 80' lang='grc' dir='ltr'>τρίδειν</span> <span class='ocrx_word' id='word_1_140' title='bbox 1281 1207 1314 1266; x_wconf 90' lang='grc' dir='ltr'>τδι</span> <span class='ocrx_word' id='word_1_141' title='bbox 1331 1207 1412 1268; x_wconf 90' lang='grc' dir='ltr'>σιτία.</span> <span class='ocrx_word' id='word_1_142' title='bbox 1430 1205 1627 1270; x_wconf 80' lang='grc' dir='ltr'>Καίπάνταδδ</span> <span class='ocrx_word' id='word_1_143' title='bbox 1644 1211 1671 1270; x_wconf 82' lang='grc' dir='ltr'>ίν</span> <span class='ocrx_word' id='word_1_144' title='bbox 1686 1219 1767 1271; x_wconf 69' lang='grc' dir='ltr'>πᾶσιν</span> <span class='ocrx_word' id='word_1_145' title='bbox 1780 1209 1849 1271; x_wconf 85' lang='grc' dir='ltr'>ούτω</span> 
     </span>
     <span class='ocr_line' id='line_1_10' title="bbox 237 1295 1850 1384; baseline 0 -24"><span class='ocrx_word' id='word_1_146' title='bbox 237 1303 263 1361; x_wconf 81' lang='lat' dir='ltr'>cl</span> <span class='ocrx_word' id='word_1_147' title='bbox 283 1299 310 1362; x_wconf 81' lang='grc' dir='ltr'>δδ</span> <span class='ocrx_word' id='word_1_148' title='bbox 330 1303 359 1362; x_wconf 83' lang='grc' dir='ltr'>ίκ</span> <span class='ocrx_word' id='word_1_149' title='bbox 383 1303 510 1384; x_wconf 83' lang='grc' dir='ltr'>δευτέρων</span> <span class='ocrx_word' id='word_1_150' title='bbox 525 1300 689 1383; x_wconf 80' lang='grc' dir='ltr'>παρίγονται</span> <span class='ocrx_word' id='word_1_151' title='bbox 715 1303 792 1362; x_wconf 81' lang='grc' dir='ltr'>θεῶν.</span> <span class='ocrx_word' id='word_1_152' title='bbox 815 1302 861 1364; x_wconf 83' lang='lat' dir='ltr'>Cf.</span> <span class='ocrx_word' id='word_1_153' title='bbox 878 1303 1019 1362; x_wconf 80' lang='lat' dir='ltr'><strong>Alcinous</strong></span> <span class='ocrx_word' id='word_1_154' title='bbox 1066 1295 1226 1377; x_wconf 68' lang='grc' dir='ltr'>κατὰλόγον</span> <span class='ocrx_word' id='word_1_155' title='bbox 1242 1299 1352 1378; x_wconf 84' lang='grc' dir='ltr'>δρῶμεν.</span> <span class='ocrx_word' id='word_1_156' title='bbox 1368 1296 1505 1357; x_wconf 76' lang='grc' dir='ltr'>Ἀδύνατον</span> <span class='ocrx_word' id='word_1_157' title='bbox 1520 1297 1549 1358; x_wconf 74' lang='grc' dir='ltr'>δὲ</span> <span class='ocrx_word' id='word_1_158' title='bbox 1563 1300 1590 1357; x_wconf 75' lang='grc' dir='ltr'>δν</span> <span class='ocrx_word' id='word_1_159' title='bbox 1603 1297 1650 1379; x_wconf 78' lang='grc' dir='ltr'>μὲν</span> <span class='ocrx_word' id='word_1_160' title='bbox 1660 1307 1713 1367; x_wconf 83' lang='grc' dir='ltr'>τοῖς</span> <span class='ocrx_word' id='word_1_161' title='bbox 1729 1299 1850 1382; x_wconf 71' lang='grc' dir='ltr'>ἐσχάτοις</span> 
     </span>
     <span class='ocr_line' id='line_1_11' title="bbox 236 1379 1847 1472; baseline -0.001 -22"><span class='ocrx_word' id='word_1_162' title='bbox 236 1411 299 1470; x_wconf 84' lang='lat' dir='ltr'><strong>cap.</strong></span> <span class='ocrx_word' id='word_1_163' title='bbox 323 1392 359 1450; x_wconf 78' lang='grc' dir='ltr'>αδ</span> <span class='ocrx_word' id='word_1_164' title='bbox 387 1389 474 1472; x_wconf 78' lang='grc' dir='ltr'>ψυχὴν</span> <span class='ocrx_word' id='word_1_165' title='bbox 497 1389 549 1472; x_wconf 85' lang='grc' dir='ltr'>γδρ</span> <span class='ocrx_word' id='word_1_166' title='bbox 572 1389 825 1472; x_wconf 83' lang='grc' dir='ltr'>παραλαμύύνοντες</span> <span class='ocrx_word' id='word_1_167' title='bbox 854 1392 1017 1470; x_wconf 73' lang='grc' dir='ltr'>ἀνθρωπίνην</span> <span class='ocrx_word' id='word_1_168' title='bbox 1066 1384 1195 1458; x_wconf 78' lang='grc' dir='ltr'>τοσαύτην</span> <span class='ocrx_word' id='word_1_169' title='bbox 1210 1379 1275 1446; x_wconf 82' lang='grc' dir='ltr'>είναι</span> <span class='ocrx_word' id='word_1_170' title='bbox 1291 1385 1433 1466; x_wconf 85' lang='grc' dir='ltr'>πρόνοιαν,</span> <span class='ocrx_word' id='word_1_171' title='bbox 1451 1387 1476 1445; x_wconf 84' lang='grc' dir='ltr'>ίν</span> <span class='ocrx_word' id='word_1_172' title='bbox 1493 1386 1520 1446; x_wconf 82' lang='grc' dir='ltr'>δδ</span> <span class='ocrx_word' id='word_1_173' title='bbox 1534 1396 1586 1456; x_wconf 89' lang='grc' dir='ltr'>τοῖς</span> <span class='ocrx_word' id='word_1_174' title='bbox 1600 1387 1758 1469; x_wconf 78' lang='grc' dir='ltr'>πρώτοιςμὴ</span> <span class='ocrx_word' id='word_1_175' title='bbox 1773 1379 1847 1449; x_wconf 78' lang='grc' dir='ltr'>εἶναι.</span> 
     </span>
     <span class='ocr_line' id='line_1_12' title="bbox 236 1464 1903 1564; baseline 0.001 -28"><span class='ocrx_word' id='word_1_176' title='bbox 236 1477 364 1538; x_wconf 80' lang='grc' dir='ltr'>ἀθάνατον</span> <span class='ocrx_word' id='word_1_177' title='bbox 385 1469 464 1538; x_wconf 84' lang='grc' dir='ltr'>ούσαν</span> <span class='ocrx_word' id='word_1_178' title='bbox 486 1477 559 1559; x_wconf 87' lang='grc' dir='ltr'>παρδι</span> <span class='ocrx_word' id='word_1_179' title='bbox 573 1483 619 1537; x_wconf 81' lang='grc' dir='ltr'>τοῦ</span> <span class='ocrx_word' id='word_1_180' title='bbox 640 1475 748 1558; x_wconf 88' lang='grc' dir='ltr'>πρώτου</span> <span class='ocrx_word' id='word_1_181' title='bbox 770 1479 870 1538; x_wconf 76' lang='grc' dir='ltr'>θεοῖνοί</span> <span class='ocrx_word' id='word_1_182' title='bbox 884 1477 918 1536; x_wconf 83' lang='grc' dir='ltr'>τά</span> <span class='ocrx_word' id='word_1_183' title='bbox 937 1479 1018 1552; x_wconf 85' lang='grc' dir='ltr'>θνητδι</span> <span class='ocrx_word' id='word_1_184' title='bbox 1067 1473 1145 1536; x_wconf 83' lang='grc' dir='ltr'>Αίτε</span> <span class='ocrx_word' id='word_1_185' title='bbox 1160 1477 1187 1534; x_wconf 75' lang='grc' dir='ltr'>ἔν</span> <span class='ocrx_word' id='word_1_186' title='bbox 1202 1477 1240 1555; x_wconf 85' lang='grc' dir='ltr'>τῷ</span> <span class='ocrx_word' id='word_1_187' title='bbox 1254 1464 1347 1556; x_wconf 74' lang='grc' dir='ltr'>κ’όσμῳ</span> <span class='ocrx_word' id='word_1_188' title='bbox 1362 1482 1485 1554; x_wconf 89' lang='grc' dir='ltr'>μαντεῖαι</span> <span class='ocrx_word' id='word_1_189' title='bbox 1500 1475 1546 1535; x_wconf 88' lang='grc' dir='ltr'>καλ</span> <span class='ocrx_word' id='word_1_190' title='bbox 1566 1482 1703 1556; x_wconf 84' lang='grc' dir='ltr'>θεραπεῖαι</span> <span class='ocrx_word' id='word_1_191' title='bbox 1725 1479 1848 1556; x_wconf 72' lang='grc' dir='ltr'>οσωμαί·</span> <span class='ocrx_word' id='word_1_192' title='bbox 1900 1559 1903 1564; x_wconf 24' lang='lat'>¹</span> 
     </span>
     <span class='ocr_line' id='line_1_13' title="bbox 235 1563 1849 1649; baseline -0.001 -23"><span class='ocrx_word' id='word_1_193' title='bbox 235 1567 298 1649; x_wconf 86' lang='grc' dir='ltr'>γίνη</span> <span class='ocrx_word' id='word_1_194' title='bbox 314 1569 532 1648; x_wconf 78' lang='grc' dir='ltr'>δημιουργοῦντες</span> <span class='ocrx_word' id='word_1_195' title='bbox 552 1566 605 1626; x_wconf 78' lang='grc' dir='ltr'>θεοί</span> <span class='ocrx_word' id='word_1_196' title='bbox 625 1566 670 1626; x_wconf 90' lang='grc' dir='ltr'>δύο</span> <span class='ocrx_word' id='word_1_197' title='bbox 683 1568 750 1646; x_wconf 77' lang='grc' dir='ltr'>αὐτῇ</span> <span class='ocrx_word' id='word_1_198' title='bbox 767 1565 928 1648; x_wconf 72' lang='grc' dir='ltr'>προσέθεσαν</span> <span class='ocrx_word' id='word_1_199' title='bbox 951 1567 1018 1648; x_wconf 83' lang='grc' dir='ltr'>μέρη</span> <span class='ocrx_word' id='word_1_200' title='bbox 1066 1585 1118 1622; x_wconf 90' lang='grc' dir='ltr'>των</span> <span class='ocrx_word' id='word_1_201' title='bbox 1134 1563 1267 1642; x_wconf 81' lang='grc' dir='ltr'>γινόμεναι</span> <span class='ocrx_word' id='word_1_202' title='bbox 1277 1567 1323 1634; x_wconf 80' lang='grc' dir='ltr'>τῆς</span> <span class='ocrx_word' id='word_1_203' title='bbox 1337 1567 1435 1643; x_wconf 75' lang='grc' dir='ltr'>ἀγαθῆς</span> <span class='ocrx_word' id='word_1_204' title='bbox 1449 1564 1569 1644; x_wconf 86' lang='grc' dir='ltr'>προνοίας</span> <span class='ocrx_word' id='word_1_205' title='bbox 1579 1565 1629 1625; x_wconf 81' lang='grc' dir='ltr'>είσί</span> <span class='ocrx_word' id='word_1_206' title='bbox 1640 1569 1692 1626; x_wconf 82' lang='grc' dir='ltr'>τῶν</span> <span class='ocrx_word' id='word_1_207' title='bbox 1702 1567 1778 1628; x_wconf 75' lang='grc' dir='ltr'>θεῶν.</span> <span class='ocrx_word' id='word_1_208' title='bbox 1791 1565 1849 1638; x_wconf 79' lang='grc' dir='ltr'>Τὴν</span> 
     </span>
     <span class='ocr_line' id='line_1_14' title="bbox 238 1651 1847 1735; baseline 0.001 -21"><span class='ocrx_word' id='word_1_209' title='bbox 238 1655 320 1728; x_wconf 87' lang='grc' dir='ltr'>θνητοί</span> <span class='ocrx_word' id='word_1_210' title='bbox 332 1669 360 1715; x_wconf 87' lang='lat' dir='ltr'>et</span> <span class='ocrx_word' id='word_1_211' title='bbox 373 1656 458 1716; x_wconf 81' lang='lat' dir='ltr'><strong>Plato</strong></span> <span class='ocrx_word' id='word_1_212' title='bbox 479 1656 556 1715; x_wconf 89' lang='lat' dir='ltr'>Tim.</span> <span class='ocrx_word' id='word_1_213' title='bbox 573 1677 602 1733; x_wconf 88' lang='lat' dir='ltr'>p.</span> <span class='ocrx_word' id='word_1_214' title='bbox 620 1663 668 1724; x_wconf 76' lang='grc' dir='ltr'>ἀι.</span> <span class='ocrx_word' id='word_1_215' title='bbox 690 1656 726 1717; x_wconf 89' lang='lat' dir='ltr'>D.</span> <span class='ocrx_word' id='word_1_216' title='bbox 748 1654 778 1714; x_wconf 80' lang='grc' dir='ltr'>τὸ</span> <span class='ocrx_word' id='word_1_217' title='bbox 800 1657 826 1714; x_wconf 83' lang='grc' dir='ltr'>δὲ</span> <span class='ocrx_word' id='word_1_218' title='bbox 841 1655 932 1716; x_wconf 88' lang='grc' dir='ltr'>λοιπδν</span> <span class='ocrx_word' id='word_1_219' title='bbox 947 1659 1018 1733; x_wconf 85' lang='grc' dir='ltr'>ύμιῖς</span> <span class='ocrx_word' id='word_1_220' title='bbox 1067 1651 1094 1711; x_wconf 77' lang='grc' dir='ltr'>δὲ</span> <span class='ocrx_word' id='word_1_221' title='bbox 1109 1651 1231 1724; x_wconf 79' lang='grc' dir='ltr'>τοιαύτην</span> <span class='ocrx_word' id='word_1_222' title='bbox 1247 1653 1307 1732; x_wconf 75' lang='grc' dir='ltr'>περὶ</span> <span class='ocrx_word' id='word_1_223' title='bbox 1324 1651 1367 1711; x_wconf 87' lang='grc' dir='ltr'>τδν</span> <span class='ocrx_word' id='word_1_224' title='bbox 1383 1653 1481 1729; x_wconf 88' lang='grc' dir='ltr'>κόσμον</span> <span class='ocrx_word' id='word_1_225' title='bbox 1496 1654 1648 1732; x_wconf 81' lang='grc' dir='ltr'>ίπιμίλειαν</span> <span class='ocrx_word' id='word_1_226' title='bbox 1662 1655 1735 1716; x_wconf 76' lang='grc' dir='ltr'>οὐδὲν</span> <span class='ocrx_word' id='word_1_227' title='bbox 1749 1657 1847 1735; x_wconf 89' lang='grc' dir='ltr'>βουλα-</span> 
     </span>
     <span class='ocr_line' id='line_1_15' title="bbox 237 1737 1848 1825; baseline -0.001 -21"><span class='ocrx_word' id='word_1_228' title='bbox 237 1743 361 1825; x_wconf 80' lang='grc' dir='ltr'>ἀθανοίτερ</span> <span class='ocrx_word' id='word_1_229' title='bbox 373 1743 464 1814; x_wconf 84' lang='grc' dir='ltr'>θνητὸν</span> <span class='ocrx_word' id='word_1_230' title='bbox 478 1742 697 1822; x_wconf 81' lang='grc' dir='ltr'>προσυραίνοντες</span> <span class='ocrx_word' id='word_1_231' title='bbox 708 1741 885 1822; x_wconf 76' lang='grc' dir='ltr'>ἀπεργάζεσθε</span> <span class='ocrx_word' id='word_1_232' title='bbox 895 1745 950 1823; x_wconf 83' lang='grc' dir='ltr'>ζῷα</span> <span class='ocrx_word' id='word_1_233' title='bbox 960 1745 1017 1805; x_wconf 93' lang='grc' dir='ltr'>κτλ.</span> <span class='ocrx_word' id='word_1_234' title='bbox 1068 1737 1160 1816; x_wconf 74' lang='grc' dir='ltr'>μίνννς</span> <span class='ocrx_word' id='word_1_235' title='bbox 1171 1737 1229 1798; x_wconf 59' lang='lat' dir='ltr'>till</span> <span class='ocrx_word' id='word_1_236' title='bbox 1243 1743 1386 1806; x_wconf 70' lang='grc' dir='ltr'>πονοῦντας</span> <span class='ocrx_word' id='word_1_237' title='bbox 1397 1737 1411 1776; x_wconf 69' lang='lat'><em>⁶</em></span> <span class='ocrx_word' id='word_1_238' title='bbox 1425 1738 1484 1808; x_wconf 60' lang='grc' dir='ltr'>τοὺς</span> <span class='ocrx_word' id='word_1_239' title='bbox 1496 1739 1568 1808; x_wconf 62' lang='grc' dir='ltr'>θεοὺς</span> <span class='ocrx_word' id='word_1_240' title='bbox 1578 1741 1689 1820; x_wconf 59' lang='lat' dir='ltr'><strong>viratim</strong></span> <span class='ocrx_word' id='word_1_241' title='bbox 1703 1746 1848 1804; x_wconf 58' lang='grc' dir='ltr'>ποιεῖσθαι*</span> 
     </span>
     <span class='ocr_line' id='line_1_16' title="bbox 237 1823 1849 1912; baseline 0.002 -24"><span class='ocrx_word' id='word_1_242' title='bbox 237 1863 277 1876; x_wconf 97' lang='grc'>-</span> <span class='ocrx_word' id='word_1_243' title='bbox 288 1830 297 1870; x_wconf 82' lang='lat'><strong>¹</strong></span> <span class='ocrx_word' id='word_1_244' title='bbox 309 1829 465 1910; x_wconf 78' lang='grc' dir='ltr'>κρατήσασα</span> <span class='ocrx_word' id='word_1_245' title='bbox 482 1829 530 1906; x_wconf 80' lang='grc' dir='ltr'>μὲν</span> <span class='ocrx_word' id='word_1_246' title='bbox 543 1829 654 1910; x_wconf 70' lang='grc' dir='ltr'>ἀρετήν]</span> <span class='ocrx_word' id='word_1_247' title='bbox 666 1830 730 1890; x_wconf 87' lang='lat' dir='ltr'><strong>vid.</strong></span> <span class='ocrx_word' id='word_1_248' title='bbox 745 1831 868 1906; x_wconf 79' lang='lat' dir='ltr'><strong>Theagis</strong></span> <span class='ocrx_word' id='word_1_249' title='bbox 882 1831 918 1890; x_wconf 88' lang='lat' dir='ltr'>de</span> <span class='ocrx_word' id='word_1_250' title='bbox 928 1833 1018 1892; x_wconf 79' lang='lat' dir='ltr'><strong>virtu·</strong></span> <span class='ocrx_word' id='word_1_251' title='bbox 1069 1829 1128 1886; x_wconf 84' lang='grc' dir='ltr'>ἀλλ’</span> <span class='ocrx_word' id='word_1_252' title='bbox 1143 1823 1235 1906; x_wconf 79' lang='grc' dir='ltr'>ὥσπερ</span> <span class='ocrx_word' id='word_1_253' title='bbox 1252 1831 1304 1886; x_wconf 81' lang='grc' dir='ltr'>τῶν</span> <span class='ocrx_word' id='word_1_254' title='bbox 1321 1827 1452 1905; x_wconf 88' lang='grc' dir='ltr'>σωμάτων</span> <span class='ocrx_word' id='word_1_255' title='bbox 1468 1828 1502 1887; x_wconf 74' lang='grc' dir='ltr'>τὰ</span> <span class='ocrx_word' id='word_1_256' title='bbox 1516 1829 1625 1907; x_wconf 88' lang='grc' dir='ltr'>δύναμιν</span> <span class='ocrx_word' id='word_1_257' title='bbox 1641 1829 1736 1910; x_wconf 71' lang='grc' dir='ltr'>ἔχοντα</span> <span class='ocrx_word' id='word_1_258' title='bbox 1752 1835 1764 1866; x_wconf 78' lang='lat'><strong>⁰</strong></span> <span class='ocrx_word' id='word_1_259' title='bbox 1778 1833 1849 1912; x_wconf 79' lang='grc' dir='ltr'>αύτῷ</span> 
     </span>
     <span class='ocr_line' id='line_1_17' title="bbox 237 1907 1850 2000; baseline 0.001 -22"><span class='ocrx_word' id='word_1_260' title='bbox 237 1919 316 1979; x_wconf 84' lang='lat' dir='ltr'><strong>tibus</strong></span> <span class='ocrx_word' id='word_1_261' title='bbox 327 1919 392 1979; x_wconf 88' lang='lat' dir='ltr'><strong>loca</strong></span> <span class='ocrx_word' id='word_1_262' title='bbox 401 1919 433 1978; x_wconf 90' lang='lat' dir='ltr'>in</span> <span class='ocrx_word' id='word_1_263' title='bbox 447 1919 523 1979; x_wconf 83' lang='lat' dir='ltr'>Phil.</span> <span class='ocrx_word' id='word_1_264' title='bbox 540 1917 633 1979; x_wconf 80' lang='lat' dir='ltr'><strong>Graec.</strong></span> <span class='ocrx_word' id='word_1_265' title='bbox 647 1918 761 1995; x_wconf 82' lang='lat' dir='ltr'><strong>Fragm.</strong></span> <span class='ocrx_word' id='word_1_266' title='bbox 778 1920 838 1978; x_wconf 92' lang='lat' dir='ltr'><strong>vol.</strong></span> <span class='ocrx_word' id='word_1_267' title='bbox 858 1918 885 1977; x_wconf 91' lang='lat' dir='ltr'>ll</span> <span class='ocrx_word' id='word_1_268' title='bbox 898 1939 964 1998; x_wconf 82' lang='lat' dir='ltr'><strong>pag.</strong></span> <span class='ocrx_word' id='word_1_269' title='bbox 985 1923 1019 1980; x_wconf 83' lang='grc' dir='ltr'>ιθ</span> <span class='ocrx_word' id='word_1_270' title='bbox 1068 1919 1105 1996; x_wconf 83' lang='grc' dir='ltr'>τῷ</span> <span class='ocrx_word' id='word_1_271' title='bbox 1119 1908 1206 1975; x_wconf 61' lang='lat' dir='ltr'><strong>alsat*</strong></span> <span class='ocrx_word' id='word_1_272' title='bbox 1220 1925 1290 1975; x_wconf 85' lang='grc' dir='ltr'>ποιεῖ</span> <span class='ocrx_word' id='word_1_273' title='bbox 1305 1917 1418 1978; x_wconf 83' lang='grc' dir='ltr'>ἀποιεῑ·</span> <span class='ocrx_word' id='word_1_274' title='bbox 1429 1907 1482 1978; x_wconf 86' lang='grc' dir='ltr'>οἷον</span> <span class='ocrx_word' id='word_1_275' title='bbox 1493 1916 1566 1990; x_wconf 79' lang='grc' dir='ltr'>ἥλιος</span> <span class='ocrx_word' id='word_1_276' title='bbox 1578 1919 1684 2000; x_wconf 81' lang='grc' dir='ltr'>φωτίζει</span> <span class='ocrx_word' id='word_1_277' title='bbox 1696 1919 1742 1979; x_wconf 81' lang='grc' dir='ltr'>καί</span> <span class='ocrx_word' id='word_1_278' title='bbox 1756 1921 1850 1980; x_wconf 84' lang='grc' dir='ltr'>θάλπει</span> 
     </span>
     <span class='ocr_line' id='line_1_18' title="bbox 237 1995 1849 2088; baseline 0.001 -20"><span class='ocrx_word' id='word_1_279' title='bbox 237 2027 317 2088; x_wconf 84' lang='lat' dir='ltr'>seqq.</span> <span class='ocrx_word' id='word_1_280' title='bbox 332 2021 361 2068; x_wconf 84' lang='lat' dir='ltr'>et</span> <span class='ocrx_word' id='word_1_281' title='bbox 373 2008 479 2069; x_wconf 80' lang='lat' dir='ltr'><strong>Plotia.</strong></span> <span class='ocrx_word' id='word_1_282' title='bbox 491 2007 620 2067; x_wconf 83' lang='lat' dir='ltr'><strong>Ennead.</strong></span> <span class='ocrx_word' id='word_1_283' title='bbox 637 2007 651 2066; x_wconf 91' lang='lat' dir='ltr'><strong>l</strong></span> <span class='ocrx_word' id='word_1_284' title='bbox 666 2008 718 2067; x_wconf 91' lang='lat' dir='ltr'><strong>lib.</strong></span> <span class='ocrx_word' id='word_1_285' title='bbox 731 2009 744 2066; x_wconf 95' lang='lat' dir='ltr'><strong>l</strong></span> <span class='ocrx_word' id='word_1_286' title='bbox 758 2029 821 2088; x_wconf 88' lang='lat' dir='ltr'><strong>cap.</strong></span> <span class='ocrx_word' id='word_1_287' title='bbox 832 2011 860 2067; x_wconf 85' lang='grc'>8.</span> <span class='ocrx_word' id='word_1_288' title='bbox 878 2016 943 2056; x_wconf 64' lang='grc' dir='ltr'>-ί</span> <span class='ocrx_word' id='word_1_289' title='bbox 957 2011 1021 2070; x_wconf 78' lang='grc' dir='ltr'>ἀθά-</span> <span class='ocrx_word' id='word_1_290' title='bbox 1068 2004 1139 2084; x_wconf 71' lang='grc' dir='ltr'>αὐτῷ</span> <span class='ocrx_word' id='word_1_291' title='bbox 1161 2001 1233 2083; x_wconf 74' lang='grc' dir='ltr'>μόνῳ</span> <span class='ocrx_word' id='word_1_292' title='bbox 1248 2007 1286 2086; x_wconf 74' lang='grc' dir='ltr'>τῷ</span> <span class='ocrx_word' id='word_1_293' title='bbox 1302 1995 1383 2064; x_wconf 73' lang='grc' dir='ltr'>εἶναι·</span> <span class='ocrx_word' id='word_1_294' title='bbox 1399 2004 1468 2066; x_wconf 73' lang='grc' dir='ltr'>οὗτοι</span> <span class='ocrx_word' id='word_1_295' title='bbox 1482 2005 1549 2066; x_wconf 74' lang='grc' dir='ltr'>πολὺ</span> <span class='ocrx_word' id='word_1_296' title='bbox 1567 2009 1666 2084; x_wconf 74' lang='grc' dir='ltr'>μᾶλλον</span> <span class='ocrx_word' id='word_1_297' title='bbox 1684 2013 1702 2082; x_wconf 78' lang='grc' dir='ltr'>ἡ</span> <span class='ocrx_word' id='word_1_298' title='bbox 1719 2011 1769 2068; x_wconf 79' lang='grc' dir='ltr'>τῶν</span> <span class='ocrx_word' id='word_1_299' title='bbox 1785 2013 1849 2068; x_wconf 81' lang='grc' dir='ltr'>θεῶν</span> 
     </span>
     <span class='ocr_line' id='line_1_19' title="bbox 238 2087 1849 2178; baseline 0.005 -24"><span class='ocrx_word' id='word_1_300' title='bbox 238 2119 315 2155; x_wconf 89' lang='grc' dir='ltr'>νατον</span> <span class='ocrx_word' id='word_1_301' title='bbox 325 2095 352 2155; x_wconf 77' lang='grc' dir='ltr'>δὲ</span> <span class='ocrx_word' id='word_1_302' title='bbox 363 2094 445 2168; x_wconf 65' lang='grc' dir='ltr'>αὐτὴν</span> <span class='ocrx_word' id='word_1_303' title='bbox 457 2087 523 2154; x_wconf 79' lang='grc' dir='ltr'>εἶναι</span> <span class='ocrx_word' id='word_1_304' title='bbox 536 2094 638 2175; x_wconf 77' lang='grc' dir='ltr'>ἀνάγκη</span> <span class='ocrx_word' id='word_1_305' title='bbox 649 2095 705 2169; x_wconf 77' lang='grc' dir='ltr'>,ὅτι</span> <span class='ocrx_word' id='word_1_306' title='bbox 716 2095 839 2177; x_wconf 87' lang='grc' dir='ltr'>γινώσκει</span> <span class='ocrx_word' id='word_1_307' title='bbox 850 2097 942 2178; x_wconf 88' lang='grc' dir='ltr'>θεούς]</span> <span class='ocrx_word' id='word_1_308' title='bbox 953 2097 1019 2161; x_wconf 81' lang='lat' dir='ltr'><strong>Vid.</strong></span> <span class='ocrx_word' id='word_1_309' title='bbox 1068 2091 1177 2171; x_wconf 84' lang='grc' dir='ltr'>πρόνοια</span> <span class='ocrx_word' id='word_1_310' title='bbox 1195 2099 1208 2139; x_wconf 76' lang='lat'>⁸</span> <span class='ocrx_word' id='word_1_311' title='bbox 1221 2095 1288 2174; x_wconf 85' lang='grc' dir='ltr'>αὐτῇ</span> <span class='ocrx_word' id='word_1_312' title='bbox 1305 2117 1334 2152; x_wconf 85' lang='grc' dir='ltr'>τε</span> <span class='ocrx_word' id='word_1_313' title='bbox 1351 2094 1454 2162; x_wconf 69' lang='grc' dir='ltr'>ἀπόνως</span> <span class='ocrx_word' id='word_1_314' title='bbox 1465 2094 1511 2153; x_wconf 68' lang='grc' dir='ltr'>καί</span> <span class='ocrx_word' id='word_1_315' title='bbox 1524 2096 1578 2166; x_wconf 72' lang='grc' dir='ltr'>τοῖς</span> <span class='ocrx_word' id='word_1_316' title='bbox 1593 2097 1791 2174; x_wconf 58' lang='lat' dir='ltr'><strong>samosatam&lt;</strong></span> <span class='ocrx_word' id='word_1_317' title='bbox 1806 2099 1849 2156; x_wconf 75' lang='grc' dir='ltr'>ἔπ’</span> 
     </span>
     <span class='ocr_line' id='line_1_20' title="bbox 237 2179 1848 2266; baseline 0 -22"><span class='ocrx_word' id='word_1_318' title='bbox 237 2186 347 2246; x_wconf 82' lang='lat' dir='ltr'><strong>Plotin.</strong></span> <span class='ocrx_word' id='word_1_319' title='bbox 362 2184 493 2245; x_wconf 82' lang='lat' dir='ltr'><strong>Ennead.</strong></span> <span class='ocrx_word' id='word_1_320' title='bbox 513 2184 546 2246; x_wconf 87' lang='lat' dir='ltr'>IV</span> <span class='ocrx_word' id='word_1_321' title='bbox 566 2184 618 2244; x_wconf 91' lang='lat' dir='ltr'><strong>lib.</strong></span> <span class='ocrx_word' id='word_1_322' title='bbox 632 2184 684 2243; x_wconf 85' lang='lat' dir='ltr'>Vll</span> <span class='ocrx_word' id='word_1_323' title='bbox 700 2205 763 2266; x_wconf 85' lang='lat' dir='ltr'><strong>cap.</strong></span> <span class='ocrx_word' id='word_1_324' title='bbox 781 2207 815 2244; x_wconf 90' lang='lat'>10</span> <span class='ocrx_word' id='word_1_325' title='bbox 829 2209 859 2265; x_wconf 92' lang='lat' dir='ltr'>p.</span> <span class='ocrx_word' id='word_1_326' title='bbox 877 2195 892 2256; x_wconf 72' lang='grc' dir='ltr'>η</span> <span class='ocrx_word' id='word_1_327' title='bbox 918 2190 1021 2256; x_wconf 67' lang='grc' dir='ltr'>4,·-θ</span> <span class='ocrx_word' id='word_1_328' title='bbox 1067 2183 1158 2260; x_wconf 80' lang='grc' dir='ltr'>ἀγαθῷ</span> <span class='ocrx_word' id='word_1_329' title='bbox 1174 2179 1291 2258; x_wconf 85' lang='grc' dir='ltr'>γίνεται·</span> <span class='ocrx_word' id='word_1_330' title='bbox 1302 2183 1370 2243; x_wconf 87' lang='grc' dir='ltr'>ὥστε</span> <span class='ocrx_word' id='word_1_331' title='bbox 1385 2181 1431 2243; x_wconf 83' lang='grc' dir='ltr'>καλ</span> <span class='ocrx_word' id='word_1_332' title='bbox 1446 2187 1474 2244; x_wconf 88' lang='grc' dir='ltr'>αί</span> <span class='ocrx_word' id='word_1_333' title='bbox 1488 2185 1540 2258; x_wconf 75' lang='grc' dir='ltr'>τῶν</span> <span class='ocrx_word' id='word_1_334' title='bbox 1552 2183 1743 2265; x_wconf 86' lang='grc' dir='ltr'>Ἐπικουρείων</span> <span class='ocrx_word' id='word_1_335' title='bbox 1757 2183 1848 2244; x_wconf 82' lang='grc' dir='ltr'>λίλυν·</span> 
     </span>
     <span class='ocr_line' id='line_1_21' title="bbox 237 2269 1849 2356; baseline 0.002 -24"><span class='ocrx_word' id='word_1_336' title='bbox 237 2273 282 2332; x_wconf 80' lang='grc' dir='ltr'>καί</span> <span class='ocrx_word' id='word_1_337' title='bbox 306 2281 360 2342; x_wconf 81' lang='grc' dir='ltr'>τοῖς</span> <span class='ocrx_word' id='word_1_338' title='bbox 390 2272 511 2350; x_wconf 86' lang='grc' dir='ltr'>σώμασιν</span> <span class='ocrx_word' id='word_1_339' title='bbox 540 2276 575 2341; x_wconf 65' lang='lat' dir='ltr'>o&lt;</span> <span class='ocrx_word' id='word_1_340' title='bbox 598 2273 737 2352; x_wconf 75' lang='grc' dir='ltr'>ἀσώματος</span> <span class='ocrx_word' id='word_1_341' title='bbox 761 2276 950 2356; x_wconf 85' lang='grc' dir='ltr'>ἀντιπίπονθε]</span> <span class='ocrx_word' id='word_1_342' title='bbox 974 2276 1013 2334; x_wconf 77' lang='lat' dir='ltr'>Cf</span> <span class='ocrx_word' id='word_1_343' title='bbox 1067 2291 1111 2328; x_wconf 83' lang='grc' dir='ltr'>ται</span> <span class='ocrx_word' id='word_1_344' title='bbox 1126 2269 1260 2340; x_wconf 60' lang='lat' dir='ltr'><strong>&lt;arisae</strong></span> <span class='ocrx_word' id='word_1_345' title='bbox 1274 2269 1304 2329; x_wconf 67' lang='grc' dir='ltr'>τὸ</span> <span class='ocrx_word' id='word_1_346' title='bbox 1316 2270 1367 2351; x_wconf 67' lang='grc' dir='ltr'>γὰρ</span> <span class='ocrx_word' id='word_1_347' title='bbox 1382 2269 1450 2330; x_wconf 78' lang='grc' dir='ltr'>θεῖόν</span> <span class='ocrx_word' id='word_1_348' title='bbox 1462 2293 1542 2352; x_wconf 74' lang='grc' dir='ltr'>φασιν</span> <span class='ocrx_word' id='word_1_349' title='bbox 1558 2270 1615 2333; x_wconf 78' lang='grc' dir='ltr'>σῦδί</span> <span class='ocrx_word' id='word_1_350' title='bbox 1630 2273 1692 2331; x_wconf 66' lang='lat' dir='ltr'>ato</span> <span class='ocrx_word' id='word_1_351' title='bbox 1704 2271 1849 2352; x_wconf 70' lang='grc' dir='ltr'>πράγματα</span> 
     </span>
     <span class='ocr_line' id='line_1_22' title="bbox 236 2353 1850 2443; baseline 0.007 -34"><span class='ocrx_word' id='word_1_352' title='bbox 236 2361 348 2422; x_wconf 66' lang='lat' dir='ltr'><strong>Marsil,</strong></span> <span class='ocrx_word' id='word_1_353' title='bbox 370 2360 463 2421; x_wconf 71' lang='lat' dir='ltr'>Ficin,</span> <span class='ocrx_word' id='word_1_354' title='bbox 479 2359 585 2421; x_wconf 69' lang='lat' dir='ltr'><strong>Theoi,</strong></span> <span class='ocrx_word' id='word_1_355' title='bbox 604 2362 676 2423; x_wconf 64' lang='lat' dir='ltr'><strong>plat,</strong></span> <span class='ocrx_word' id='word_1_356' title='bbox 690 2362 743 2424; x_wconf 73' lang='lat' dir='ltr'>lib,</span> <span class='ocrx_word' id='word_1_357' title='bbox 762 2362 802 2422; x_wconf 80' lang='lat' dir='ltr'>lx</span> <span class='ocrx_word' id='word_1_358' title='bbox 819 2383 882 2443; x_wconf 64' lang='lat' dir='ltr'>cap,</span> <span class='ocrx_word' id='word_1_359' title='bbox 901 2366 964 2422; x_wconf 61' lang='lat'>23,</span> <span class='ocrx_word' id='word_1_360' title='bbox 982 2396 1022 2410; x_wconf 90' lang='lat'>...</span> <span class='ocrx_word' id='word_1_361' title='bbox 1066 2353 1151 2436; x_wconf 75' lang='grc' dir='ltr'>ἔχειν,</span> <span class='ocrx_word' id='word_1_362' title='bbox 1170 2357 1227 2416; x_wconf 72' lang='lat' dir='ltr'><strong>otti</strong></span> <span class='ocrx_word' id='word_1_363' title='bbox 1244 2356 1333 2426; x_wconf 84' lang='grc' dir='ltr'>ἀλλοις</span> <span class='ocrx_word' id='word_1_364' title='bbox 1351 2359 1477 2440; x_wconf 83' lang='grc' dir='ltr'>παρέχειν</span> <span class='ocrx_word' id='word_1_365' title='bbox 1492 2363 1516 2417; x_wconf 83' lang='lat'>¹¹.</span> <span class='ocrx_word' id='word_1_366' title='bbox 1539 2359 1625 2435; x_wconf 77' lang='grc' dir='ltr'>Καλή</span> <span class='ocrx_word' id='word_1_367' title='bbox 1643 2361 1690 2437; x_wconf 76' lang='grc' dir='ltr'>μὲν</span> <span class='ocrx_word' id='word_1_368' title='bbox 1711 2359 1850 2437; x_wconf 77' lang='grc' dir='ltr'>ἀσώματος</span> 
     </span>
     <span class='ocr_line' id='line_1_23' title="bbox 237 2444 1849 2530; baseline 0.002 -23"><span class='ocrx_word' id='word_1_369' title='bbox 237 2447 404 2530; x_wconf 70' lang='grc' dir='ltr'>Ιγεννήσαν]</span> <span class='ocrx_word' id='word_1_370' title='bbox 422 2449 465 2509; x_wconf 87' lang='lat' dir='ltr'><strong>sic</strong></span> <span class='ocrx_word' id='word_1_371' title='bbox 480 2448 602 2529; x_wconf 81' lang='lat' dir='ltr'><strong>scripsi3</strong></span> <span class='ocrx_word' id='word_1_372' title='bbox 627 2451 712 2512; x_wconf 84' lang='lat' dir='ltr'>codd.</span> <span class='ocrx_word' id='word_1_373' title='bbox 733 2451 866 2530; x_wconf 78' lang='grc' dir='ltr'>γεννήσοι.</span> <span class='ocrx_word' id='word_1_374' title='bbox 891 2480 931 2497; x_wconf 89' lang='lat'>·-</span> <span class='ocrx_word' id='word_1_375' title='bbox 945 2451 959 2490; x_wconf 78' lang='lat'>¹</span> <span class='ocrx_word' id='word_1_376' title='bbox 975 2454 1021 2510; x_wconf 83' lang='grc' dir='ltr'>οὐκ</span> <span class='ocrx_word' id='word_1_377' title='bbox 1067 2444 1129 2526; x_wconf 86' lang='grc' dir='ltr'>περί</span> <span class='ocrx_word' id='word_1_378' title='bbox 1142 2468 1171 2505; x_wconf 86' lang='grc' dir='ltr'>τε</span> <span class='ocrx_word' id='word_1_379' title='bbox 1188 2445 1222 2505; x_wconf 82' lang='grc' dir='ltr'>τδ</span> <span class='ocrx_word' id='word_1_380' title='bbox 1238 2446 1352 2524; x_wconf 88' lang='grc' dir='ltr'>σώματα</span> <span class='ocrx_word' id='word_1_381' title='bbox 1367 2448 1414 2508; x_wconf 84' lang='grc' dir='ltr'>καὶ</span> <span class='ocrx_word' id='word_1_382' title='bbox 1428 2447 1475 2516; x_wconf 82' lang='grc' dir='ltr'>τάς</span> <span class='ocrx_word' id='word_1_383' title='bbox 1495 2449 1583 2530; x_wconf 76' lang='grc' dir='ltr'>ψυχὰς</span> <span class='ocrx_word' id='word_1_384' title='bbox 1597 2449 1706 2530; x_wconf 85' lang='grc' dir='ltr'>πρόνοια</span> <span class='ocrx_word' id='word_1_385' title='bbox 1717 2454 1770 2509; x_wconf 84' lang='grc' dir='ltr'>τῶν</span> <span class='ocrx_word' id='word_1_386' title='bbox 1785 2453 1849 2510; x_wconf 81' lang='grc' dir='ltr'>θεῶν</span> 
     </span>
     <span class='ocr_line' id='line_1_24' title="bbox 237 2533 1850 2619; baseline 0.006 -24"><span class='ocrx_word' id='word_1_387' title='bbox 237 2539 307 2597; x_wconf 82' lang='grc' dir='ltr'>ἔστιν</span> <span class='ocrx_word' id='word_1_388' title='bbox 321 2541 347 2597; x_wconf 86' lang='grc' dir='ltr'>ίν</span> <span class='ocrx_word' id='word_1_389' title='bbox 364 2537 470 2619; x_wconf 82' lang='grc' dir='ltr'>τούτῳ]</span> <span class='ocrx_word' id='word_1_390' title='bbox 485 2538 529 2598; x_wconf 75' lang='lat' dir='ltr'>Cf.</span> <span class='ocrx_word' id='word_1_391' title='bbox 547 2538 658 2598; x_wconf 85' lang='lat' dir='ltr'><strong>Plotia.</strong></span> <span class='ocrx_word' id='word_1_392' title='bbox 674 2539 803 2601; x_wconf 81' lang='lat' dir='ltr'><strong>Ennead.</strong></span> <span class='ocrx_word' id='word_1_393' title='bbox 822 2542 836 2599; x_wconf 94' lang='lat'>1</span> <span class='ocrx_word' id='word_1_394' title='bbox 853 2539 905 2600; x_wconf 89' lang='lat' dir='ltr'><strong>lib.</strong></span> <span class='ocrx_word' id='word_1_395' title='bbox 929 2539 1019 2619; x_wconf 84' lang='lat' dir='ltr'><strong>lcap.</strong></span> <span class='ocrx_word' id='word_1_396' title='bbox 1068 2535 1123 2594; x_wconf 75' lang='grc' dir='ltr'>ίντν</span> <span class='ocrx_word' id='word_1_397' title='bbox 1143 2535 1266 2611; x_wconf 73' lang='grc' dir='ltr'>τνννῦτη·</span> <span class='ocrx_word' id='word_1_398' title='bbox 1284 2539 1301 2608; x_wconf 75' lang='grc' dir='ltr'>ἦ</span> <span class='ocrx_word' id='word_1_399' title='bbox 1324 2533 1351 2596; x_wconf 62' lang='grc' dir='ltr'>δὲ</span> <span class='ocrx_word' id='word_1_400' title='bbox 1368 2539 1397 2596; x_wconf 62' lang='lat' dir='ltr'>lx</span> <span class='ocrx_word' id='word_1_401' title='bbox 1413 2542 1466 2598; x_wconf 70' lang='grc' dir='ltr'>τῶν</span> <span class='ocrx_word' id='word_1_402' title='bbox 1485 2537 1618 2614; x_wconf 68' lang='grc' dir='ltr'>σωμάτων</span> <span class='ocrx_word' id='word_1_403' title='bbox 1632 2538 1677 2598; x_wconf 76' lang='grc' dir='ltr'>καί</span> <span class='ocrx_word' id='word_1_404' title='bbox 1691 2542 1717 2598; x_wconf 84' lang='grc' dir='ltr'>ίν</span> <span class='ocrx_word' id='word_1_405' title='bbox 1732 2539 1785 2605; x_wconf 77' lang='grc' dir='ltr'>τοῖς</span> <span class='ocrx_word' id='word_1_406' title='bbox 1797 2538 1850 2598; x_wconf 71' lang='grc' dir='ltr'>σίν·</span> 
     </span>
     <span class='ocr_line' id='line_1_25' title="bbox 239 2622 1849 2710; baseline 0.002 -30"><span class='ocrx_word' id='word_1_407' title='bbox 239 2629 255 2687; x_wconf 82' lang='grc'><strong>3</strong></span> <span class='ocrx_word' id='word_1_408' title='bbox 272 2640 301 2686; x_wconf 85' lang='lat' dir='ltr'>et</span> <span class='ocrx_word' id='word_1_409' title='bbox 321 2635 348 2696; x_wconf 71' lang='grc'>4.</span> <span class='ocrx_word' id='word_1_410' title='bbox 373 2628 467 2686; x_wconf 75' lang='lat' dir='ltr'><strong>Aliter</strong></span> <span class='ocrx_word' id='word_1_411' title='bbox 490 2640 592 2686; x_wconf 80' lang='lat' dir='ltr'>auctor</span> <span class='ocrx_word' id='word_1_412' title='bbox 605 2626 777 2687; x_wconf 77' lang='lat' dir='ltr'><strong>Poemandri</strong></span> <span class='ocrx_word' id='word_1_413' title='bbox 799 2650 829 2707; x_wconf 81' lang='lat' dir='ltr'>p,</span> <span class='ocrx_word' id='word_1_414' title='bbox 850 2649 881 2687; x_wconf 88' lang='lat'>11</span> <span class='ocrx_word' id='word_1_415' title='bbox 906 2629 979 2710; x_wconf 66' lang='grc' dir='ltr'>ψυχὴ</span> <span class='ocrx_word' id='word_1_416' title='bbox 998 2630 1021 2688; x_wconf 84' lang='grc' dir='ltr'>δ’</span> <span class='ocrx_word' id='word_1_417' title='bbox 1067 2643 1148 2696; x_wconf 88' lang='grc' dir='ltr'>μασιν</span> <span class='ocrx_word' id='word_1_418' title='bbox 1162 2622 1238 2704; x_wconf 81' lang='grc' dir='ltr'>ίτίρα</span> <span class='ocrx_word' id='word_1_419' title='bbox 1248 2647 1277 2683; x_wconf 91' lang='grc' dir='ltr'>τε</span> <span class='ocrx_word' id='word_1_420' title='bbox 1291 2624 1388 2696; x_wconf 84' lang='grc' dir='ltr'>ταύτης</span> <span class='ocrx_word' id='word_1_421' title='bbox 1399 2625 1455 2685; x_wconf 79' lang='grc' dir='ltr'>ἐστί</span> <span class='ocrx_word' id='word_1_422' title='bbox 1463 2668 1472 2699; x_wconf 91' lang='grc'>,</span> <span class='ocrx_word' id='word_1_423' title='bbox 1486 2624 1532 2684; x_wconf 81' lang='grc' dir='ltr'>καί</span> <span class='ocrx_word' id='word_1_424' title='bbox 1543 2627 1690 2706; x_wconf 84' lang='grc' dir='ltr'>ιίμαρμίνη</span> <span class='ocrx_word' id='word_1_425' title='bbox 1702 2629 1821 2686; x_wconf 87' lang='grc' dir='ltr'>καλεῖται</span> <span class='ocrx_word' id='word_1_426' title='bbox 1832 2627 1849 2700; x_wconf 75' lang='lat'>¹,</span> 
     </span>
     <span class='ocr_line' id='line_1_26' title="bbox 238 2708 1845 2799; baseline -0.001 -23"><span class='ocrx_word' id='word_1_427' title='bbox 238 2715 376 2798; x_wconf 86' lang='grc' dir='ltr'>ἀνθρώπου</span> <span class='ocrx_word' id='word_1_428' title='bbox 402 2717 504 2798; x_wconf 80' lang='grc' dir='ltr'>ὀχεῖται</span> <span class='ocrx_word' id='word_1_429' title='bbox 521 2715 565 2775; x_wconf 80' lang='grc' dir='ltr'>τόν</span> <span class='ocrx_word' id='word_1_430' title='bbox 588 2717 684 2796; x_wconf 86' lang='grc' dir='ltr'>τρόπον</span> <span class='ocrx_word' id='word_1_431' title='bbox 709 2724 813 2777; x_wconf 77' lang='grc' dir='ltr'>τοῦτον·</span> <span class='ocrx_word' id='word_1_432' title='bbox 829 2723 843 2778; x_wconf 87' lang='grc' dir='ltr'>θ</span> <span class='ocrx_word' id='word_1_433' title='bbox 866 2723 925 2786; x_wconf 79' lang='grc' dir='ltr'>νοῦς</span> <span class='ocrx_word' id='word_1_434' title='bbox 941 2721 968 2778; x_wconf 86' lang='grc' dir='ltr'>ίν</span> <span class='ocrx_word' id='word_1_435' title='bbox 984 2724 1021 2799; x_wconf 80' lang='grc' dir='ltr'>τῷ</span> <span class='ocrx_word' id='word_1_436' title='bbox 1067 2708 1109 2767; x_wconf 80' lang='grc' dir='ltr'>διδ</span> <span class='ocrx_word' id='word_1_437' title='bbox 1125 2709 1155 2768; x_wconf 86' lang='grc' dir='ltr'>τδ</span> <span class='ocrx_word' id='word_1_438' title='bbox 1169 2711 1270 2786; x_wconf 72' lang='grc' dir='ltr'>μᾶλλον</span> <span class='ocrx_word' id='word_1_439' title='bbox 1287 2712 1314 2772; x_wconf 81' lang='grc' dir='ltr'>ἀν</span> <span class='ocrx_word' id='word_1_440' title='bbox 1328 2719 1380 2780; x_wconf 84' lang='grc' dir='ltr'>τοῖς</span> <span class='ocrx_word' id='word_1_441' title='bbox 1393 2711 1523 2791; x_wconf 72' lang='grc' dir='ltr'>σώμασιι</span> <span class='ocrx_word' id='word_1_442' title='bbox 1540 2712 1676 2795; x_wconf 73' lang='grc' dir='ltr'>φαίνεσθαι</span> <span class='ocrx_word' id='word_1_443' title='bbox 1690 2715 1734 2776; x_wconf 89' lang='grc' dir='ltr'>τδν</span> <span class='ocrx_word' id='word_1_444' title='bbox 1746 2715 1845 2796; x_wconf 89' lang='grc' dir='ltr'>είρμύν,</span> 
     </span>
     <span class='ocr_line' id='line_1_27' title="bbox 236 2795 1849 2887; baseline 0.001 -27"><span class='ocrx_word' id='word_1_445' title='bbox 236 2805 323 2884; x_wconf 81' lang='grc' dir='ltr'>λόγῳ,</span> <span class='ocrx_word' id='word_1_446' title='bbox 339 2806 353 2862; x_wconf 84' lang='grc' dir='ltr'>δ</span> <span class='ocrx_word' id='word_1_447' title='bbox 368 2803 443 2882; x_wconf 85' lang='grc' dir='ltr'>λόγος</span> <span class='ocrx_word' id='word_1_448' title='bbox 458 2805 484 2862; x_wconf 81' lang='grc' dir='ltr'>ίν</span> <span class='ocrx_word' id='word_1_449' title='bbox 505 2807 538 2884; x_wconf 84' lang='grc' dir='ltr'>τῇ</span> <span class='ocrx_word' id='word_1_450' title='bbox 551 2805 641 2884; x_wconf 80' lang='grc' dir='ltr'>ψυχῇ,</span> <span class='ocrx_word' id='word_1_451' title='bbox 657 2808 674 2875; x_wconf 81' lang='grc' dir='ltr'>ἡ</span> <span class='ocrx_word' id='word_1_452' title='bbox 690 2801 763 2886; x_wconf 77' lang='grc' dir='ltr'>ψυχὴ</span> <span class='ocrx_word' id='word_1_453' title='bbox 781 2807 807 2864; x_wconf 76' lang='grc' dir='ltr'>ἔν</span> <span class='ocrx_word' id='word_1_454' title='bbox 823 2809 861 2887; x_wconf 83' lang='grc' dir='ltr'>τῷ</span> <span class='ocrx_word' id='word_1_455' title='bbox 876 2806 1022 2887; x_wconf 65' lang='grc' dir='ltr'>πνεύματι,</span> <span class='ocrx_word' id='word_1_456' title='bbox 1067 2800 1127 2880; x_wconf 80' lang='grc' dir='ltr'>περὶ</span> <span class='ocrx_word' id='word_1_457' title='bbox 1137 2800 1170 2872; x_wconf 75' lang='grc' dir='ltr'>ἣν</span> <span class='ocrx_word' id='word_1_458' title='bbox 1185 2799 1260 2876; x_wconf 73' lang='grc' dir='ltr'>καὶὴ</span> <span class='ocrx_word' id='word_1_459' title='bbox 1276 2803 1448 2880; x_wconf 84' lang='grc' dir='ltr'>μαθηματικὴ</span> <span class='ocrx_word' id='word_1_460' title='bbox 1464 2803 1572 2884; x_wconf 75' lang='grc' dir='ltr'>εὕρηται</span> <span class='ocrx_word' id='word_1_461' title='bbox 1587 2802 1677 2884; x_wconf 70' lang='grc' dir='ltr'>τίχνη.</span> <span class='ocrx_word' id='word_1_462' title='bbox 1691 2803 1731 2865; x_wconf 88' lang='grc' dir='ltr'>Τδ</span> <span class='ocrx_word' id='word_1_463' title='bbox 1747 2803 1793 2883; x_wconf 79' lang='grc' dir='ltr'>μίν</span> <span class='ocrx_word' id='word_1_464' title='bbox 1806 2795 1849 2863; x_wconf 81' lang='grc' dir='ltr'>σύν</span> 
     </span>
     <span class='ocr_line' id='line_1_28' title="bbox 239 2887 1848 2974; baseline 0 -24"><span class='ocrx_word' id='word_1_465' title='bbox 239 2893 268 2950; x_wconf 77' lang='grc' dir='ltr'>τὸ</span> <span class='ocrx_word' id='word_1_466' title='bbox 283 2895 386 2970; x_wconf 81' lang='grc' dir='ltr'>πνεῦμα</span> <span class='ocrx_word' id='word_1_467' title='bbox 403 2893 429 2950; x_wconf 79' lang='grc' dir='ltr'>ἓν</span> <span class='ocrx_word' id='word_1_468' title='bbox 445 2895 483 2970; x_wconf 82' lang='grc' dir='ltr'>τῷ</span> <span class='ocrx_word' id='word_1_469' title='bbox 496 2889 611 2964; x_wconf 87' lang='grc' dir='ltr'>σώματι.</span> <span class='ocrx_word' id='word_1_470' title='bbox 625 2923 665 2938; x_wconf 93' lang='lat'>-·</span> <span class='ocrx_word' id='word_1_471' title='bbox 679 2890 687 2928; x_wconf 91' lang='lat'>¹</span> <span class='ocrx_word' id='word_1_472' title='bbox 707 2895 904 2974; x_wconf 76' lang='grc' dir='ltr'>παρατρέπςται</span> <span class='ocrx_word' id='word_1_473' title='bbox 918 2898 1021 2957; x_wconf 75' lang='grc' dir='ltr'>πολλά.</span> <span class='ocrx_word' id='word_1_474' title='bbox 1067 2887 1104 2966; x_wconf 78' lang='grc' dir='ltr'>μὴ</span> <span class='ocrx_word' id='word_1_475' title='bbox 1117 2887 1195 2965; x_wconf 86' lang='grc' dir='ltr'>μόνον</span> <span class='ocrx_word' id='word_1_476' title='bbox 1208 2891 1237 2948; x_wconf 74' lang='lat' dir='ltr'>lx</span> <span class='ocrx_word' id='word_1_477' title='bbox 1252 2891 1335 2968; x_wconf 82' lang='grc' dir='ltr'>θεῶν,</span> <span class='ocrx_word' id='word_1_478' title='bbox 1352 2887 1420 2950; x_wconf 77' lang='grc' dir='ltr'>ἀλλά</span> <span class='ocrx_word' id='word_1_479' title='bbox 1434 2890 1481 2950; x_wconf 80' lang='grc' dir='ltr'>καί</span> <span class='ocrx_word' id='word_1_480' title='bbox 1497 2893 1527 2950; x_wconf 82' lang='grc' dir='ltr'>ίκ</span> <span class='ocrx_word' id='word_1_481' title='bbox 1542 2893 1594 2948; x_wconf 82' lang='grc' dir='ltr'>τῶν</span> <span class='ocrx_word' id='word_1_482' title='bbox 1608 2895 1682 2950; x_wconf 83' lang='grc' dir='ltr'>θείων</span> <span class='ocrx_word' id='word_1_483' title='bbox 1699 2891 1848 2969; x_wconf 86' lang='grc' dir='ltr'>σωμοίτων1</span> 
     </span>
     <span class='ocr_line' id='line_1_29' title="bbox 242 2977 1849 3069; baseline 0.001 -31"><span class='ocrx_word' id='word_1_484' title='bbox 242 2979 306 3059; x_wconf 85' lang='grc' dir='ltr'>κις]</span> <span class='ocrx_word' id='word_1_485' title='bbox 327 2979 506 3039; x_wconf 79' lang='lat' dir='ltr'><strong>lamblichus</strong></span> <span class='ocrx_word' id='word_1_486' title='bbox 530 2980 566 3038; x_wconf 90' lang='lat' dir='ltr'>de</span> <span class='ocrx_word' id='word_1_487' title='bbox 581 2981 670 3059; x_wconf 85' lang='lat' dir='ltr'><strong>Myst.</strong></span> <span class='ocrx_word' id='word_1_488' title='bbox 688 3001 778 3059; x_wconf 86' lang='lat' dir='ltr'><strong>segm.</strong></span> <span class='ocrx_word' id='word_1_489' title='bbox 799 2981 813 3040; x_wconf 96' lang='lat' dir='ltr'><strong>l</strong></span> <span class='ocrx_word' id='word_1_490' title='bbox 832 3005 894 3065; x_wconf 79' lang='lat' dir='ltr'>cap,</span> <span class='ocrx_word' id='word_1_491' title='bbox 915 3009 930 3060; x_wconf 89' lang='lat'><strong>7</strong></span> <span class='ocrx_word' id='word_1_492' title='bbox 953 2990 1021 3069; x_wconf 67' lang='grc' dir='ltr'>ῥοπῆ</span> <span class='ocrx_word' id='word_1_493' title='bbox 1067 2977 1220 3037; x_wconf 83' lang='grc' dir='ltr'>διοικεῖσθαι</span> <span class='ocrx_word' id='word_1_494' title='bbox 1232 2977 1266 3037; x_wconf 86' lang='grc' dir='ltr'>τδι</span> <span class='ocrx_word' id='word_1_495' title='bbox 1281 2977 1429 3060; x_wconf 84' lang='grc' dir='ltr'>ἀνθρώπινα</span> <span class='ocrx_word' id='word_1_496' title='bbox 1443 2978 1605 3060; x_wconf 88' lang='grc' dir='ltr'>πράγματα,</span> <span class='ocrx_word' id='word_1_497' title='bbox 1619 2980 1664 3039; x_wconf 86' lang='grc' dir='ltr'>καὶ</span> <span class='ocrx_word' id='word_1_498' title='bbox 1676 2979 1791 3058; x_wconf 78' lang='grc' dir='ltr'>μάλιστα</span> <span class='ocrx_word' id='word_1_499' title='bbox 1803 2981 1849 3052; x_wconf 73' lang='grc' dir='ltr'>την</span> 
     </span>
     <span class='ocr_line' id='line_1_30' title="bbox 240 3054 1850 3156; baseline -0.001 -29"><span class='ocrx_word' id='word_1_500' title='bbox 240 3067 285 3127; x_wconf 80' lang='grc' dir='ltr'>καί</span> <span class='ocrx_word' id='word_1_501' title='bbox 302 3067 392 3146; x_wconf 81' lang='grc' dir='ltr'>σχίσει</span> <span class='ocrx_word' id='word_1_502' title='bbox 406 3066 451 3127; x_wconf 82' lang='grc' dir='ltr'>καί</span> <span class='ocrx_word' id='word_1_503' title='bbox 468 3066 554 3127; x_wconf 86' lang='grc' dir='ltr'>νεύσει</span> <span class='ocrx_word' id='word_1_504' title='bbox 575 3073 730 3152; x_wconf 83' lang='grc' dir='ltr'>κρατεῖται,</span> <span class='ocrx_word' id='word_1_505' title='bbox 746 3069 844 3152; x_wconf 79' lang='grc' dir='ltr'>ὀρέξςσί</span> <span class='ocrx_word' id='word_1_506' title='bbox 858 3095 885 3133; x_wconf 76' lang='grc' dir='ltr'>τε</span> <span class='ocrx_word' id='word_1_507' title='bbox 906 3080 951 3134; x_wconf 72' lang='grc' dir='ltr'>τοῦ</span> <span class='ocrx_word' id='word_1_508' title='bbox 965 3054 1021 3156; x_wconf 48' lang='lat' dir='ltr'>yfi-</span> <span class='ocrx_word' id='word_1_509' title='bbox 1069 3066 1223 3142; x_wconf 76' lang='grc' dir='ltr'>σωματικὴν</span> <span class='ocrx_word' id='word_1_510' title='bbox 1246 3064 1340 3146; x_wconf 78' lang='grc' dir='ltr'>φύσιν,</span> <span class='ocrx_word' id='word_1_511' title='bbox 1360 3065 1466 3140; x_wconf 83' lang='grc' dir='ltr'>εύλογόν</span> <span class='ocrx_word' id='word_1_512' title='bbox 1486 3067 1516 3127; x_wconf 87' lang='grc' dir='ltr'>τί</span> <span class='ocrx_word' id='word_1_513' title='bbox 1535 3067 1651 3126; x_wconf 74' lang='grc' dir='ltr'>ἀστικαὶ</span> <span class='ocrx_word' id='word_1_514' title='bbox 1679 3067 1789 3146; x_wconf 85' lang='grc' dir='ltr'>ἀληθές,</span> <span class='ocrx_word' id='word_1_515' title='bbox 1805 3067 1850 3126; x_wconf 82' lang='grc' dir='ltr'>καὶ</span> 
     </span>
     <span class='ocr_line' id='line_1_31' title="bbox 242 3151 1851 3260; baseline 0 -46"><span class='ocrx_word' id='word_1_516' title='bbox 242 3179 327 3236; x_wconf 89' lang='grc' dir='ltr'>ρονος,</span> <span class='ocrx_word' id='word_1_517' title='bbox 344 3157 389 3215; x_wconf 81' lang='grc' dir='ltr'>καί</span> <span class='ocrx_word' id='word_1_518' title='bbox 404 3156 533 3216; x_wconf 79' lang='grc' dir='ltr'>οἰκειώσει</span> <span class='ocrx_word' id='word_1_519' title='bbox 549 3159 600 3215; x_wconf 82' lang='grc' dir='ltr'>τῶν</span> <span class='ocrx_word' id='word_1_520' title='bbox 613 3157 739 3237; x_wconf 73' lang='grc' dir='ltr'>δευτέρων</span> <span class='ocrx_word' id='word_1_521' title='bbox 751 3159 903 3239; x_wconf 85' lang='grc' dir='ltr'>κατίχεται.</span> <span class='ocrx_word' id='word_1_522' title='bbox 915 3165 969 3243; x_wconf 83' lang='grc'>-)</span> <span class='ocrx_word' id='word_1_523' title='bbox 1069 3152 1111 3210; x_wconf 78' lang='grc' dir='ltr'>διδ</span> <span class='ocrx_word' id='word_1_524' title='bbox 1124 3159 1199 3212; x_wconf 79' lang='grc' dir='ltr'>τοῦτο</span> <span class='ocrx_word' id='word_1_525' title='bbox 1213 3152 1312 3230; x_wconf 85' lang='grc' dir='ltr'>ύγίειοίν</span> <span class='ocrx_word' id='word_1_526' title='bbox 1323 3177 1352 3212; x_wconf 90' lang='grc' dir='ltr'>τε</span> <span class='ocrx_word' id='word_1_527' title='bbox 1366 3153 1411 3212; x_wconf 84' lang='grc' dir='ltr'>καί</span> <span class='ocrx_word' id='word_1_528' title='bbox 1426 3153 1516 3227; x_wconf 84' lang='grc' dir='ltr'>νόσον,</span> <span class='ocrx_word' id='word_1_529' title='bbox 1531 3152 1653 3260; x_wconf 63' lang='grc' dir='ltr'>εὖτυγίας</span> <span class='ocrx_word' id='word_1_530' title='bbox 1662 3175 1690 3211; x_wconf 87' lang='grc' dir='ltr'>τε</span> <span class='ocrx_word' id='word_1_531' title='bbox 1702 3151 1748 3212; x_wconf 84' lang='grc' dir='ltr'>καί</span> <span class='ocrx_word' id='word_1_532' title='bbox 1759 3153 1851 3214; x_wconf 84' lang='grc' dir='ltr'>δυσπν-</span> 
     </span>
     <span class='ocr_line' id='line_1_32' title="bbox 572 3239 1852 3409; baseline 0.013 -35"><span class='ocrx_word' id='word_1_533' title='bbox 572 3319 636 3396; x_wconf 65' lang='lat' dir='ltr'><strong>m.</strong></span> <span class='ocrx_word' id='word_1_534' title='bbox 661 3317 693 3378; x_wconf 85' lang='grc' dir='ltr'>ν.</span> <span class='ocrx_word' id='word_1_535' title='bbox 1069 3239 1852 3409; x_wconf 46' lang='lat' dir='ltr'>{iiiiii}52⁵322iiffssii‘iiffi‘failiiassir‘ffss‘iffss</span> 
     </span>
    </p>

    <p class='ocr_par' dir='ltr' id='par_1_3' title="bbox 1069 3415 1874 3498">
     <span class='ocr_line' id='line_1_33' title="bbox 1069 3415 1874 3498; baseline 0.009 -24"><span class='ocrx_word' id='word_1_536' title='bbox 1069 3415 1177 3490; x_wconf 84' lang='grc' dir='ltr'>διδόναι,</span> <span class='ocrx_word' id='word_1_537' title='bbox 1192 3421 1263 3494; x_wconf 73' lang='grc' dir='ltr'>ἡμᾶς</span> <span class='ocrx_word' id='word_1_538' title='bbox 1276 3415 1324 3493; x_wconf 79' lang='grc' dir='ltr'>μίν</span> <span class='ocrx_word' id='word_1_539' title='bbox 1341 3418 1469 3498; x_wconf 80' lang='grc' dir='ltr'>ἀγαθούς,</span> <span class='ocrx_word' id='word_1_540' title='bbox 1488 3416 1545 3484; x_wconf 79' lang='grc' dir='ltr'>τοὺς</span> <span class='ocrx_word' id='word_1_541' title='bbox 1560 3417 1587 3477; x_wconf 81' lang='grc' dir='ltr'>δὲ</span> <span class='ocrx_word' id='word_1_542' title='bbox 1602 3417 1673 3485; x_wconf 79' lang='grc' dir='ltr'>θεοὺς</span> <span class='ocrx_word' id='word_1_543' title='bbox 1693 3423 1776 3479; x_wconf 86' lang='grc' dir='ltr'>ποιεῖν</span> <span class='ocrx_word' id='word_1_544' title='bbox 1796 3421 1851 3480; x_wconf 71' lang='grc' dir='ltr'>ἐστι</span> <span class='ocrx_word' id='word_1_545' title='bbox 1869 3472 1874 3481; x_wconf 98' lang='grc'>.</span> 
     </span>
    </p>
   </div>
   <div class='ocr_carea' id='block_1_3' title="bbox 363 3468 1852 3586">
    <p class='ocr_par' dir='ltr' id='par_1_4' title="bbox 363 3468 1852 3586">
     <span class='ocr_line' id='line_1_34' title="bbox 363 3468 1852 3586; baseline 0.005 -26"><span class='ocrx_word' id='word_1_546' title='bbox 363 3469 420 3533; x_wconf 59' lang='grc' dir='ltr'><strong>Περὶ</strong></span> <span class='ocrx_word' id='word_1_547' title='bbox 436 3468 546 3530; x_wconf 52' lang='grc' dir='ltr'>προνοίας</span> <span class='ocrx_word' id='word_1_548' title='bbox 557 3469 597 3518; x_wconf 58' lang='grc' dir='ltr'>καὶ</span> <span class='ocrx_word' id='word_1_549' title='bbox 610 3470 749 3533; x_wconf 51' lang='grc' dir='ltr'><strong>εἱμαρμένης</strong></span> <span class='ocrx_word' id='word_1_550' title='bbox 761 3478 800 3520; x_wconf 54' lang='grc' dir='ltr'>καὶ</span> <span class='ocrx_word' id='word_1_551' title='bbox 814 3474 895 3537; x_wconf 49' lang='lat'>‘&#39;⁵7³¹‘&#39;</span> <span class='ocrx_word' id='word_1_552' title='bbox 1069 3504 1179 3572; x_wconf 87' lang='grc' dir='ltr'>κακούς·</span> <span class='ocrx_word' id='word_1_553' title='bbox 1202 3509 1224 3564; x_wconf 85' lang='grc' dir='ltr'>εί</span> <span class='ocrx_word' id='word_1_554' title='bbox 1241 3505 1279 3584; x_wconf 79' lang='grc' dir='ltr'>μὴ</span> <span class='ocrx_word' id='word_1_555' title='bbox 1296 3505 1347 3586; x_wconf 78' lang='grc' dir='ltr'>ἄρα</span> <span class='ocrx_word' id='word_1_556' title='bbox 1363 3509 1444 3566; x_wconf 78' lang='grc' dir='ltr'>ἐκεῖνο</span> <span class='ocrx_word' id='word_1_557' title='bbox 1460 3505 1545 3586; x_wconf 76' lang='grc' dir='ltr'>λέγειν</span> <span class='ocrx_word' id='word_1_558' title='bbox 1562 3507 1644 3566; x_wconf 76' lang='grc' dir='ltr'>ἐθέλοι</span> <span class='ocrx_word' id='word_1_559' title='bbox 1663 3531 1719 3586; x_wconf 88' lang='grc' dir='ltr'>τις,</span> <span class='ocrx_word' id='word_1_560' title='bbox 1734 3511 1769 3575; x_wconf 76' lang='grc' dir='ltr'>ὡς</span> <span class='ocrx_word' id='word_1_561' title='bbox 1786 3506 1852 3576; x_wconf 82' lang='grc' dir='ltr'>δλως</span> 
     </span>
    </p>
   </div>
   <div class='ocr_carea' id='block_1_4' title="bbox 238 3577 1851 3774">
    <p class='ocr_par' dir='ltr' id='par_1_5' title="bbox 238 3577 1851 3774">
     <span class='ocr_line' id='line_1_35' title="bbox 280 3577 1851 3676; baseline 0.008 -33"><span class='ocrx_word' id='word_1_562' title='bbox 280 3577 338 3653; x_wconf 75' lang='grc' dir='ltr'>Τὴν</span> <span class='ocrx_word' id='word_1_563' title='bbox 360 3579 387 3640; x_wconf 84' lang='grc' dir='ltr'>δὲ</span> <span class='ocrx_word' id='word_1_564' title='bbox 403 3585 454 3642; x_wconf 82' lang='grc' dir='ltr'>τῶν</span> <span class='ocrx_word' id='word_1_565' title='bbox 472 3585 536 3641; x_wconf 83' lang='grc' dir='ltr'>θεῶν</span> <span class='ocrx_word' id='word_1_566' title='bbox 552 3582 702 3662; x_wconf 78' lang='grc' dir='ltr'>πρόνοιαν·</span> <span class='ocrx_word' id='word_1_567' title='bbox 718 3583 774 3644; x_wconf 77' lang='grc' dir='ltr'>ἔστι</span> <span class='ocrx_word' id='word_1_568' title='bbox 790 3587 836 3662; x_wconf 80' lang='grc' dir='ltr'>μίν</span> <span class='ocrx_word' id='word_1_569' title='bbox 853 3588 898 3646; x_wconf 78' lang='grc' dir='ltr'>καί</span> <span class='ocrx_word' id='word_1_570' title='bbox 915 3590 945 3647; x_wconf 77' lang='grc' dir='ltr'>ἐκ</span> <span class='ocrx_word' id='word_1_571' title='bbox 960 3613 1018 3648; x_wconf 87' lang='grc' dir='ltr'>του·</span> <span class='ocrx_word' id='word_1_572' title='bbox 1074 3593 1121 3652; x_wconf 70' lang='lat' dir='ltr'>niv</span> <span class='ocrx_word' id='word_1_573' title='bbox 1135 3595 1172 3674; x_wconf 84' lang='grc' dir='ltr'>τῷ</span> <span class='ocrx_word' id='word_1_574' title='bbox 1187 3593 1280 3674; x_wconf 85' lang='grc' dir='ltr'>κόσμῳ</span> <span class='ocrx_word' id='word_1_575' title='bbox 1291 3595 1336 3654; x_wconf 82' lang='grc' dir='ltr'>καλ</span> <span class='ocrx_word' id='word_1_576' title='bbox 1348 3603 1401 3663; x_wconf 88' lang='grc' dir='ltr'>τοῖς</span> <span class='ocrx_word' id='word_1_577' title='bbox 1415 3594 1483 3652; x_wconf 75' lang='grc' dir='ltr'>κατὰ</span> <span class='ocrx_word' id='word_1_578' title='bbox 1496 3593 1571 3675; x_wconf 76' lang='grc' dir='ltr'>φύσιν</span> <span class='ocrx_word' id='word_1_579' title='bbox 1587 3593 1691 3674; x_wconf 83' lang='grc' dir='ltr'>ἔχουσιν</span> <span class='ocrx_word' id='word_1_580' title='bbox 1708 3599 1749 3655; x_wconf 83' lang='grc' dir='ltr'>ἐπ’</span> <span class='ocrx_word' id='word_1_581' title='bbox 1762 3599 1851 3676; x_wconf 83' lang='grc' dir='ltr'>ἀγαθῷ</span> 
     </span>
     <span class='ocr_line' id='line_1_36' title="bbox 238 3669 1851 3774; baseline 0.009 -45"><span class='ocrx_word' id='word_1_582' title='bbox 238 3693 290 3729; x_wconf 86' lang='grc' dir='ltr'>των</span> <span class='ocrx_word' id='word_1_583' title='bbox 304 3671 377 3730; x_wconf 81' lang='grc' dir='ltr'>ἰδεῖν.</span> <span class='ocrx_word' id='word_1_584' title='bbox 396 3669 480 3732; x_wconf 84' lang='grc' dir='ltr'>Πόθεν</span> <span class='ocrx_word' id='word_1_585' title='bbox 494 3669 544 3753; x_wconf 81' lang='grc' dir='ltr'>γάρ</span> <span class='ocrx_word' id='word_1_586' title='bbox 559 3677 575 3746; x_wconf 73' lang='grc' dir='ltr'>ἡ</span> <span class='ocrx_word' id='word_1_587' title='bbox 592 3673 662 3744; x_wconf 78' lang='grc' dir='ltr'>τάξις</span> <span class='ocrx_word' id='word_1_588' title='bbox 676 3675 714 3754; x_wconf 82' lang='grc' dir='ltr'>τῷ</span> <span class='ocrx_word' id='word_1_589' title='bbox 729 3673 836 3756; x_wconf 82' lang='grc' dir='ltr'>κόσμῳ,</span> <span class='ocrx_word' id='word_1_590' title='bbox 851 3675 923 3756; x_wconf 83' lang='grc' dir='ltr'>εἴπερ</span> <span class='ocrx_word' id='word_1_591' title='bbox 938 3677 1018 3755; x_wconf 76' lang='grc' dir='ltr'>μηδὲν</span> <span class='ocrx_word' id='word_1_592' title='bbox 1074 3681 1175 3764; x_wconf 87' lang='grc' dir='ltr'>γίνεται</span> <span class='ocrx_word' id='word_1_593' title='bbox 1189 3683 1276 3743; x_wconf 77' lang='grc' dir='ltr'>πάντα</span> <span class='ocrx_word' id='word_1_594' title='bbox 1289 3689 1319 3758; x_wconf 82' lang='lat'>¹¹,</span> <span class='ocrx_word' id='word_1_595' title='bbox 1334 3682 1366 3743; x_wconf 83' lang='grc' dir='ltr'>ιδ</span> <span class='ocrx_word' id='word_1_596' title='bbox 1380 3682 1408 3743; x_wconf 79' lang='grc' dir='ltr'>δδ</span> <span class='ocrx_word' id='word_1_597' title='bbox 1427 3687 1559 3765; x_wconf 75' lang='grc' dir='ltr'>τραφῆναι</span> <span class='ocrx_word' id='word_1_598' title='bbox 1579 3687 1665 3751; x_wconf 79' lang='grc' dir='ltr'>κακῶς</span> <span class='ocrx_word' id='word_1_599' title='bbox 1681 3683 1698 3756; x_wconf 78' lang='grc' dir='ltr'><strong>ἦ</strong></span> <span class='ocrx_word' id='word_1_600' title='bbox 1713 3684 1760 3755; x_wconf 77' lang='grc' dir='ltr'>τὴν</span> <span class='ocrx_word' id='word_1_601' title='bbox 1776 3685 1851 3774; x_wconf 81' lang='grc' dir='ltr'>φύσιν</span> 
     </span>
    </p>
   </div>
   <div class='ocr_carea' id='block_1_5' title="bbox 239 3905 1856 5123">
    <p class='ocr_par' dir='ltr' id='par_1_6' title="bbox 558 3905 1853 4136">
     <span class='ocr_line' id='line_1_37' title="bbox 558 3905 1853 3969; baseline 0.003 -15"><span class='ocrx_word' id='word_1_602' title='bbox 558 3905 618 3968; x_wconf 82' lang='lat' dir='ltr'><strong>Gap.</strong></span> <span class='ocrx_word' id='word_1_603' title='bbox 636 3905 702 3956; x_wconf 85' lang='lat' dir='ltr'><strong>vm.</strong></span> <span class='ocrx_word' id='word_1_604' title='bbox 1069 3905 1163 3954; x_wconf 83' lang='lat' dir='ltr'><strong>ratione</strong></span> <span class='ocrx_word' id='word_1_605' title='bbox 1179 3917 1267 3969; x_wconf 82' lang='lat' dir='ltr'><strong>corpus</strong></span> <span class='ocrx_word' id='word_1_606' title='bbox 1277 3907 1425 3965; x_wconf 80' lang='lat' dir='ltr'><strong>contemnil,</strong></span> <span class='ocrx_word' id='word_1_607' title='bbox 1435 3906 1544 3968; x_wconf 83' lang='lat' dir='ltr'><strong>initoque</strong></span> <span class='ocrx_word' id='word_1_608' title='bbox 1555 3918 1613 3955; x_wconf 88' lang='lat' dir='ltr'><strong>cum</strong></span> <span class='ocrx_word' id='word_1_609' title='bbox 1627 3905 1762 3957; x_wconf 78' lang='lat' dir='ltr'><strong>irrationali</strong></span> <span class='ocrx_word' id='word_1_610' title='bbox 1772 3908 1853 3958; x_wconf 75' lang='lat' dir='ltr'><strong>anion</strong></span> 
     </span>
     <span class='ocr_line' id='line_1_38' title="bbox 1070 3993 1853 4057; baseline 0.005 -15"><span class='ocrx_word' id='word_1_611' title='bbox 1070 3993 1203 4044; x_wconf 79' lang='lat' dir='ltr'><strong>certamine</strong></span> <span class='ocrx_word' id='word_1_612' title='bbox 1227 3993 1339 4057; x_wconf 73' lang='lat' dir='ltr'><strong>superior</strong></span> <span class='ocrx_word' id='word_1_613' title='bbox 1358 3995 1424 4044; x_wconf 85' lang='lat' dir='ltr'><strong>iacta</strong></span> <span class='ocrx_word' id='word_1_614' title='bbox 1449 3993 1583 4056; x_wconf 82' lang='lat' dir='ltr'><strong>vlrtutem,</strong></span> <span class='ocrx_word' id='word_1_615' title='bbox 1604 3993 1705 4045; x_wconf 77' lang='lat' dir='ltr'><strong>Interior</strong></span> <span class='ocrx_word' id='word_1_616' title='bbox 1724 3995 1853 4047; x_wconf 73' lang='lat' dir='ltr'><strong>discedens</strong></span> 
     </span>
     <span class='ocr_line' id='line_1_39' title="bbox 1069 4079 1853 4136; baseline 0.005 -7"><span class='ocrx_word' id='word_1_617' title='bbox 1069 4079 1187 4130; x_wconf 83' lang='lat' dir='ltr'><strong>maliliam</strong></span> <span class='ocrx_word' id='word_1_618' title='bbox 1199 4081 1284 4132; x_wconf 78' lang='lat' dir='ltr'><strong>officii.</strong></span> <span class='ocrx_word' id='word_1_619' title='bbox 1317 4081 1441 4136; x_wconf 75' lang='lat' dir='ltr'><strong>caterua</strong></span> <span class='ocrx_word' id='word_1_620' title='bbox 1449 4095 1505 4134; x_wconf 85' lang='lat' dir='ltr'><strong>eam</strong></span> <span class='ocrx_word' id='word_1_621' title='bbox 1514 4082 1677 4134; x_wconf 73' lang='lat' dir='ltr'><strong>immortalem</strong></span> <span class='ocrx_word' id='word_1_622' title='bbox 1688 4094 1741 4132; x_wconf 82' lang='lat' dir='ltr'><strong>osso</strong></span> <span class='ocrx_word' id='word_1_623' title='bbox 1752 4095 1853 4133; x_wconf 81' lang='lat' dir='ltr'><strong>accesso</strong></span> 
     </span>
    </p>

    <p class='ocr_par' dir='ltr' id='par_1_7' title="bbox 239 4167 1856 5123">
     <span class='ocr_line' id='line_1_40' title="bbox 271 4167 1852 4239; baseline 0.006 -23"><span class='ocrx_word' id='word_1_624' title='bbox 271 4167 315 4218; x_wconf 53' lang='lat' dir='ltr'><strong>list</strong></span> <span class='ocrx_word' id='word_1_625' title='bbox 328 4167 536 4228; x_wconf 78' lang='lat' dir='ltr'><strong>autemquauam</strong></span> <span class='ocrx_word' id='word_1_626' title='bbox 550 4167 589 4217; x_wconf 86' lang='lat' dir='ltr'><strong>vis</strong></span> <span class='ocrx_word' id='word_1_627' title='bbox 599 4167 699 4218; x_wconf 80' lang='lat' dir='ltr'><strong>inferior</strong></span> <span class='ocrx_word' id='word_1_628' title='bbox 712 4169 898 4234; x_wconf 80' lang='lat' dir='ltr'><strong>quidamquam</strong></span> <span class='ocrx_word' id='word_1_629' title='bbox 912 4172 1022 4225; x_wconf 86' lang='lat' dir='ltr'><strong>substan·</strong></span> <span class='ocrx_word' id='word_1_630' title='bbox 1069 4174 1123 4231; x_wconf 85' lang='lat' dir='ltr'><strong>est,</strong></span> <span class='ocrx_word' id='word_1_631' title='bbox 1145 4172 1203 4235; x_wconf 86' lang='lat' dir='ltr'><strong>quia</strong></span> <span class='ocrx_word' id='word_1_632' title='bbox 1223 4176 1276 4222; x_wconf 88' lang='lat' dir='ltr'><strong>tum</strong></span> <span class='ocrx_word' id='word_1_633' title='bbox 1299 4172 1401 4226; x_wconf 80' lang='lat' dir='ltr'><strong>deomm</strong></span> <span class='ocrx_word' id='word_1_634' title='bbox 1419 4174 1531 4224; x_wconf 73' lang='lat' dir='ltr'><strong>natiliam</strong></span> <span class='ocrx_word' id='word_1_635' title='bbox 1551 4173 1625 4226; x_wconf 76' lang='lat' dir='ltr'><strong>nanu</strong></span> <span class='ocrx_word' id='word_1_636' title='bbox 1639 4191 1646 4226; x_wconf 84' lang='grc' dir='ltr'>ι</span> <span class='ocrx_word' id='word_1_637' title='bbox 1661 4167 1769 4239; x_wconf 66' lang='lat' dir='ltr'><strong>(quippi</strong></span> <span class='ocrx_word' id='word_1_638' title='bbox 1790 4172 1852 4226; x_wconf 87' lang='lat' dir='ltr'><strong>nihil</strong></span> 
     </span>
     <span class='ocr_line' id='line_1_41' title="bbox 240 4253 1853 4325; baseline 0.005 -21"><span class='ocrx_word' id='word_1_639' title='bbox 240 4254 289 4315; x_wconf 83' lang='lat' dir='ltr'><strong>tia,</strong></span> <span class='ocrx_word' id='word_1_640' title='bbox 306 4253 349 4304; x_wconf 92' lang='lat' dir='ltr'><strong>scd</strong></span> <span class='ocrx_word' id='word_1_641' title='bbox 366 4253 479 4318; x_wconf 81' lang='lat' dir='ltr'><strong>superior</strong></span> <span class='ocrx_word' id='word_1_642' title='bbox 495 4269 570 4318; x_wconf 86' lang='lat' dir='ltr'><strong>quam</strong></span> <span class='ocrx_word' id='word_1_643' title='bbox 594 4255 687 4317; x_wconf 82' lang='lat' dir='ltr'><strong>aalma,</strong></span> <span class='ocrx_word' id='word_1_644' title='bbox 710 4271 726 4306; x_wconf 87' lang='lat' dir='ltr'><strong>a</strong></span> <span class='ocrx_word' id='word_1_645' title='bbox 746 4257 883 4309; x_wconf 86' lang='lat' dir='ltr'><strong>substantia</strong></span> <span class='ocrx_word' id='word_1_646' title='bbox 906 4263 1024 4311; x_wconf 87' lang='lat' dir='ltr'><strong>mutuans</strong></span> <span class='ocrx_word' id='word_1_647' title='bbox 1069 4261 1172 4310; x_wconf 77' lang='lat' dir='ltr'><strong>mortale</strong></span> <span class='ocrx_word' id='word_1_648' title='bbox 1183 4260 1332 4310; x_wconf 84' lang='lat' dir='ltr'><strong>immortalia</strong></span> <span class='ocrx_word' id='word_1_649' title='bbox 1346 4261 1414 4312; x_wconf 74' lang='lat' dir='ltr'><strong>nonii</strong></span> <span class='ocrx_word' id='word_1_650' title='bbox 1426 4279 1432 4310; x_wconf 86' lang='lat'>:</span> <span class='ocrx_word' id='word_1_651' title='bbox 1444 4261 1453 4325; x_wconf 89' lang='lat'>)</span> <span class='ocrx_word' id='word_1_652' title='bbox 1467 4264 1520 4312; x_wconf 87' lang='lat' dir='ltr'><strong>tum</strong></span> <span class='ocrx_word' id='word_1_653' title='bbox 1541 4274 1582 4312; x_wconf 82' lang='lat' dir='ltr'><strong>ros</strong></span> <span class='ocrx_word' id='word_1_654' title='bbox 1595 4261 1717 4312; x_wconf 82' lang='lat' dir='ltr'><strong>humanas</strong></span> <span class='ocrx_word' id='word_1_655' title='bbox 1735 4263 1853 4325; x_wconf 83' lang='lat' dir='ltr'><strong>tanquam</strong></span> 
     </span>
     <span class='ocr_line' id='line_1_42' title="bbox 239 4343 1851 4415; baseline 0.005 -21"><span class='ocrx_word' id='word_1_656' title='bbox 239 4345 332 4406; x_wconf 84' lang='lat' dir='ltr'><strong>vitam,</strong></span> <span class='ocrx_word' id='word_1_657' title='bbox 347 4343 454 4394; x_wconf 74' lang='lat' dir='ltr'><strong>annnam</strong></span> <span class='ocrx_word' id='word_1_658' title='bbox 467 4357 526 4395; x_wconf 80' lang='lat' dir='ltr'><strong>vero</strong></span> <span class='ocrx_word' id='word_1_659' title='bbox 539 4344 574 4393; x_wconf 85' lang='lat' dir='ltr'>Ita</span> <span class='ocrx_word' id='word_1_660' title='bbox 586 4345 732 4410; x_wconf 75' lang='lat' dir='ltr'><strong>perficiens,</strong></span> <span class='ocrx_word' id='word_1_661' title='bbox 745 4351 773 4394; x_wconf 85' lang='lat' dir='ltr'>nt</span> <span class='ocrx_word' id='word_1_662' title='bbox 786 4349 869 4398; x_wconf 88' lang='lat' dir='ltr'><strong>oculos</strong></span> <span class='ocrx_word' id='word_1_663' title='bbox 884 4349 928 4398; x_wconf 90' lang='lat' dir='ltr'><strong>sol.</strong></span> <span class='ocrx_word' id='word_1_664' title='bbox 965 4349 1024 4398; x_wconf 80' lang='lat' dir='ltr'><strong>aui-</strong></span> <span class='ocrx_word' id='word_1_665' title='bbox 1069 4348 1160 4398; x_wconf 85' lang='lat' dir='ltr'><strong>alienas</strong></span> <span class='ocrx_word' id='word_1_666' title='bbox 1173 4349 1292 4413; x_wconf 79' lang='lat' dir='ltr'><strong>despiclt,</strong></span> <span class='ocrx_word' id='word_1_667' title='bbox 1305 4353 1331 4400; x_wconf 84' lang='lat' dir='ltr'>ct</span> <span class='ocrx_word' id='word_1_668' title='bbox 1343 4351 1371 4400; x_wconf 85' lang='lat' dir='ltr'>ut</span> <span class='ocrx_word' id='word_1_669' title='bbox 1383 4350 1704 4415; x_wconf 78' lang='lat' dir='ltr'><strong>Incorporoaacorporibus</strong></span> <span class='ocrx_word' id='word_1_670' title='bbox 1717 4349 1851 4402; x_wconf 74' lang='lat' dir='ltr'><strong>abhorret:</strong></span> 
     </span>
     <span class='ocr_line' id='line_1_43' title="bbox 239 4430 1852 4502; baseline 0.004 -20"><span class='ocrx_word' id='word_1_671' title='bbox 239 4447 335 4484; x_wconf 87' lang='lat' dir='ltr'><strong>marum</strong></span> <span class='ocrx_word' id='word_1_672' title='bbox 348 4444 421 4496; x_wconf 80' lang='lat' dir='ltr'><strong>porro</strong></span> <span class='ocrx_word' id='word_1_673' title='bbox 433 4430 488 4487; x_wconf 80' lang='lat' dir='ltr'><strong>alia</strong></span> <span class='ocrx_word' id='word_1_674' title='bbox 499 4435 558 4482; x_wconf 87' lang='lat' dir='ltr'><strong>sunt</strong></span> <span class='ocrx_word' id='word_1_675' title='bbox 575 4433 676 4482; x_wconf 85' lang='lat' dir='ltr'><strong>rationis</strong></span> <span class='ocrx_word' id='word_1_676' title='bbox 688 4439 814 4499; x_wconf 82' lang='lat' dir='ltr'><strong>cornpotes</strong></span> <span class='ocrx_word' id='word_1_677' title='bbox 827 4439 852 4488; x_wconf 88' lang='lat' dir='ltr'>et</span> <span class='ocrx_word' id='word_1_678' title='bbox 863 4438 1023 4500; x_wconf 80' lang='lat' dir='ltr'><strong>inmortales,</strong></span> <span class='ocrx_word' id='word_1_679' title='bbox 1070 4450 1144 4499; x_wconf 84' lang='lat' dir='ltr'><strong>quam</strong></span> <span class='ocrx_word' id='word_1_680' title='bbox 1164 4435 1208 4487; x_wconf 85' lang='lat' dir='ltr'>diu</span> <span class='ocrx_word' id='word_1_681' title='bbox 1221 4437 1286 4488; x_wconf 87' lang='lat' dir='ltr'><strong>enim</strong></span> <span class='ocrx_word' id='word_1_682' title='bbox 1304 4450 1407 4500; x_wconf 83' lang='lat' dir='ltr'><strong>corpora</strong></span> <span class='ocrx_word' id='word_1_683' title='bbox 1429 4437 1558 4488; x_wconf 85' lang='lat' dir='ltr'><strong>hominum</strong></span> <span class='ocrx_word' id='word_1_684' title='bbox 1579 4437 1684 4502; x_wconf 84' lang='lat' dir='ltr'><strong>pulchra</strong></span> <span class='ocrx_word' id='word_1_685' title='bbox 1698 4441 1723 4487; x_wconf 88' lang='lat' dir='ltr'>ct</span> <span class='ocrx_word' id='word_1_686' title='bbox 1736 4437 1852 4500; x_wconf 74' lang='lat' dir='ltr'><strong>iuvenilia</strong></span> 
     </span>
     <span class='ocr_line' id='line_1_44' title="bbox 240 4519 1851 4588; baseline 0.004 -18"><span class='ocrx_word' id='word_1_687' title='bbox 240 4519 294 4571; x_wconf 78' lang='lat' dir='ltr'><strong>alia</strong></span> <span class='ocrx_word' id='word_1_688' title='bbox 317 4519 419 4571; x_wconf 83' lang='lat' dir='ltr'><strong>rationis</strong></span> <span class='ocrx_word' id='word_1_689' title='bbox 440 4522 554 4583; x_wconf 78' lang='lat' dir='ltr'><strong>expertes</strong></span> <span class='ocrx_word' id='word_1_690' title='bbox 574 4521 755 4584; x_wconf 51' lang='lat' dir='ltr'><strong>mortuoquo</strong></span> <span class='ocrx_word' id='word_1_691' title='bbox 772 4523 836 4574; x_wconf 85' lang='lat' dir='ltr'><strong>intcr</strong></span> <span class='ocrx_word' id='word_1_692' title='bbox 855 4539 918 4586; x_wconf 87' lang='lat' dir='ltr'><strong>quas</strong></span> <span class='ocrx_word' id='word_1_693' title='bbox 939 4525 988 4576; x_wconf 77' lang='lat' dir='ltr'><strong>illa</strong></span> <span class='ocrx_word' id='word_1_694' title='bbox 1010 4541 1025 4576; x_wconf 87' lang='lat' dir='ltr'><strong>a</strong></span> <span class='ocrx_word' id='word_1_695' title='bbox 1070 4527 1140 4586; x_wconf 86' lang='lat' dir='ltr'><strong>sunt,</strong></span> <span class='ocrx_word' id='word_1_696' title='bbox 1166 4527 1219 4576; x_wconf 84' lang='lat' dir='ltr'><strong>tam</strong></span> <span class='ocrx_word' id='word_1_697' title='bbox 1239 4524 1282 4576; x_wconf 85' lang='lat' dir='ltr'>din</span> <span class='ocrx_word' id='word_1_698' title='bbox 1295 4524 1416 4588; x_wconf 80' lang='lat' dir='ltr'><strong>delinquit</strong></span> <span class='ocrx_word' id='word_1_699' title='bbox 1433 4525 1529 4586; x_wconf 64' lang='lat' dir='ltr'><strong>animm</strong></span> <span class='ocrx_word' id='word_1_700' title='bbox 1553 4525 1642 4588; x_wconf 81' lang='lat' dir='ltr'><strong>quodsi</strong></span> <span class='ocrx_word' id='word_1_701' title='bbox 1657 4528 1851 4588; x_wconf 84' lang='lat' dir='ltr'><strong>consenuerant,</strong></span> 
     </span>
     <span class='ocr_line' id='line_1_45' title="bbox 239 4607 1853 4680; baseline 0.005 -23"><span class='ocrx_word' id='word_1_702' title='bbox 239 4607 338 4674; x_wconf 81' lang='lat' dir='ltr'><strong>prtmis,</strong></span> <span class='ocrx_word' id='word_1_703' title='bbox 352 4607 391 4658; x_wconf 83' lang='lat' dir='ltr'>hae</span> <span class='ocrx_word' id='word_1_704' title='bbox 406 4621 421 4657; x_wconf 88' lang='lat' dir='ltr'><strong>a</strong></span> <span class='ocrx_word' id='word_1_705' title='bbox 436 4607 550 4658; x_wconf 79' lang='lat' dir='ltr'><strong>secundis</strong></span> <span class='ocrx_word' id='word_1_706' title='bbox 570 4607 808 4673; x_wconf 85' lang='lat' dir='ltr'><strong>diisproducuntur.</strong></span> <span class='ocrx_word' id='word_1_707' title='bbox 842 4611 1023 4676; x_wconf 78' lang='lat' dir='ltr'><strong>sedprimum,</strong></span> <span class='ocrx_word' id='word_1_708' title='bbox 1070 4613 1144 4676; x_wconf 79' lang='lat' dir='ltr'><strong>viget,</strong></span> <span class='ocrx_word' id='word_1_709' title='bbox 1171 4613 1233 4676; x_wconf 78' lang='lat' dir='ltr'>¹ium</span> <span class='ocrx_word' id='word_1_710' title='bbox 1247 4625 1306 4664; x_wconf 83' lang='lat' dir='ltr'><strong>vcro</strong></span> <span class='ocrx_word' id='word_1_711' title='bbox 1318 4614 1397 4664; x_wconf 89' lang='lat' dir='ltr'><strong>omnis</strong></span> <span class='ocrx_word' id='word_1_712' title='bbox 1413 4627 1532 4677; x_wconf 80' lang='lat' dir='ltr'><strong>generosa</strong></span> <span class='ocrx_word' id='word_1_713' title='bbox 1552 4614 1634 4665; x_wconf 84' lang='lat' dir='ltr'><strong>aalma</strong></span> <span class='ocrx_word' id='word_1_714' title='bbox 1645 4618 1729 4666; x_wconf 81' lang='lat' dir='ltr'><strong>ments</strong></span> <span class='ocrx_word' id='word_1_715' title='bbox 1746 4616 1853 4680; x_wconf 74' lang='lat' dir='ltr'><strong>motget,</strong></span> 
     </span>
     <span class='ocr_line' id='line_1_46' title="bbox 240 4695 1853 4778; baseline 0.004 -32"><span class='ocrx_word' id='word_1_716' title='bbox 240 4695 300 4762; x_wconf 76' lang='lat' dir='ltr'><strong>quio</strong></span> <span class='ocrx_word' id='word_1_717' title='bbox 311 4696 345 4747; x_wconf 85' lang='lat' dir='ltr'><strong>sit</strong></span> <span class='ocrx_word' id='word_1_718' title='bbox 356 4697 453 4764; x_wconf 81' lang='lat' dir='ltr'><strong>aalma,</strong></span> <span class='ocrx_word' id='word_1_719' title='bbox 477 4696 682 4762; x_wconf 82' lang='lat' dir='ltr'><strong>investIgandum.</strong></span> <span class='ocrx_word' id='word_1_720' title='bbox 718 4701 774 4757; x_wconf 83' lang='lat' dir='ltr'>Quo</span> <span class='ocrx_word' id='word_1_721' title='bbox 788 4701 862 4764; x_wconf 77' lang='lat' dir='ltr'><strong>igilur</strong></span> <span class='ocrx_word' id='word_1_722' title='bbox 875 4701 981 4754; x_wconf 81' lang='lat' dir='ltr'><strong>animata</strong></span> <span class='ocrx_word' id='word_1_723' title='bbox 994 4705 1025 4754; x_wconf 81' lang='lat' dir='ltr'>ab</span> <span class='ocrx_word' id='word_1_724' title='bbox 1070 4700 1260 4752; x_wconf 78' lang='lat' dir='ltr'><strong>nullumautam</strong></span> <span class='ocrx_word' id='word_1_725' title='bbox 1273 4715 1361 4766; x_wconf 85' lang='lat' dir='ltr'><strong>corpus</strong></span> <span class='ocrx_word' id='word_1_726' title='bbox 1380 4706 1487 4754; x_wconf 76' lang='lat' dir='ltr'><strong>montem</strong></span> <span class='ocrx_word' id='word_1_727' title='bbox 1500 4701 1588 4767; x_wconf 59' lang='lat' dir='ltr'><strong>glunit,</strong></span> <span class='ocrx_word' id='word_1_728' title='bbox 1601 4703 1724 4778; x_wconf 74' lang='lat' dir='ltr'><strong>quomodo</strong></span> <span class='ocrx_word' id='word_1_729' title='bbox 1737 4702 1853 4753; x_wconf 80' lang='lat' dir='ltr'><strong>entmrcs</strong></span> 
     </span>
     <span class='ocr_line' id='line_1_47' title="bbox 241 4786 1854 4859; baseline 0.005 -23"><span class='ocrx_word' id='word_1_730' title='bbox 241 4786 380 4838; x_wconf 87' lang='lat' dir='ltr'><strong>inanimatis</strong></span> <span class='ocrx_word' id='word_1_731' title='bbox 402 4787 539 4850; x_wconf 75' lang='lat' dir='ltr'><strong>differunt,</strong></span> <span class='ocrx_word' id='word_1_732' title='bbox 555 4787 602 4838; x_wconf 85' lang='lat' dir='ltr'>hoc</span> <span class='ocrx_word' id='word_1_733' title='bbox 622 4788 704 4839; x_wconf 86' lang='lat' dir='ltr'><strong>anima</strong></span> <span class='ocrx_word' id='word_1_734' title='bbox 724 4792 770 4839; x_wconf 88' lang='lat' dir='ltr'><strong>cst.</strong></span> <span class='ocrx_word' id='word_1_735' title='bbox 803 4790 924 4842; x_wconf 86' lang='lat' dir='ltr'><strong>Diiicmnt</strong></span> <span class='ocrx_word' id='word_1_736' title='bbox 943 4796 1025 4843; x_wconf 71' lang='lat' dir='ltr'><strong>atatem</strong></span> <span class='ocrx_word' id='word_1_737' title='bbox 1070 4789 1196 4842; x_wconf 80' lang='lat' dir='ltr'><strong>dementes</strong></span> <span class='ocrx_word' id='word_1_738' title='bbox 1204 4794 1311 4842; x_wconf 82' lang='lat' dir='ltr'><strong>montem</strong></span> <span class='ocrx_word' id='word_1_739' title='bbox 1322 4791 1493 4856; x_wconf 71' lang='lat' dir='ltr'><strong>gtgnantrsau</strong></span> <span class='ocrx_word' id='word_1_740' title='bbox 1502 4794 1615 4856; x_wconf 84' lang='lat' dir='ltr'><strong>quamvis</strong></span> <span class='ocrx_word' id='word_1_741' title='bbox 1626 4807 1728 4859; x_wconf 83' lang='lat' dir='ltr'><strong>corporo</strong></span> <span class='ocrx_word' id='word_1_742' title='bbox 1738 4797 1854 4856; x_wconf 74' lang='lat' dir='ltr'><strong>tanquam</strong></span> 
     </span>
     <span class='ocr_line' id='line_1_48' title="bbox 242 4875 1852 4946; baseline 0.004 -20"><span class='ocrx_word' id='word_1_743' title='bbox 242 4878 326 4938; x_wconf 74' lang='lat' dir='ltr'><strong>nictu,</strong></span> <span class='ocrx_word' id='word_1_744' title='bbox 360 4889 450 4940; x_wconf 81' lang='lat' dir='ltr'><strong>sensa,</strong></span> <span class='ocrx_word' id='word_1_745' title='bbox 481 4875 668 4940; x_wconf 77' lang='lat' dir='ltr'><strong>imagInatione,</strong></span> <span class='ocrx_word' id='word_1_746' title='bbox 695 4878 862 4942; x_wconf 76' lang='lat' dir='ltr'><strong>Intelligsntia.</strong></span> <span class='ocrx_word' id='word_1_747' title='bbox 895 4883 939 4932; x_wconf 77' lang='lat' dir='ltr'><strong>Est</strong></span> <span class='ocrx_word' id='word_1_748' title='bbox 969 4896 1025 4946; x_wconf 73' lang='lat' dir='ltr'><strong>ergo</strong></span> <span class='ocrx_word' id='word_1_749' title='bbox 1070 4877 1233 4930; x_wconf 77' lang='lat' dir='ltr'><strong>instrumento</strong></span> <span class='ocrx_word' id='word_1_750' title='bbox 1244 4879 1337 4941; x_wconf 84' lang='lat' dir='ltr'><strong>utatur,</strong></span> <span class='ocrx_word' id='word_1_751' title='bbox 1350 4892 1398 4930; x_wconf 91' lang='lat' dir='ltr'>non</span> <span class='ocrx_word' id='word_1_752' title='bbox 1413 4883 1495 4932; x_wconf 82' lang='lat' dir='ltr'><strong>tamon</strong></span> <span class='ocrx_word' id='word_1_753' title='bbox 1508 4881 1533 4932; x_wconf 89' lang='lat' dir='ltr'>in</span> <span class='ocrx_word' id='word_1_754' title='bbox 1546 4895 1576 4933; x_wconf 85' lang='lat' dir='ltr'>co</span> <span class='ocrx_word' id='word_1_755' title='bbox 1589 4885 1644 4944; x_wconf 80' lang='lat' dir='ltr'><strong>cst,</strong></span> <span class='ocrx_word' id='word_1_756' title='bbox 1655 4885 1741 4934; x_wconf 82' lang='lat' dir='ltr'><strong>utnsc</strong></span> <span class='ocrx_word' id='word_1_757' title='bbox 1756 4880 1852 4932; x_wconf 81' lang='lat' dir='ltr'><strong>machi-</strong></span> 
     </span>
     <span class='ocr_line' id='line_1_49' title="bbox 241 4965 1853 5033; baseline 0.003 -18"><span class='ocrx_word' id='word_1_758' title='bbox 241 4965 436 5020; x_wconf 85' lang='lat' dir='ltr'><strong>animamtionis</strong></span> <span class='ocrx_word' id='word_1_759' title='bbox 449 4979 550 5032; x_wconf 83' lang='lat' dir='ltr'><strong>expers,</strong></span> <span class='ocrx_word' id='word_1_760' title='bbox 563 4965 616 5016; x_wconf 80' lang='lat' dir='ltr'><strong>vila</strong></span> <span class='ocrx_word' id='word_1_761' title='bbox 627 4979 684 5030; x_wconf 79' lang='lat' dir='ltr'>quo</span> <span class='ocrx_word' id='word_1_762' title='bbox 700 4981 774 5018; x_wconf 83' lang='lat' dir='ltr'><strong>sensu</strong></span> <span class='ocrx_word' id='word_1_763' title='bbox 788 4971 814 5019; x_wconf 81' lang='lat' dir='ltr'>ot</span> <span class='ocrx_word' id='word_1_764' title='bbox 825 4969 950 5032; x_wconf 80' lang='lat' dir='ltr'><strong>conceptis</strong></span> <span class='ocrx_word' id='word_1_765' title='bbox 963 4971 1024 5020; x_wconf 82' lang='lat' dir='ltr'><strong>Ima·</strong></span> <span class='ocrx_word' id='word_1_766' title='bbox 1072 4981 1158 5018; x_wconf 80' lang='lat' dir='ltr'><strong>namna</strong></span> <span class='ocrx_word' id='word_1_767' title='bbox 1172 4967 1241 5020; x_wconf 82' lang='lat' dir='ltr'><strong>saber</strong></span> <span class='ocrx_word' id='word_1_768' title='bbox 1255 4969 1281 5019; x_wconf 89' lang='lat' dir='ltr'>in</span> <span class='ocrx_word' id='word_1_769' title='bbox 1294 4967 1355 5033; x_wconf 82' lang='lat' dir='ltr'><strong>ipsis</strong></span> <span class='ocrx_word' id='word_1_770' title='bbox 1375 4969 1496 5022; x_wconf 79' lang='lat' dir='ltr'><strong>machmis</strong></span> <span class='ocrx_word' id='word_1_771' title='bbox 1508 4971 1586 5032; x_wconf 83' lang='lat' dir='ltr'><strong>inest,</strong></span> <span class='ocrx_word' id='word_1_772' title='bbox 1601 4971 1658 5022; x_wconf 79' lang='lat' dir='ltr'><strong>licet</strong></span> <span class='ocrx_word' id='word_1_773' title='bbox 1669 4969 1748 5022; x_wconf 86' lang='lat' dir='ltr'><strong>multa</strong></span> <span class='ocrx_word' id='word_1_774' title='bbox 1759 4969 1853 5022; x_wconf 78' lang='lat' dir='ltr'><strong>maali-</strong></span> 
     </span>
     <span class='ocr_line' id='line_1_50' title="bbox 242 5055 1856 5123; baseline 0.002 -18"><span class='ocrx_word' id='word_1_775' title='bbox 242 5055 474 5119; x_wconf 78' lang='lat' dir='ltr'><strong>gimbusmovctur;</strong></span> <span class='ocrx_word' id='word_1_776' title='bbox 490 5056 591 5110; x_wconf 86' lang='lat' dir='ltr'><strong>rationis</strong></span> <span class='ocrx_word' id='word_1_777' title='bbox 603 5070 715 5120; x_wconf 85' lang='lat' dir='ltr'><strong>compos,</strong></span> <span class='ocrx_word' id='word_1_778' title='bbox 730 5071 786 5120; x_wconf 76' lang='grc' dir='ltr'>ιςειω</span> <span class='ocrx_word' id='word_1_779' title='bbox 804 5061 925 5109; x_wconf 82' lang='lat' dir='ltr'><strong>sonsusot</strong></span> <span class='ocrx_word' id='word_1_780' title='bbox 937 5058 1024 5122; x_wconf 80' lang='lat' dir='ltr'><strong>imagi·</strong></span> <span class='ocrx_word' id='word_1_781' title='bbox 1072 5057 1212 5108; x_wconf 76' lang='lat' dir='ltr'><strong>nomentio</strong></span> <span class='ocrx_word' id='word_1_782' title='bbox 1225 5059 1323 5112; x_wconf 82' lang='lat' dir='ltr'><strong>nemina</strong></span> <span class='ocrx_word' id='word_1_783' title='bbox 1334 5061 1401 5112; x_wconf 84' lang='lat' dir='ltr'><strong>tacta</strong></span> <span class='ocrx_word' id='word_1_784' title='bbox 1413 5063 1565 5111; x_wconf 79' lang='lat' dir='ltr'><strong>moveantur.</strong></span> <span class='ocrx_word' id='word_1_785' title='bbox 1599 5059 1640 5110; x_wconf 89' lang='lat' dir='ltr'>Sin</span> <span class='ocrx_word' id='word_1_786' title='bbox 1652 5061 1736 5110; x_wconf 83' lang='lat' dir='ltr'><strong>autom</strong></span> <span class='ocrx_word' id='word_1_787' title='bbox 1748 5058 1856 5123; x_wconf 81' lang='lat' dir='ltr'><strong>corporis</strong></span> 
     </span>
    </p>
   </div>
   <div class='ocr_carea' id='block_1_6' title="bbox 334 4047 928 4102">
    <p class='ocr_par' dir='ltr' id='par_1_8' title="bbox 334 4047 928 4102">
     <span class='ocr_line' id='line_1_51' title="bbox 334 4047 928 4102; baseline 0.007 -13"><span class='ocrx_word' id='word_1_788' title='bbox 334 4047 365 4090; x_wconf 80' lang='lat' dir='ltr'>Dc</span> <span class='ocrx_word' id='word_1_789' title='bbox 375 4049 451 4092; x_wconf 83' lang='lat' dir='ltr'><strong>monte</strong></span> <span class='ocrx_word' id='word_1_790' title='bbox 464 4049 486 4090; x_wconf 84' lang='lat' dir='ltr'>ct</span> <span class='ocrx_word' id='word_1_791' title='bbox 501 4047 585 4094; x_wconf 79' lang='lat' dir='ltr'><strong>auum.</strong></span> <span class='ocrx_word' id='word_1_792' title='bbox 603 4057 698 4102; x_wconf 80' lang='lat' dir='ltr'><strong>eamque</strong></span> <span class='ocrx_word' id='word_1_793' title='bbox 709 4057 756 4092; x_wconf 77' lang='lat' dir='ltr'><strong>esse</strong></span> <span class='ocrx_word' id='word_1_794' title='bbox 769 4048 928 4094; x_wconf 80' lang='lat' dir='ltr'><strong>immortalem.</strong></span> 
     </span>
    </p>
   </div>
   <div class='ocr_carea' id='block_1_7' title="bbox 154 5139 1857 5213">
    <p class='ocr_par' dir='ltr' id='par_1_9' title="bbox 154 5139 1857 5213">
     <span class='ocr_line' id='line_1_52' title="bbox 154 5139 1857 5213; baseline 0.011 -20"><span class='ocrx_word' id='word_1_795' title='bbox 154 5139 161 5153; x_wconf 93' lang='grc'><em>“</em></span> <span class='ocrx_word' id='word_1_796' title='bbox 242 5141 366 5194; x_wconf 78' lang='lat' dir='ltr'><strong>nationem</strong></span> <span class='ocrx_word' id='word_1_797' title='bbox 384 5147 535 5206; x_wconf 72' lang='lat' dir='ltr'><strong>moderatur,</strong></span> <span class='ocrx_word' id='word_1_798' title='bbox 550 5159 580 5197; x_wconf 87' lang='lat' dir='ltr'>ac</span> <span class='ocrx_word' id='word_1_799' title='bbox 593 5145 788 5198; x_wconf 83' lang='lat' dir='ltr'><strong>rationcutItur.</strong></span> <span class='ocrx_word' id='word_1_800' title='bbox 821 5148 1026 5213; x_wconf 73' lang='lat' dir='ltr'><strong>Etrationoqui-</strong></span> <span class='ocrx_word' id='word_1_801' title='bbox 1072 5145 1133 5196; x_wconf 77' lang='grc' dir='ltr'>νίίίν</span> <span class='ocrx_word' id='word_1_802' title='bbox 1147 5158 1315 5208; x_wconf 62' lang='grc' dir='ltr'>νθννννῑνθῐο</span> <span class='ocrx_word' id='word_1_803' title='bbox 1334 5161 1349 5198; x_wconf 70' lang='grc' dir='ltr'>ν</span> <span class='ocrx_word' id='word_1_804' title='bbox 1370 5151 1438 5200; x_wconf 61' lang='lat' dir='ltr'><strong>recia</strong></span> <span class='ocrx_word' id='word_1_805' title='bbox 1461 5148 1501 5200; x_wconf 68' lang='grc' dir='ltr'>νίν</span> <span class='ocrx_word' id='word_1_806' title='bbox 1521 5145 1660 5210; x_wconf 51' lang='lat' dir='ltr'><strong>Mummi</strong></span> <span class='ocrx_word' id='word_1_807' title='bbox 1676 5145 1701 5198; x_wconf 71' lang='lat' dir='ltr'>id</span> <span class='ocrx_word' id='word_1_808' title='bbox 1720 5145 1857 5198; x_wconf 68' lang='lat' dir='ltr'><strong>¹¹⁰¹¹d0b⁰l</strong></span> 
     </span>
    </p>
   </div>
   <div class='ocr_carea' id='block_1_8' title="bbox 242 5232 1858 5393">
    <p class='ocr_par' dir='ltr' id='par_1_10' title="bbox 242 5232 1858 5393">
     <span class='ocr_line' id='line_1_53' title="bbox 242 5232 1858 5304; baseline 0.004 -21"><span class='ocrx_word' id='word_1_809' title='bbox 242 5232 298 5285; x_wconf 85' lang='lat' dir='ltr'><strong>dom</strong></span> <span class='ocrx_word' id='word_1_810' title='bbox 314 5246 402 5285; x_wconf 85' lang='lat' dir='ltr'><strong>carons</strong></span> <span class='ocrx_word' id='word_1_811' title='bbox 416 5237 498 5289; x_wconf 85' lang='lat' dir='ltr'><strong>anima</strong></span> <span class='ocrx_word' id='word_1_812' title='bbox 509 5233 618 5301; x_wconf 80' lang='lat' dir='ltr'><strong>corporis</strong></span> <span class='ocrx_word' id='word_1_813' title='bbox 632 5235 745 5300; x_wconf 80' lang='lat' dir='ltr'><strong>saquiiur</strong></span> <span class='ocrx_word' id='word_1_814' title='bbox 766 5235 926 5300; x_wconf 51' lang='lat' dir='ltr'><strong>sunnone„</strong></span> <span class='ocrx_word' id='word_1_815' title='bbox 942 5238 1027 5290; x_wconf 73' lang='lat' dir='ltr'><strong>nisano</strong></span> <span class='ocrx_word' id='word_1_816' title='bbox 1072 5237 1163 5288; x_wconf 78' lang='lat' dir='ltr'><strong>mtrum</strong></span> <span class='ocrx_word' id='word_1_817' title='bbox 1176 5238 1266 5302; x_wconf 81' lang='lat' dir='ltr'><strong>videri,</strong></span> <span class='ocrx_word' id='word_1_818' title='bbox 1276 5243 1405 5304; x_wconf 67' lang='lat' dir='ltr'><strong>propteroa</strong></span> <span class='ocrx_word' id='word_1_819' title='bbox 1415 5240 1481 5304; x_wconf 85' lang='lat' dir='ltr'><strong>quod</strong></span> <span class='ocrx_word' id='word_1_820' title='bbox 1491 5239 1564 5292; x_wconf 80' lang='lat' dir='ltr'><strong>etlam</strong></span> <span class='ocrx_word' id='word_1_821' title='bbox 1574 5237 1677 5291; x_wconf 72' lang='lat' dir='ltr'><strong>ouum</strong></span> <span class='ocrx_word' id='word_1_822' title='bbox 1688 5239 1858 5292; x_wconf 76' lang='lat' dir='ltr'><strong>instrumentis</strong></span> 
     </span>
     <span class='ocr_line' id='line_1_54' title="bbox 242 5321 1313 5393; baseline 0.007 -19"><span class='ocrx_word' id='word_1_823' title='bbox 242 5321 307 5374; x_wconf 78' lang='lat' dir='ltr'><strong>onim</strong></span> <span class='ocrx_word' id='word_1_824' title='bbox 320 5325 345 5374; x_wconf 85' lang='lat' dir='ltr'>ct</span> <span class='ocrx_word' id='word_1_825' title='bbox 353 5324 503 5387; x_wconf 75' lang='lat' dir='ltr'><strong>concupiscit</strong></span> <span class='ocrx_word' id='word_1_826' title='bbox 512 5329 537 5375; x_wconf 84' lang='lat' dir='ltr'>et</span> <span class='ocrx_word' id='word_1_827' title='bbox 549 5325 671 5389; x_wconf 82' lang='lat' dir='ltr'><strong>Irascimr,</strong></span> <span class='ocrx_word' id='word_1_828' title='bbox 688 5331 714 5376; x_wconf 86' lang='grc' dir='ltr'>εῑ</span> <span class='ocrx_word' id='word_1_829' title='bbox 724 5325 825 5379; x_wconf 83' lang='lat' dir='ltr'><strong>rationis</strong></span> <span class='ocrx_word' id='word_1_830' title='bbox 836 5327 959 5392; x_wconf 78' lang='lat' dir='ltr'><strong>particeps</strong></span> <span class='ocrx_word' id='word_1_831' title='bbox 969 5343 1026 5380; x_wconf 91' lang='lat' dir='ltr'><strong>cum</strong></span> <span class='ocrx_word' id='word_1_832' title='bbox 1072 5329 1193 5393; x_wconf 80' lang='lat' dir='ltr'><strong>corruptis</strong></span> <span class='ocrx_word' id='word_1_833' title='bbox 1207 5332 1313 5382; x_wconf 78' lang='lat' dir='ltr'><strong>cessant.</strong></span> 
     </span>
    </p>
   </div>
   <div class='ocr_carea' id='block_1_9' title="bbox 0 0 2024 5950">
    <p class='ocr_par' dir='ltr' id='par_1_11' title="bbox 0 0 2024 5950">
     <span class='ocr_line' id='line_1_55' title="bbox 0 0 2024 5950; baseline 0 0"><span class='ocrx_word' id='word_1_834' title='bbox 0 0 2024 5950; x_wconf 95' lang='lat' dir='ltr'> </span> 
     </span>
    </p>
   </div>
  </div>
 </body>
</html>
