3882 5954
443 320 673 384 ETHICORUM
695 320 1038 384 NlCOMdGHEORUM
1059 319 1343 384 Pnuarunasrs.
1639 323 1697 382 lib

88 453 212 534 ἔσχατοι,
229 450 290 533 περὶ
304 451 390 511 iotis
405 452 539 529 ίπιστήμη
561 453 649 528 ἐστίν,
663 453 721 513 ἀλλ’
736 452 866 528 αίσθησις.
919 460 1001 511 dentia
1014 461 1129 522 uertitur,
1141 462 1205 512 circa
1224 475 1281 526 qua
1299 475 1331 512 nc
1347 459 1450 510 scientia
1459 459 1575 526 quidem,
1588 460 1632 512 sed
1648 475 1701 512 sen·

88 542 196 602 Ἐκεῖνα
209 541 236 600 δὲ
251 543 340 622 λίγω,
355 542 405 622 οὐχ
419 532 456 600 ῶν
472 540 542 610 ίδίως
560 541 659 618 ἑκάστη
680 543 800 617 αίσθησις
823 544 873 601 σίν-
919 562 962 600 ευε
977 553 1100 600 versatur.
1120 549 1166 600 llla
1189 553 1273 600 autem
1297 549 1364 608 dico,
1385 563 1434 600 non
1454 548 1591 614 inquibus
1615 550 1704 614 singuli

89 631 300 710 stirpiniaco,
325 621 378 691 οἷον
404 635 456 690 τῶν
476 635 608 709 γευστῶν,
635 633 680 692 καί
700 636 870 716 ὀσφραντῶν,
919 653 1005 690 seusus
1022 639 1180 705 peculiariter
1194 641 1355 704 occupantur,
1369 641 1399 688 ut
1411 651 1440 689 ea
1454 652 1512 703 qua
1524 639 1556 690 ad
1566 642 1666 703 gustum
1679 643 1704 689 et

87 721 267 794 ἣάκουστῶν·
293 723 322 780 οὗ
343 720 394 802 γὰρ
418 721 518 802 χυμοίες
541 721 623 803 κρίνει
647 727 664 794 ἡ
690 723 830 804 φρόνησις,
855 723 872 794 ἢ
918 729 1049 780 odoratum
1062 729 1198 794 pertinent,
1213 732 1257 780 aut
1269 743 1326 794 quae
1344 728 1449 779 auribus
1458 727 1628 793 percipiuntur
1641 745 1646 777 :
1661 741 1705 778 nec

88 811 295 889 ἀναθυμιάσεις,
311 809 401 891 ἤχους,
417 809 434 882 ἢ
452 811 510 870 ἀλλ’
528 811 619 880 ἁπλῶς
633 810 667 872 τδι
686 811 747 872 καθ’
763 811 871 874 ἕκαστα·
919 819 984 869 enim
999 819 1031 870 de
1051 820 1132 870 succis
1148 819 1188 892 vel
1203 818 1370 870 suffitionibus
1391 818 1429 870 rel
1449 819 1527 880 sonis,
1545 817 1588 870 sed
1606 817 1638 868 de
1653 817 1705 866 sin-

86 907 171 961 ταῦτα
183 900 234 982 γδρ
250 902 317 978 μόνη
339 899 461 978 γινώσκει
485 904 501 972 ἡ
518 899 648 975 αἴσθησις,
670 901 716 962 καί
730 901 773 962 διθι
796 907 873 962 τοῦτο
918 909 983 973 gulis
996 909 1140 974 simpliciter
1154 908 1251 974 iudicat
1268 908 1399 974 prudentia
1413 908 1485 958 :haec
1502 907 1567 958 enlm
1584 905 1653 957 solus
1665 905 1705 955 di-

86 991 135 1061 τήν
150 992 277 1068 φρόνησιν
291 989 352 1069 περί
369 992 456 1049 ἐκεῖνα
466 987 577 1069 λίγομεν
594 981 677 1064 εἶναι,
692 990 752 1070 περί
767 990 872 1063 dxciii
916 996 1012 1062 judicat
1025 1012 1126 1058 sensus,
1148 997 1252 1063 ideoque
1266 997 1293 1047 in
1307 998 1352 1058 iis,
1372 997 1399 1046 in
1418 997 1511 1061 quibus
1528 1010 1615 1046 sensus
1636 993 1704 1046 cerni

88 1079 217 1150 αἴσθησις·
235 1067 307 1152 οἷον,
324 1080 347 1136 εἰ
366 1079 405 1136 δεῖ
416 1077 495 1151 τήνδε
511 1079 559 1150 τὴν
575 1079 651 1137 πόλιν
663 1084 715 1140 τῶν
730 1079 872 1152 Ἀθηναίων
919 1088 1068 1148 statuimus,
1085 1087 1242 1152 prudentiam
1255 1101 1355 1152 quoque
1368 1089 1446 1137 totam
1459 1100 1485 1136 se
1497 1086 1617 1136 collocare
1635 1085 1705 1136 ailin-

86 1169 195 1248 τῇδετῇ
211 1165 287 1227 πόλει
299 1169 352 1225 τῶν
368 1165 511 1245 Κορινθίων
525 1169 666 1244 πολεμεῖν,
682 1173 728 1226 τοῦ
744 1169 871 1248 φρονίμου
918 1190 1036 1227 mamus:
1052 1177 1160 1242 exempli
1181 1177 1273 1241 gratia,
1290 1175 1412 1242 numquid
1435 1175 1499 1225 hanc
1515 1173 1702 1226 Atheniensium

88 1256 192 1315 είδίναι·
216 1254 353 1337 πρακτική
369 1253 453 1335 γδιρή
480 1254 611 1337 φρόνησις·
628 1259 644 1328 ἡ
664 1255 691 1314 δὲ
712 1257 804 1338 πρᾶξις
819 1261 871 1318 τῶν
919 1263 1006 1316 urbem
1020 1267 1139 1316 συντείνει)
1158 1265 1343 1317 corinthiorum
1356 1265 1417 1314 urbe
1429 1263 1523 1314 bellum
1535 1277 1620 1328 gerere
1631 1276 1706 1327 opor·

88 1349 213 1426 μερικῶν.
228 1349 328 1406 Ίόῶτον
342 1343 370 1403 ai
384 1345 428 1404 τδν
439 1343 537 1424 τρόπον
549 1344 595 1404 καλ
609 1347 633 1405 oi
649 1347 829 1424 μαθηματικοί
843 1348 873 1408 τδ
920 1358 985 1415 teat,
999 1355 1129 1420 prudentis
1139 1359 1178 1406 est
1195 1355 1259 1406 scire
1274 1375 1281 1406 ι
1298 1355 1324 1405 iu
1337 1353 1476 1405 actionibus
1490 1353 1555 1404 enirn
1574 1350 1706 1417 prudentia

87 1435 210 1506 uictimis
224 1432 381 1512 paeniendum
405 1431 545 1512 τρίγωνον,
565 1436 595 1494 οιί
609 1436 667 1494 καθ’
683 1437 742 1496 ὅσον
757 1438 873 1498 ἀντίκει-
920 1443 1032 1494 consistit
1049 1444 1257 1508 :particularium
1276 1446 1359 1493 autern
1375 1446 1413 1494 est
1430 1442 1502 1492 actio.
1529 1445 1606 1491 Porro
1619 1439 1706 1490 eodem

87 1528 202 1603 τοιῑτῇ
218 1523 308 1606 δρόσει
331 1522 490 1606 ήτῇόφῇ,
514 1523 583 1584 ἀλλθ
598 1526 703 1599 ἁπλῶς,
725 1526 784 1586 καθ’
812 1526 872 1588 ὅσον
919 1531 993 1583 modo
1006 1533 1176 1584 mathematici
1195 1545 1296 1598 quoque
1310 1530 1462 1596 triangulum
1481 1530 1596 1582 sensibile
1614 1543 1707 1593 cogno·

87 1611 143 1670 ἰστί
155 1613 167 1650 l
181 1615 233 1670 τῶν
248 1611 306 1670 καθ’
321 1612 435 1688 ἕκαστα,
449 1612 494 1671 καὶ
510 1617 637 1694 μερικῶν,
653 1613 722 1694 ὅπερ
734 1617 871 1677 τελευταῖα
921 1625 1005 1680 scunt,
1025 1636 1074 1672 non
1095 1625 1220 1687 quatenus
1241 1621 1267 1672 in
1290 1624 1451 1686 conspectum
1472 1622 1516 1669 aut
1539 1618 1586 1670 sub
1609 1622 1706 1668 tactum

88 1700 271 1782 γινώσκονται·
287 1702 314 1758 ίν
329 1702 415 1767 αὐτοῖς
429 1700 480 1780 γδιρ
501 1705 515 1762 ὁ
529 1702 663 1780 γινώσκων
683 1703 790 1765 ἵσταται
799 1752 809 1783 ,
825 1707 871 1766 καί
913 1711 999 1770 'cadit,
1016 1710 1060 1762 sed
1072 1711 1171 1760 omnino
1186 1713 1310 1775 quatenus
1325 1724 1355 1760 er
1370 1709 1537 1774 singularibus
1553 1712 1578 1758 et
1594 1707 1705 1772 particu-

89 1787 162 1847 οὐδὲν
180 1786 329 1870 περαιτέρω
341 1791 421 1860 ζητεῖ.
441 1789 495 1848 Καί
510 1788 561 1870 γὰρ
583 1790 636 1851 ᾰπδ
656 1789 704 1868 μὲν
718 1795 771 1852 τῶν
794 1817 871 1876 μερι·
919 1799 1014 1850 laribus
1027 1803 1079 1860 est,
1096 1814 1154 1865 qum
1173 1799 1205 1850 ad
1218 1799 1336 1850 ultimum
1350 1800 1509 1848 noscuntur:
1530 1811 1587 1847 narn
1605 1797 1650 1861 qui
1664 1795 1706 1846 illa

91 1877 145 1934 κῶν
168 1879 213 1936 καί
227 1879 367 1955 (αἰσθητῶν
388 1876 541 1958 ἀρχομένοις
564 1878 662 1958 ἐσχάτη
679 1881 749 1941 ἐστίν
772 1884 872 1964 ἡγνῶ-
919 1889 1057 1953 cognoscit,
1077 1889 1103 1938 in
1122 1889 1153 1940 iis
1174 1889 1300 1948 subsistit,
1324 1901 1370 1938 nec
1387 1887 1495 1938 ulterius
1511 1885 1623 1951 inquirit.
1646 1887 1707 1935 ntea

88 1986 128 2032 αις
141 1970 193 2025 τῶν
213 1964 334 2024 καθολου·
357 1965 451 2024 ἀπὸδὲ
473 1969 525 2023 τῶν
544 1967 655 2026 καθόλου
680 1972 726 2041 ιῆς
751 1969 872 2048 γνώσεως
919 1980 971 2030 nim
983 1979 1004 2030 si
1026 1994 1041 2029 a
1060 1979 1253 2044 particularibus
1265 1983 1290 2030 et
1303 1978 1462 2030 sensibilibus
1476 1975 1636 2040 cognoscendi
1649 1977 1705 2026 stu-

88 2051 246 2132 προϊούσης,
269 2052 302 2112 τδ
315 2053 436 2128 ἀἰσθητὰ
459 2055 609 2114 τελευταῖον
625 2056 811 2134 γινώσκονται.
833 2060 873 2120 Τδ
918 2067 989 2118 dium
1006 2067 1159 2132 auspiceris,
1177 2067 1266 2118 ultima
1283 2069 1322 2118 est
1343 2065 1521 2116 universalium
1535 2063 1641 2129 cognitio
1661 2079 1667 2114 ι
1685 2061 1708 2113 si

89 2141 136 2219 μίν
158 2132 203 2200 οὖν
222 2139 359 2221 γινώσκειν
383 2138 418 2199 nd
443 2141 559 2221 μερικοί,
584 2145 642 2201 καθ’
659 2141 719 2204 ὅσον
747 2145 812 2206 είσίν
828 2147 873 2206 αἶ·
918 2173 979 2210 vero
998 2159 1030 2210 ab
1051 2157 1235 2210 universalibus
1248 2156 1419 2222 proficiscetur
1441 2155 1563 2220 cognitio,
1582 2153 1707 2206 sensibilia

90 2229 188 2308 σθητοί,
201 2229 247 2289 καί
259 2229 418 2288 όντίκεινται
434 2229 467 2288 τδι
481 2229 528 2308 μίν
539 2229 638 2306 γεύσει,
654 2230 687 2289 τδι
704 2231 731 2290 δδ
744 2234 824 2312 ιἰκυῇ,
838 2233 873 2294 τὰ
919 2247 951 2298 ad
965 2247 1081 2298 ultimum
1098 2248 1288 2310 cognoscuntur.
1301 2247 1358 2296 ianr
1369 2258 1430 2295 vero
1442 2242 1602 2308 particularia
1616 2254 1708 2305 cogno-

89 2319 115 2380 ὃί
133 2321 200 2401 filib
216 2321 249 2380 τί
265 2320 292 2378 δὲ
307 2319 470 2399 θρᾶῦῑῑετῆς
485 2319 874 2396 αίσθήσῑώςίσῐῑεκαλθῦτῆς
920 2352 988 2389 scere
1015 2341 1140 2404 quatenus
1162 2337 1287 2388 sensibilia
1317 2338 1390 2394 sunt,
1415 2339 1442 2386 et
1468 2337 1593 2400 quatems
1615 2331 1707 2397 partim

89 2410 245 2492 φρονήσεως·
261 2408 291 2468 τδ
307 2407 334 2470 δδ
349 2408 444 2468 εἰδέναι
459 2413 553 2482 ταῦτα,
569 2408 629 2468 καθ’
643 2408 703 2468 ὅσον
718 2414 871 2471 λυσιτιλοῦ-
919 2425 1014 2491 gustari
1037 2427 1157 2490 possunt,
1179 2425 1270 2489 partim
1289 2423 1393 2474 auribus
1416 2420 1524 2486 percipi,
1547 2418 1638 2482 partim
1660 2415 1707 2466 sub

89 2521 146 2570 σιν,
171 2497 188 2570 ἦ
210 2497 383 2576 λυμαίνονται
407 2501 446 2578 τῷ
480 2498 635 2579 ἀνθρωπίνῳ
660 2502 767 2583 ἀγαθῷ,
792 2506 873 2562 τοῦτο
921 2519 1018 2567 tactum
1034 2514 1117 2565 autin
1136 2516 1296 2578 conspectum
1307 2509 1476 2570 cadunt,hoc
1490 2521 1578 2560 sensus
1593 2509 1645 2564 est,
1659 2518 1708 2556 non

89 2588 116 2645 δέ
129 2589 185 2645 ίῦῒῑ
200 2589 246 2658 τῆς
261 2585 420 2668 φρονήσεως·
919 2603 1058 2670 prudentiae
1083 2621 1089 2652 τ
1108 2605 1134 2653 at
1153 2603 1209 2654 haec
1227 2603 1304 2659 scire,
1330 2601 1455 2664 quatenus
1476 2599 1520 2648 aut
1536 2598 1640 2661 prosunt
1658 2594 1708 2645 hu·

129 2674 259 2753 (scripsi
278 2701 284 2734 ²
300 2683 313 2710 ⁸
332 2675 387 2734 3⁶⁷²
409 2673 487 2754 περὶ]
511 2672 600 2749 ”¹¹8⁰
624 2672 694 2734 3⁶³1*
710 2673 782 2755 περὶ·
810 2673 874 2722 -ί
920 2708 995 2746 mano
1014 2693 1079 2745 bono
1098 2696 1142 2746 aut
1156 2695 1258 2753 nocant,
1273 2689 1413 2758 prudentias
1426 2691 1473 2740 est.

89 2765 139 2825 είσὶ
155 2763 312 2844 πρακτικοί]
330 2763 419 2840 vulgo
443 2763 509 2822 εἰσίν
523 2762 678 2842 πρακτικοί.
701 2797 741 2810 -
753 2769 766 2800 ⁰
777 2764 874 2844 γνῶσίς

88 2856 126 2922 τίς
136 2857 206 2912 ίστιν
216 2853 227 2932 ]
239 2853 329 2929 vulgo
338 2851 432 2930 γνῶσίς
443 2875 480 2918 τις
492 2851 576 2910 ἐστίν.
590 2882 630 2898 -
642 2861 653 2898 l
663 2854 770 2934 παρῆν]
783 2855 875 2931 vulgo

88 2942 186 3022 πυρὴν.
204 2941 349 3000 Caeterurn
362 2961 466 3000 versus
480 2939 566 3020 petiti
585 2953 654 3000 sunt
671 2960 707 3000 ex
724 2942 875 3020 Euripidis

89 3031 260 3092 Philocteta.
280 3030 352 3090 Vide
373 3030 527 3108 Euripidis
556 3031 658 3106 fragm.
686 3051 715 3109 p.
742 3038 799 3092 810
825 3033 873 3090 ed.

89 3119 223 3196 Wagner.
245 3119 357 3197 (Paris.
376 3111 484 3195 1846).
503 3150 566 3193 -,
590 3119 768 3200 διαφθαρῆναί
790 3121 868 3196 τινα]

89 3209 178 3284 vulgo
205 3208 381 3286 διαφθαρῆναι
406 3205 472 3268 τινὰ.
498 3227 565 3265 -ι
588 3207 773 3286 euprepium]
805 3207 870 3267 cod.

91 3298 267 3379 συμπεραίνει.
280 3329 321 3344 -
333 3315 345 3353 s
357 3295 414 3354 καθ’
430 3295 489 3355 ὅσον
506 3293 666 3372 ἀντίκειται]
685 3295 749 3354 cod.
763 3295 875 3355 καθόσον

91 3385 244 3447 ἀντίκειται.
266 3386 331 3430 -l
345 3385 404 3442 καθ’
430 3381 488 3443 ὅσον
506 3383 578 3463 ἐστὶ]
594 3384 657 3446 cod.
674 3383 787 3446 καθόσον
808 3385 873 3449 insi.

91 3475 149 3554 -l

422 3647 546 3732 lio-'-
1265 3694 1372 3759 εει.

374 3821 436 3885 Περὶ
448 3817 582 3874 εὐόουλίας.
1204 3837 1238 3882 ne
1249 3835 1312 3881 bono
1325 3833 1427 3881 consilio.

135 3973 235 4053 *ssepi
252 3971 300 4050 piu
314 3962 358 4032 οθν
380 3970 487 4054 σοφίας,
502 3969 548 4029 καί
564 3965 734 4050 φρονήσεως,
749 3967 795 4024 καί
818 3969 875 4042 νοῶ,
958 3976 993 4023 Ac
1008 3971 1039 4023 de
1058 3970 1179 4036 sapientia
1191 3969 1307 4034 quidem,
1326 3965 1474 4030 prudentia,
1497 3965 1592 4022 mente,
1615 3963 1669 4013 arte
1687 3963 1713 4012 et

95 4061 139 4120 καί
153 4061 262 4142 τέχνης,
273 4061 319 4121 καὶ
333 4061 499 4139 ἐπιστήμης,
510 4057 555 4118 καί
570 4058 595 4117 τί
606 4061 676 4118 ἐστιν
692 4054 820 4129 ἕκαστον,
834 4053 879 4114 καί
928 4061 1037 4120 scientia,
1050 4059 1112 4124 quid
1121 4059 1210 4109 harum
1222 4071 1306 4108 rerum
1322 4067 1479 4120 unaquaque
1490 4053 1523 4103 sit
1541 4055 1566 4102 et
1579 4065 1630 4116 quo
1640 4053 1713 4116 pacto

95 4154 147 4213 τίσι
172 4153 337 4236 διαφέρουσιν
360 4153 497 4227 ἀλλήλων,
522 4151 633 4231 εἴρηται.
661 4152 716 4210 Νῦν
737 4146 765 4206 δὲ
788 4144 879 4228 ῥητέον
927 4153 991 4204 inter
1005 4163 1032 4201 se
1048 4146 1292 4208 differant,dictum
1314 4147 1448 4197 ostburc
1467 4141 1577 4194 debono
1595 4141 1711 4200 consilio,

96 4243 157 4323 περί
176 4242 329 4316 εθόουλίας,
344 4242 405 4321 περί
428 4240 556 4308 συνέσεως
577 4240 624 4298 καὶ
637 4237 698 4317 περὶ
712 4235 828 4314 γνώμης·
843 4233 881 4302 τίς
927 4241 959 4292 de
972 4237 1133 4301 intelligentia
1144 4239 1170 4287 et
1186 4234 1308 4288 sententia
1320 4233 1369 4284 dici
1382 4231 1497 4282 convenit
1517 4229 1642 4295 :primurn
1654 4227 1715 4294 quid

96 4333 125 4390 τέ
140 4334 209 4391 ἐστιν
220 4333 328 4406 taciem,
339 4332 385 4391 καὶ
397 4330 447 4390 τίνι
457 4327 574 4409 διαφέρει
583 4329 636 4387 τῶν
646 4323 792 4406 εἶρημίνων
804 4323 882 4385 πέντε
929 4330 1018 4380 borum
1040 4327 1152 4393 quidque
1174 4326 1221 4384 sit,
1244 4323 1333 4375 deiude
1356 4321 1482 4388 quomodo
1504 4334 1520 4370 a
1547 4317 1715 4384 superioribus

96 4422 276 4493 ἀληθευτικῶν
293 4419 380 4490 ἕξεων.
928 4419 1040 4486 quinquo
1051 4416 1166 4468 veritatis
1179 4414 1308 4466 habitibus
1322 4411 1449 4466 dilimari.

139 4507 193 4568 ital
208 4511 311 4588 πρῶτον
331 4507 392 4590 περὶ
405 4505 552 4573 εθόουλίοις·
568 4502 670 4572 οἰκείως
688 4501 741 4584 γδρ
758 4500 814 4582 ἔχει
828 4499 882 4579 μό·
960 4510 993 4559 lit
1014 4507 1046 4558 de
1067 4507 1131 4557 bona
1149 4504 1330 4556 consultatione
1353 4502 1464 4568 primum
1483 4515 1489 4548 :
1516 4509 1632 4562 magnam
1650 4494 1715 4546 enim

98 4599 174 4657 λιστα
188 4601 221 4676 τῇ
234 4588 418 4678 φρονήσειεῆς
428 4594 472 4654 τὸν
487 4593 563 4672 λόγον
574 4593 669 4672 ἀρτίως
684 4589 883 4666 ἀπηλλάξαμεν·
930 4596 1099 4661 cognationem
1127 4607 1184 4644 cum
1214 4592 1346 4658 prudentia
1368 4591 1455 4648 habet,
1484 4587 1555 4651 cujus
1581 4585 1716 4634 tractatum

99 4685 167 4745 ώστε
180 4685 225 4745 τὸν
240 4686 302 4766 περὶ
315 4685 452 4752 εὗόουλίας
463 4683 541 4762 λόγον
554 4685 593 4763 τῷ
604 4681 665 4761 περί
676 4685 722 4754 τῆς
736 4679 885 4761 φρονήσεως
930 4685 1005 4737 modo
1016 4683 1170 4735 absolvimus
1185 4701 1190 4731 :
1204 4681 1366 4746 quamohrem
1380 4693 1438 4744 qua
1455 4677 1486 4728 de
1506 4677 1570 4727 bona
1588 4671 1716 4723 consulta·

101 4775 253 4838 συναπτίυν.
285 4779 396 4853 Πρῶτον
421 4772 468 4853 μὲν
490 4767 536 4832 οθν
553 4774 600 4831 οὐκ
624 4773 681 4832 ίστι
703 4769 820 4844 ζήτησις·
842 4767 886 4828 ίπί
931 4775 997 4825 tione
1010 4771 1154 4824 disserenda
1171 4773 1229 4820 sunt
1244 4783 1302 4820 eum
1319 4769 1350 4819 iis
1362 4781 1419 4833 qua
1432 4766 1463 4817 de
1482 4762 1614 4830 prudentia
1627 4760 1716 4823 dispu-

101 4866 179 4923 πλέον
187 4867 237 4945 γοίρ
252 4869 323 4925 ἐστιν
334 4871 352 4938 ἡ
365 4867 473 4938 ζήτησις
487 4867 534 4934 τῆς
548 4861 695 4930 εὐόουλίας·
706 4863 735 4920 οθ
749 4859 826 4935 μόνον
835 4859 886 4938 γὰρ
932 4863 1042 4914 tavimus
1066 4859 1235 4925 conjungenda
1254 4857 1381 4909 ridentur.
1400 4857 1512 4908 Primum
1531 4867 1588 4916 ergo
1611 4863 1661 4900 non
1678 4851 1718 4898 est

100 4945 157 5012 tsi
172 4953 373 5033 βουλευόμενος,
395 4955 465 5014 ἀλλὰ
491 4950 537 5012 καί
561 4955 677 5020 δκοικῶς
703 4948 887 5031 βουλευόμενος
933 4951 1039 5016 queastio
1062 4967 1069 5002 ι
1096 4949 1172 5000 latius
1199 4947 1264 4998 enim
1285 4959 1362 5011 quam
1389 4946 1453 4996 bona
1473 4939 1622 4994 consultatio
1648 4939 1718 5004 patet

101 5043 239 5116 ζητεῖ,καί
252 5045 282 5103 οὐ
294 5043 372 5121 μόνον
387 5042 421 5102 τὰ
435 5040 609 5120 ἐνδεχόμενα,
622 5038 747 5100 ἀλλὰκαὶ
761 5037 795 5096 τδ
806 5039 888 5115 ἀναγ·
933 5042 1039 5108 questio
1059 5057 1067 5092 ε
1091 5039 1215 5105 quianon
1232 5039 1330 5089 tautum
1347 5035 1392 5100 qui
1411 5035 1485 5093 hene,
1510 5031 1554 5084 sad
1577 5029 1653 5082 etiam
1671 5027 1716 5093 qui

102 5129 1718 5174 W

133 5221 146 5248 *
161 5223 221 5285 (lap.
235 5225 258 5270 9.
273 5222 395 5284 'litantis
409 5221 435 5271 di
450 5221 491 5269 καὶ
506 5221 535 5270 τὸ
549 5218 711 5284 βονλιύισθαι,
723 5219 774 5267 κτλ.
1299 5220 1302 5226 ’
