3934 5956
223 413 284 474 θθθ
729 411 880 475 EUDEMI
902 411 1036 476 RHODII
1057 415 1331 480 PERlPA'lETICl

221 578 281 627 την.
324 551 374 621 Ὣς
391 552 422 614 δν
439 551 522 622 εἴποις
536 554 628 614 οῦκοῦν
652 554 818 633 ἐκπλαγῆναι
840 555 938 618 δίκαιον
959 556 1007 632 τὴν
1053 551 1133 628 εἴσίν,
1147 552 1193 612 καὶ
1206 544 1282 632 οἴμαι
1296 553 1342 614 καί
1356 558 1441 614 ταῦτα
1453 551 1560 621 έκιίνοις
1571 551 1622 613 ἔδει
1633 550 1840 626 συντάττεσθαι,

223 643 407 706 αὐτοδίδακτον
428 643 532 726 σοφίαν,
547 635 566 724 ἡ
584 643 631 716 τὴν
652 644 776 722 portici
788 645 834 706 καί
858 647 941 706 δυάδα
962 645 1008 708 καί
1053 640 1099 700 καί
1113 639 1176 711 ἴσως
1199 643 1251 702 tri
1274 642 1321 720 μίν
1336 641 1532 723 Ἀριστοτέλους
1547 640 1719 700 συντέτακται
1736 643 1782 722 ίἐν
1795 643 1841 700 οὗ·

221 734 280 802 τοῦς
294 733 353 806 ἑξῆς
367 735 492 812 ἀριθμούς
506 737 571 812 ζῷον
591 726 659 794 οἶδεν
675 733 778 816 ἄλογον.
820 735 961 818 Ἀνθρώπιμ
976 737 1004 798 δὲ
1053 731 1133 814 διμιᾷ
1146 731 1198 812 γδρ
1212 736 1264 792 τῶν
1279 731 1367 792 ἄλλων
1387 733 1465 791 αδτοῦ
1479 732 1669 811 πραγματειῶν
1684 733 1841 810 εὑρίσκεται

221 826 262 884 διί
271 823 360 883 πόσων
371 824 419 902 μὲν
433 829 485 884 τῶν
495 823 766 903 μαθημάτωνςπόσων
779 825 807 884 δέ
818 828 871 884 τῶν
885 829 1006 903 πληγῶν,
1054 819 1171 882 τοιοῦτόν
1183 843 1210 880 τι
1221 818 1375 895 πεποιηκὼς
1386 824 1463 880 θποῖα
1474 821 1585 879 ἐνταῦθα
1598 818 1732 898 φαίνεται)
1747 818 1801 877 tei
1814 819 1842 877 δὲ

219 911 263 973 ἴνα
275 913 293 985 ἡ
310 914 383 993 μάθῃ
393 919 477 976 ταῦτα
491 904 520 974 τῦ
534 913 579 974 καῖ
592 917 689 992 καλῶς,
702 913 720 985 ἡ
732 913 860 982 πολλάκις
871 915 908 990 μὴ
921 915 1006 997 μάθῃ
1051 912 1098 966 τοῦ
1112 909 1236 986 Εὐδήμον
1251 909 1422 990 κεχώρισται.
1434 909 1521 980 Quod
1528 907 1654 985 'conjicit
1666 908 1843 967 Alexander

258 1001 404 1083 (AElianus
421 1004 457 1063 dc
478 1004 648 1064 animalium
672 1016 778 1064 natura
791 1003 846 1066 lib,
865 1003 915 1078 IV,
940 1026 1004 1085 cap,
1052 1013 1165 1076 portem
1196 1000 1403 1079 disputationis
1433 999 1613 1057 Aristotcleae
1637 997 1674 1056 ab
1701 997 1842 1058 Eudemo

223 1091 261 1150 53
277 1092 337 1172 περὶ
351 1091 423 1172 ζῴων
440 1096 620 1172 ἀριθμητικῶν
637 1091 771 1154 natones.
787 1093 900 1171 Scripsi
915 1102 1005 1154 ‘cxo-
1053 1090 1211 1166 sepositam
1226 1109 1290 1149 csse
1315 1089 1519 1169 (κεχώρισται),
1547 1107 1652 1166 parum
1674 1087 1841 1167 probabile

219 1181 278 1239 πεῖν
298 1180 387 1260 ἄξιον]
403 1183 493 1258 vulgo
508 1190 604 1243 σκοπεῖ
627 1181 709 1251 ἄξιον.
727 1214 768 1228 -
782 1180 795 1218 l
809 1175 942 1262 σοφίαν,ᾗ
958 1183 1005 1256 τὴν
1052 1191 1109 1252 est3
1135 1178 1187 1237 sed
1214 1199 1281 1238 enm
1306 1177 1429 1238 Eudemi
1458 1178 1657 1236 recensionem
1687 1177 1841 1236 librorum

219 1269 343 1349 μονάδα]
355 1271 506 1331 eGesneci
521 1270 710 1349 conjecturam
735 1271 823 1332 codd.
849 1269 942 1351 σοφίαν
957 1269 1006 1344 τὴν
1051 1265 1318 1345 Metaphysicorum
1334 1285 1493 1345 agnoscere
1503 1278 1636 1344 apparet.
1655 1264 1702 1322 td
1713 1264 1842 1324 eandem

218 1357 247 1418 δι’
258 1382 287 1437 γε
300 1360 414 1437 μονάδα.
427 1362 483 1439 -i
1051 1373 1114 1411 rem
1128 1357 1259 1433 pertinet
1282 1355 1412 1434 Asclepii
1426 1354 1510 1412 locus
1534 1352 1566 1410 iu
1583 1349 1711 1410 scholiis
1727 1372 1759 1430 p.
1780 1353 1840 1428 5¹9

258 1449 363 1510 ιοο.Ἐν
378 1448 507 1528 Αἰγύπτῳ
516 1447 636 1524 πίθηκος,
648 1447 684 1516 ῶς
698 1469 775 1526 φησιν
787 1443 917 1523 Εὔδημος,
930 1446 1005 1507 ἐδιό·
1050 1441 1082 1502 h.
1100 1443 1137 1502 33
1154 1444 1201 1504 ed.
1219 1443 1355 1503 Brandis.
1370 1447 1383 1502 θ
1396 1440 1424 1502 δέ
1440 1441 1537 1522 τρόποι
1549 1445 1595 1509 τῆς
1609 1438 1777 1517 συντάξεως,
1795 1439 1837 1499 ὅτι

219 1559 297 1596 κετο·
316 1537 433 1616 αἴλουροι
452 1536 482 1596 δέ
501 1530 570 1610 ἡσαν
592 1540 615 1596 οἱ
634 1537 781 1603 διώκοντες.
826 1533 887 1596 ’Avi
910 1535 1006 1616 κράτος
1052 1531 1153 1606 ίατλνὴ
1169 1541 1289 1613 παροῦσα
1304 1529 1476 1614 πραγματεία
1491 1531 1540 1610 οὐχ
1554 1529 1651 1607 ὁμοίως
1665 1530 1725 1597 ταῖς
1742 1531 1838 1596 α’λλαις

216 1615 262 1685 οῦν
279 1625 479 1708 ἀποδιδράσκων
495 1625 619 1708 ὥρμησεν
634 1625 714 1686 εὐθὺ·
726 1625 829 1705 δένδρου
844 1628 929 1695 τινός·
941 1629 964 1686 ol
977 1626 1005 1686 δέ
1050 1622 1109 1688 ταῖς
1120 1627 1166 1681 τοῦ
1181 1621 1375 1703 Ἀριστοτέλους
1387 1617 1630 1700 συγκῑκρθῖημίνην
1640 1617 1699 1680 θῦδὲ
1714 1617 1745 1678 τὸ
1760 1617 1841 1677 ῑῖἳῡ·

146 1709 154 1718 .
216 1700 263 1751 καῖ
271 1702 344 1756 edroi
354 1711 618 1781 ανέοορονιώκιοτα,
631 1713 761 1788 ν,Εγονεαι
772 1714 822 1792 γὰρ
833 1717 883 1773 τῶν
895 1717 1002 1798 φλοιῶν,
1050 1711 1112 1770 κτόν
1133 1711 1347 1792 τεκαῖουνεχδς
1369 1708 1440 1790 ἔχειν
1462 1706 1761 1780 tinnimentum
1790 1706 1854 1785 μέν

216 1781 262 1840 καί
280 1781 337 1843 ἔστι
359 1787 405 1846 καί
429 1789 528 1859 τούτοις
546 1797 582 1862 εἴς
596 1793 691 1876 δένδρα
710 1795 855 1856 ίπιόαίνειν
866 1811 887 1856 ι.
926 1802 960 1856 ‘ss
976 1804 1006 1855 ti
1051 1801 1135 1860 λείπει
1145 1804 1181 1866 ῶς
1194 1799 1259 1880 πρδς
1270 1799 1300 1858 τδ
1314 1797 1482 1880 σννεχίς·τῆτ
1492 1793 1732 1869 λέξεωιντίῑδίίί
1741 1795 1837 1855 fflffl

216 1873 253 1935 ὥς
267 1874 392 1941 ἡλίσκετο
410 1867 445 1939 οἷς
460 1877 513 1948 ὧν,
531 1881 576 1934 καί
595 1889 679 1934 ταῦτα
694 1885 747 1933 imi
763 1886 879 1952 πολλῶν,
899 1883 1004 1961 innuli
1050 1891 1240 1964 πραγματειῶν
1251 1889 1383 1967 ὁλόκληρα
1394 1887 1593 1964 μετενήνεκται,
1600 1883 1645 1944 καί
1656 1882 1786 1950 πολλάκις
1801 1883 1840 1940 τὰ

218 1959 248 2016 ἐκ
262 1963 308 2017 τοῦ
326 1959 452 2038 πρέμνον,
476 1963 521 2020 καί
544 1962 641 2023 κλάδον
670 1963 739 2030 τινὸς
754 1966 939 2044 ύπηρτημένου
957 1970 1003 2029 καί
1050 1969 1117 2028 αὐτὰ
1134 1977 1213 2046 λέγει.
1258 1978 1463 2046 Ἀπολαγοῦνται
1478 1975 1505 2026 δε
1522 1972 1587 2048 θπδρ
1598 1971 1701 2046 τούτου,
1718 1971 1768 2029 καλ
1783 1993 1841 2029 κα-

214 2047 346 2128 μιτεύιρου
359 2049 526 2128 λαμύάνιται
546 2051 639 2134 ἄκραις
649 2061 705 2120 ταῖς
716 2055 805 2134 χερσί,
814 2054 860 2114 καλ
870 2059 1002 2138 ίγιιρατῶς
1049 2060 1100 2126 λῶς
1116 2060 1329 2136 ἀπολογοῦνται,
1344 2057 1383 2117 ότι
1395 2056 1499 2137 γράψας
1510 2056 1559 2130 τὴν
1581 2063 1722 2137 παροῦσαν
1736 2083 1838 2142 πραγ-

215 2134 303 2216 εἴχετο
317 2138 365 2196 οὐκ
379 2141 421 2197 ἐπ’
437 2139 536 2222 ὀλίγον.
567 2144 602 2202 Οἱ
613 2141 641 2201 δὲ
656 2141 774 2220 αἴλουροι
788 2145 823 2210 ῶς
836 2144 940 2226 ἐφικτὸν
955 2147 1002 2208 οὐκ
1049 2147 1159 2222 ματαίαν
1174 2146 1293 2228 ἔπεμψεν
1305 2145 1388 2219 αὐτὴν
1404 2145 1523 2227 Εὐδήμῳ
1535 2149 1575 2204 τῶ
1589 2148 1685 2227 ἑταίρῳ
1702 2152 1785 2209 αὐτοῦ
1798 2153 1837 2230 τῷ

212 2215 246 2298 ἡν
261 2227 348 2295 αὐτοῖς
364 2227 416 2302 ἔτι,
433 2231 475 2288 ἐπ’
491 2231 573 2302 ἄλλην
595 2230 677 2310 θὴραν
692 2229 868 2310 κατέδραμον.
912 2231 948 2293 Ὁ
974 2232 1001 2294 δέ
1047 2235 1162 2317 Ῥοδίῳ,
1177 2229 1234 2296 εἴτε
1249 2238 1345 2304 ἐκεῖνος
1361 2237 1465 2308 ἐνόμισε
1483 2235 1521 2313 μὴ
1540 2207 1609 2294 εἴναι
1624 2237 1707 2296 καλὸν
1720 2241 1758 2304 ῶς
1774 2237 1837 2296 ἔτν-

212 2313 285 2374 κατδι
301 2315 401 2390 πολλὴν
416 2315 463 2388 τὴν
480 2319 596 2392 σπουδὴν
606 2319 752 2394 διεσώζετο,
771 2321 857 2400 ἑαυτῷ
880 2321 1003 2402 ὀφείλων,
1046 2346 1093 2402 χεν
1106 2326 1244 2396 ἐκδοθῆναι
1265 2325 1301 2394 εἴς
1314 2323 1428 2390 πολλούς
1443 2322 1605 2396 τηλικαύτην
1626 2327 1831 2403 πραγματείαν.

211 2405 246 2472 ὥς
259 2403 290 2463 τὸ
305 2405 381 2478 titis,
396 2407 526 2487 ζωάγρια.
1046 2411 1093 2472 ’Ei
1104 2418 1141 2496 τῷ
1151 2405 1196 2474 οῦν
1208 2413 1284 2495 μέσῳ
1298 2412 1387 2496 χρόνῳ
1399 2412 1573 2486 ἐτελεύτησε,
1588 2413 1634 2472 καί
1649 2415 1833 2494 διεφθάρησαν

253 2493 400 2572 (AElianus
414 2496 450 2555 de
465 2497 634 2557 animalium
648 2509 752 2556 natura
770 2493 826 2558 lib.
841 2496 876 2570 V,
893 2517 956 2577 cap.
972 2523 998 2574 7.
1044 2522 1104 2560 τινα
1119 2507 1166 2560 τοῦ
1184 2500 1297 2581 βιύλίου.
1313 2499 1361 2572 Μὴ
1385 2502 1533 2578 τολμῶντες
1547 2500 1573 2561 il
1593 2503 1748 2581 προσθεῖναι
1767 2503 1836 2563 οἷαο-

168 2657 178 2662 ,
210 2582 322 2663 Scripsi
334 2585 429 2644 τέίιθῦ
443 2587 554 2666 ]vulgo
568 2585 659 2645 εὐαθῦ.
674 2583 740 2630 —b
756 2587 895 2666 ἀνέθορον]
911 2589 996 2648 codd.
1045 2593 1086 2649 θεν
1099 2590 1123 2648 οἴ
1135 2589 1350 2671 μεταγενέστεροι
1367 2588 1410 2648 διδ
1420 2589 1451 2649 τό
1465 2588 1532 2648 πολύ
1544 2587 1614 2649 πάνυ
1626 2591 1771 2650 λείπεσθαι
1786 2597 1836 2664 τῆς

210 2669 357 2752 σννέθορον.
368 2703 410 2720 ··-
423 2680 434 2710 θ
449 2674 610 2751 ἐπιόαίνειν]
627 2673 695 2733 libri
710 2674 847 2738 ἐπιόατόν.
860 2677 996 2741 -ίὶοιιί,
1043 2683 1089 2737 τοῦ
1104 2679 1197 2760 ἀνδρὸς
1209 2681 1325 2754 ἐννοίας,
1350 2679 1502 2757 μετήγαγον
1520 2681 1551 2739 ἐκ
1571 2682 1624 2738 τῶν
1639 2680 1730 2738 ἄλλων
1745 2683 1833 2741 αὗτοῦ

209 2758 297 2820 Mich.
312 2764 443 2840 Apostol.
463 2760 530 2834 llll,
544 2783 574 2839 9,
594 2761 683 2841 τόν.)
1042 2771 1232 2847 πραγματειῶν
1249 2766 1284 2826 τδι
1301 2768 1442 2845 λείποντα,
1461 2766 1627 2844 ἁρμόσαντες
1645 2771 1680 2835 ῶς
1700 2760 1733 2840 ἡν
1750 2772 1832 2832 δυνα-

252 2869 303 2910 ιοε.
329 2850 396 2932 Περὶ
412 2850 440 2909 δὲ
459 2850 492 2909 el
509 2851 691 2929 μαθηματικοί,
708 2849 752 2910 διδ
764 2850 847 2912 τίοθκ
860 2851 911 2912 εἰσί
927 2853 994 2935 μέρη
1042 2856 1097 2918 τόν.
1117 2856 1280 2936 (intelligit
1298 2877 1333 2916 ea
1348 2878 1413 2936 quae
1427 2877 1464 2916 ex
1474 2857 1611 2934 Physicis
1626 2857 1746 2918 decimo
1766 2864 1831 2922 lie-

209 2940 235 2996 oi
254 2937 327 3016 λόγοι
343 2941 396 2997 τῶν
410 2938 494 3015 λόγων
509 2963 518 3014 ;
541 2929 594 2999 οἷον
609 2944 656 2998 τοῦ
670 2937 769 2999 κύκλον
783 2939 818 3000 τδι
834 2940 994 3017 ἡμικύκλια·
1041 2945 1259 3025 inphysicowm
1274 2944 1354 3005 libro
1366 2945 1633 3020 insertaleguntur.
1644 2945 1690 3005 Cf.
1706 2947 1828 3013 Bonita.

209 3028 239 3086 οὗ
268 3025 320 3105 γάρ
345 3029 414 3086 ἔστιν
435 3027 549 3101 αίσθητδι
566 3033 662 3090 ταῦτα.
693 3024 732 3090 Ἢ
761 3028 834 3089 οὐθέν
854 3029 993 3114 διαφέρεις
1041 3048 1229 3096 commentar.
1244 3056 1276 3113 p.
1295 3037 1343 3111 7.)
1360 3032 1547 3110 Οίιμὴνάλλδι
1562 3031 1830 3104 καὶέντούτοιςσω-

208 3112 345 3194 έοταιγδιρ
360 3111 409 3188 ῦλη
426 3115 499 3176 ίνίων
512 3115 557 3176 καί
572 3117 609 3194 μὴ
624 3120 766 3190 αἰσθητῶν.
1040 3124 1151 3200 ζομένην
1167 3123 1238 3204 εύροι
1255 3122 1287 3182 ἄν
1303 3146 1343 3190 τις
1356 3120 1404 3194 ιὴν
1420 3125 1473 3181 τῶν
1488 3119 1637 3200 λεγομένων
1652 3124 1829 3192 ἀκολουθίαν.

250 3203 438 3279 (Aristoteles
459 3205 588 3284 Melaph·
617 3204 672 3268 lib.
695 3205 743 3278 Vl,
761 3225 824 3284 ⁰³9·
853 3227 885 3264 Η
909 3226 990 3284 pag„
1041 3203 1109 3274 Εἶτα
1131 3211 1222 3272 λοιπδν
1239 3211 1279 3270 δεῖ
1291 3211 1375 3272 εἰπεῖν
1394 3209 1440 3270 καῖ
1464 3208 1583 3289 περὶτοῦ
1605 3209 1723 3288 μεγάλου
1752 3213 1829 3296 ἄλφα

212 3291 405 3353 1036.b.32.
424 3293 991 3355 ed·ssekk0r·VidGBO¹ll12·commen·
1039 3301 1084 3360 καί
1101 3301 1160 3379 περί
1181 3305 1227 3360 τοῦ
1254 3303 1351 3379 μικροῦ
1370 3298 1452 3379 ἄλφα.
1477 3295 1587 3360 Είδέναι
1602 3297 1689 3358 τοίνυν
1708 3302 1766 3382 χρὴ
1782 3305 1829 3365 ὅτι

205 3392 259 3441 tar.
275 3402 306 3459 p.
324 3383 392 3448 δην.
409 3380 577 3440 Alexander
599 3382 848 3461 Aphrodisiensis
866 3404 897 3462 p.
919 3385 990 3458 483,
1038 3389 1219 3470 δεκατέσσαρα
1243 3387 1335 3469 βιδλίιι
1359 3385 1472 3470 ἔγραψεν
1492 3391 1506 3446 θ
1530 3385 1714 3467 Ἀριστοτέλης
1736 3393 1765 3450 δν
1788 3398 1828 3466 τῆ

207 3477 242 3537 ti
258 3471 305 3527 ed.
330 3470 445 3530 Bnnitz.
470 3469 551 3530 είπῶν
579 3469 721 3550 πρότερον,
747 3470 788 3532 δτι
804 3471 848 3530 lul
874 3469 921 3548 μέν
952 3475 991 3552 τῷ
1036 3475 1158 3557 παρούσῃ
1187 3473 1375 3556 πραγματεία·
1402 3471 1482 3556 μέχρι
1509 3473 1561 3555 γδρ
1584 3478 1660 3532 τοῦν
1687 3461 1829 3557 στοιχείου

202 3563 251 3631 τῆς
271 3559 407 3632 συλλαόῆς
427 3558 498 3640 λόγῳ
521 3559 686 3636 λαμόάνεται
706 3559 740 3619 td
759 3568 879 3641 στοιχεῖα
896 3557 939 3619 δεδι
959 3559 990 3620 τὸ
1036 3565 1134 3648 ἔγραψε
1145 3566 1191 3625 καί
1202 3567 1292 3626 αὐτοῦ.
1309 3564 1386 3632 Τινὲς
1396 3563 1424 3623 δέ
1434 3563 1570 3642 εἰρήκασιν
1581 3558 1621 3618 ὅτι
1636 3564 1775 3644 δεκατρία·
1790 3571 1826 3628 τὸ

203 3645 241 3724 μὴ
259 3637 326 3708 εἶναι
342 3648 406 3721 ύλης
420 3647 488 3728 μέρη
506 3650 564 3710 ἀλλ’
580 3647 678 3722 εἴδους,
696 3648 739 3708 ἐπὶ
752 3649 779 3710 δὲ
788 3657 834 3709 τοῦ
847 3649 944 3710 κύκλου
959 3653 988 3710 ού
1037 3652 1089 3734 γδιρ
1106 3655 1195 3731 μεῖζον
1215 3651 1291 3732 ἄλφα
1303 3697 1311 3724 ,
1325 3651 1387 3730 περλ
1401 3641 1430 3710 οῦ
1443 3656 1490 3710 νῦν
1513 3649 1624 3732 πρώτως
1647 3649 1824 3732 διαλέγεταῖ,

201 3738 367 3808 λαμόάνεται
385 3738 419 3800 τά
445 3740 606 3818 ἡμικύκλια,
622 3737 663 3799 ὅτι
686 3737 763 3799 ίνυλά
787 3742 838 3800 tim
855 3740 900 3800 καλ
917 3740 986 3821 μέρη
1035 3742 1164 3823 οὔφασιν
1190 3732 1257 3800 εἴναι
1282 3741 1382 3805 αὐτοῦ,
1408 3737 1667 3808 inducentium
1689 3743 1739 3801 τοῦ
1760 3744 1824 3802 υἴοῦ

201 3827 282 3904 ῦλης,
299 3831 414 3890 συνεῖδεν
429 3829 550 3890 ένοτασίν
568 3852 627 3888 τινα
640 3827 788 3906 δυναμένην
802 3829 867 3910 πρὸς
881 3831 925 3888 τὸν
940 3828 985 3888 λό·
1036 3831 1155 3910 Βοήθου,
1167 3833 1212 3889 τοῦ
1235 3829 1348 3908 ἀδελφοῦ
1373 3827 1516 3905 Εύδὴμου,
1531 3833 1576 3889 τοῦ
1596 3825 1701 3908 ἑταίρου
1715 3829 1817 3892 «tvos.

200 3939 245 3994 γον
259 3919 401 3999 φέρεσθαι,
415 3919 447 3993 ἡν
458 3919 621 4002 παρατίθησι
636 3917 682 3978 καλ
702 3917 770 3980 λύει.
795 3915 937 4000 Ἔφθημεν
953 3917 980 3978 δί
1034 3921 1092 3981 Οὔκ
1107 3919 1164 3978 ἔστι
1177 3915 1205 3978 δέ
1216 3916 1319 3992 άληθές·
1335 3917 1448 3986 adterat
1462 3915 1514 3998 γάρ
1530 3921 1606 3990 ἡτοῦ
1618 3916 1822 3998 Ἀριστοτέλους

200 4007 276 4081 ἡμεῖς
291 4007 404 4075 εἰπόντες
419 4009 462 4068 ὅτε
484 4009 607 4088 περὶτῆς
631 4009 768 4083 σνλλαόῆς
789 4007 892 4090 ἔλεγεν,
912 4006 984 4076 ὅπως
1033 4006 1148 4079 δεινότης
1164 4005 1209 4066 καί
1223 4007 1253 4065 lx
1266 4009 1314 4078 τῆς
1337 4003 1430 4073 λέξεως
1451 4006 1496 4064 καλ
1512 4007 1543 4064 ἐκ
1558 4009 1605 4077 τῆς
1624 4006 1751 4085 θεωρίας,
1770 4007 1825 4067 καί

199 4093 232 4151 rt
244 4092 292 4169 μέν
308 4097 454 4171 ἡμικύκλια
466 4095 530 4170 ἴλης
546 4099 596 4157 elul
607 4097 693 4178 μέρη,
714 4095 748 4156 rii
761 4097 788 4158 δέ
802 4105 924 4178 στοιχεῖα
937 4097 985 4156 οὐκ
1032 4093 1099 4155 πολύ
1112 4093 1192 4156 πλέον
1208 4093 1248 4153 δτι
1265 4094 1399 4170 μέμνηται
1413 4095 1492 4152 αὐτοῦ
1503 4095 1529 4151 έν
1544 4097 1582 4174 τῷ
1593 4093 1715 4154 ἴλάττονι
1730 4094 1821 4176 ἄλφα,

198 4257 301 4323 quidem
316 4259 456 4320 comedere,
475 4262 633 4316 undecimam
651 4267 736 4316 autem
754 4264 893 4330 ntiounquo
905 4263 984 4315 relin-
1027 4262 1141 4316 arborem
1153 4261 1331 4313 inscendissent
1343 4260 1390 4324 (ad
1402 4261 1520 4312 corticem
1532 4261 1597 4312 enim
1616 4261 1822 4316 adheresoenies

197 4360 296 4414 quero:
312 4361 431 4401 unvero
449 4363 503 4401 eom
515 4353 541 4402 ct
556 4365 607 4416 qun
621 4355 705 4404 mente
722 4355 842 4418 tanqum
859 4352 982 4419 primitie
1026 4363 1127 4405 sumum
1137 4355 1235 4418 reptare
1244 4351 1355 4413 scienti:
1368 4349 1500 4409 Ιιαοειιιε,
1513 4350 1602 4414 utpote
1616 4349 1822 4416 soisopiuribus

197 4442 240 4492 aut
261 4437 393 4491 decumam
411 4437 566 4504 relinquant,
582 4453 665 4506 opere
680 4439 789 4506 pretium
811 4444 850 4494 est
869 4439 983 4494 conside-
1025 4439 1339 4503 circumvenieexarbuis
1350 4439 1820 4504 trunooinramnmsuspmsnmetai-

195 4541 259 4580 rare.
276 4526 444 4589 Quamobrem
459 4526 588 4578 verissime
604 4526 685 4589 dions¹
701 4527 840 4580 mumdum
859 4528 982 4594 quodam-
1025 4533 1080 4581 tum
1089 4529 1197 4590 natiuit,
1207 4543 1283 4596 quem
1290 4543 1411 4580 manuum
1427 4527 1628 4580 eunomintibus
1642 4529 1818 4582 aretetenens

194 4617 268 4668 modo
279 4629 333 4669 csse
348 4617 515 4682 ingeneratum
531 4615 601 4668 iilam
618 4615 700 4669 brutis
718 4617 865 4669 animalibus
883 4617 981 4684 sapien-
1024 4616 1368 4684 diumuliumqncpependit.
1383 4617 1454 4670 Feles
1463 4619 1549 4668 autem
1555 4615 1818 4683 quoniamooperrc·

193 4707 268 4766 tiam.
281 4703 551 4772 qnancminedocente
557 4707 692 4767 unitotnn,
706 4706 831 4758 binarium
838 4708 864 4759 et
872 4707 981 4772 reliquos
1024 4709 1077 4760 nire
1091 4708 1198 4774 amplius
1209 4721 1259 4758 non
1277 4707 1399 4772 poterant.
1414 4705 1447 4757 ad
1461 4704 1654 4770 atiampredam
1665 4704 1815 4770 mpieodm

193 4794 309 4862 deinceps
321 4809 439 4847 numeros
455 4795 542 4847 soient.
566 4797 598 4846 At
614 4797 689 4847 homo
705 4800 768 4862 quot
783 4798 916 4863 preceptis
935 4800 980 4848 out
1023 4797 1219 4863 aggressesnnt.
1231 4795 1263 4845 it
1276 4791 1590 4857 simiaseduioperioulum
1601 4789 1705 4856 elingit,
1718 4792 1815 4858 quippe

193 4884 268 4937 etiam
276 4888 339 4951 quot
347 4885 493 4936 verberibus
499 4885 532 4936 od
541 4885 597 4937 hee
609 4885 770 4951 perdiscenda
784 4889 854 4952 eget,
872 4900 979 4952 quorum
1022 4897 1088 4949 que.
1104 4885 1134 4933 ut
1153 4896 1198 4948 por
1211 4883 1262 4943 est,
1279 4880 1327 4932 sibi
1339 4879 1385 4932 soii
1405 4879 1494 4931 salutis
1506 4877 1638 4943 premium
1649 4877 1762 4929 deberet.

193 4973 321 5026 mimum
343 4977 427 5026 tamen
445 4987 512 5041 sepe
530 4988 562 5026 ne
580 4973 616 5026 sio
635 4975 737 5041 quiden
756 4976 931 5041 consequitur?
1055 4978 1107 5024 126.
1125 4973 1154 5022 in
1163 4969 1299 5036 disciplinis
1311 4968 1493 5021 matinatiris
1508 4981 1568 5020 vero
1581 4967 1749 5019 curratioues
1761 4983 1811 5020 non

225 5068 278 5114 125.
295 5067 379 5122 Quum
390 5064 452 5116 icles
463 5063 562 5116 simiam
574 5063 601 5114 in
613 5066 733 5130 AEgypto.
750 5067 780 5116 ut
795 5064 872 5116 reteri
893 5062 978 5114 Eude-
1021 5064 1170 5126 suuipnrics
1181 5059 1321 5110 rationum?
1331 5060 1360 5108 ui
1372 5057 1523 5109 citeriorum
1537 5054 1696 5106 semicirculi.
1710 5056 1809 5120 Quippe

191 5167 263 5214 mus,
276 5152 473 5220 insequerentur,
487 5157 542 5207 hnc
554 5159 638 5208 autem
656 5156 771 5208 omnibus
785 5156 882 5209 viribus
900 5154 977 5208 ouin-
1020 5151 1080 5202 talio
1097 5163 1146 5200 non
1159 5152 1218 5200 sunt
1231 5147 1365 5200 sensibilia.
1380 5149 1417 5198 λιι
1433 5146 1495 5198 nihil
1517 5145 1642 5198 interest?
1662 5145 1719 5194 liiii
1740 5144 1807 5194 cuim

190 5243 261 5307 ςίουν
272 5245 341 5294 reolo
354 5243 381 5302 in
396 5243 510 5298 arborem
527 5245 660 5310 evasisset,
676 5249 753 5313 atque
765 5245 816 5297 ille
831 5245 857 5297 in
872 5244 976 5298 candeo
1020 5237 1191 5306 (summm.
1210 5239 1285 5292 eliam
1296 5251 1345 5290 ¹1⁰ss
1357 5237 1517 5296 sinslbffifflsss
1535 5233 1647 5286 matoria.
