3882 5954
434 297 658 360 cretaceum
679 297 1012 362 Ntcuuacuuonuu
1034 300 1312 364 PARAPHRASIS.
1612 311 1671 368 dt3

59 430 117 492 ἔστι
126 427 205 511 χρεία
223 426 258 488 δι’
267 429 376 503 ίαυτῆς,
396 427 453 490 ίστι
470 431 497 490 δὲ
511 430 601 514 ὥσπερ
622 431 785 512 ῦπιίλλαγμα
796 438 842 504 τῆς
890 457 974 495 rerum
993 457 1125 503 mensura,
1145 444 1189 508 qui
1205 446 1289 495 tanim
1304 457 1444 509 persenon
1455 445 1618 509 desideratur,
1631 451 1674 502 scd

58 519 163 598 χρείας·
179 517 222 577 διδι
243 515 342 578 τοθτων
369 516 455 578 τοίνυν
476 523 528 579 τῶν
555 521 656 602 μέτρων
683 520 843 600 γνωσθείσης
888 532 961 598 quasi
978 532 1005 582 in
1023 531 1106 583 locum
1123 531 1264 597 indigentiae
1284 533 1404 584 successit
1423 553 1429 582 ι
1451 549 1530 600 quum
1552 537 1600 589 hac
1617 555 1675 603 ergo

58 609 175 667 ἑκάστου
191 609 238 678 τῆς
260 606 333 674 ιἰξίας
352 609 405 664 τῶν
429 605 565 688 θργων,.ἡ
586 609 690 690 ἀλλαγὴ
707 610 845 694 ἰσόρροπος
889 633 1005 671 mensura
1027 619 1122 686 singula
1138 634 1223 671 rerarm
1246 620 1326 686 pretia
1347 623 1548 686 cognoverimus,
1572 630 1677 693 aquatis

57 695 136 756 ἔσται
155 694 223 754 κατδι
236 693 268 754 τὸ
283 695 422 770 ἀνοίλογον.
890 709 1055 775 proportione
1064 709 1215 774 permutatio
1225 709 1282 761 erit.

99 785 113 810 ⁴
129 784 164 844 ‘H
178 781 205 842 di
225 783 352 862 ἀναλογία
367 782 442 844 ἔσται
462 785 694 856 ἀντιπεπονθότως·
708 786 776 847 οίίτω
793 788 844 871 γδιρ
923 801 999 850 Porro
1011 799 1135 864 reciproca
1152 801 1177 850 et
1192 799 1291 865 quasie
1306 800 1405 853 tationis
1415 801 1471 868 lege
1481 805 1530 856 crit
1546 805 1601 857 hec
1617 823 1676 874 pro-

56 874 170 935 δυνατδν
193 875 334 947 ἰσασθῆναι
356 874 404 947 τὴν
428 876 558 954 ἀλλαγὴν.
584 875 802 938 Ἄντιπιτονθότα
817 879 844 938 δὲ
889 888 970 953 portio
984 905 991 937 ι
1006 887 1142 954 quippeita
1153 888 1249 953 aequari
1261 891 1353 954 poterit
1368 894 1526 957 permutatio.
1544 896 1676 962 Reciproca

54 964 179 1042 λέγονται
195 961 269 1044 παρὰ
283 969 337 1030 τοῖς
356 967 566 1040 μαθηματικοῖς,
590 967 653 1026 θταν
676 958 694 1046 ᾖ
705 1013 713 1044 ,
729 971 764 1036 ὥς
780 967 810 1027 τὸ
827 991 844 1026 α
890 979 974 1026 autem
994 975 1042 1026 troc
1058 975 1133 1028 modo
1147 976 1265 1027 dicuntur
1287 978 1354 1043 apud
1372 982 1575 1045 mathematicos,
1596 999 1676 1050 quum

54 1054 123 1134 πρὸς
137 1051 457 1133 τδβ,τδγπρδςτὸδ·
471 1053 516 1112 καὶ
531 1054 798 1134 ὡςτδαπρδςτδγ,
814 1056 844 1116 τδ
890 1064 956 1116 sicut
978 1068 999 1116 Α
1021 1065 1054 1116 ad
1073 1068 1100 1124 B,
1122 1067 1158 1116 ite
1184 1067 1301 1118 sehabet
1320 1068 1387 1120 (iad
1404 1073 1449 1120 D:
1472 1075 1541 1122 etut
1562 1075 1674 1136 AadG,

56 1143 73 1201 δ
91 1141 156 1224 πρδς
168 1141 198 1200 τθ
212 1148 239 1220 β·
255 1143 279 1202 εἰ
299 1147 391 1201 τοῦτον
405 1141 490 1202 τοίνυν
504 1142 549 1201 τδν
562 1141 659 1222 τρόπον
674 1142 801 1220 ἀνάλογον
820 1143 845 1202 ἔ·
891 1153 927 1204 ita
938 1155 960 1203 D
972 1153 1005 1204 ad
1016 1156 1051 1204 B:
1066 1155 1087 1204 si
1102 1154 1150 1204 hoc
1169 1168 1228 1219 ergo
1246 1156 1320 1208 modo
1337 1172 1384 1224 pro
1400 1161 1514 1225 portione
1529 1164 1677 1228 respondent

56 1255 121 1291 σται
131 1230 165 1290 τδι
179 1231 379 1309 ἅλλασσόμενα,
398 1229 443 1290 καί
464 1234 489 1291 οἱ
508 1231 697 1306 ἀλλάσσοντες,
713 1231 804 1295 δικαία
817 1231 845 1292 ἔ·
891 1254 931 1292 res
943 1244 1090 1306 penuutatee
1108 1242 1269 1309 hominesque
1282 1250 1467 1310 permutantes,
1478 1249 1603 1313 justaerit
1618 1265 1677 1316 per-

57 1345 121 1381 σται
145 1325 162 1393 ἡ
187 1319 302 1395 ἀλλαγὴ.
329 1315 423 1380 Ἔστω
446 1321 496 1402 γδιρ
517 1321 677 1397 σκυτοτόμος
703 1322 742 1403 ἐρ’
761 1313 791 1382 σθ
813 1344 841 1400 γ,
891 1330 1005 1380 mutatio.
1015 1329 1052 1380 Sit
1062 1329 1128 1380 enim
1143 1335 1214 1382 autor
1223 1333 1266 1384 ubi
1280 1335 1310 1392 G,
1329 1335 1436 1398 agricola
1450 1337 1586 1398 ubitest,
1601 1341 1677 1392 calcei

56 1409 190 1490 γεωργός,
207 1410 246 1488 ίρ’
261 1399 290 1467 οδ
303 1434 332 1486 α,
348 1408 522 1485 ὑποδήματα,
533 1410 574 1490 ἐρ’
590 1401 619 1468 οδ
630 1412 652 1483 δ,
669 1418 747 1484 σῖτος,
757 1413 797 1491 ἐρ’
808 1403 838 1486 οῦ
890 1418 934 1470 ubi
950 1421 981 1478 D,
1002 1417 1156 1470 trumentum
1167 1421 1211 1472 uhi
1225 1424 1245 1472 B
1263 1436 1404 1488 :ponamus
1425 1440 1483 1490 ergo
1497 1427 1628 1491 agricolam
1645 1429 1678 1481 ad

59 1504 87 1580 β·
103 1500 199 1559 κείσθω
213 1497 244 1570 δὴ
263 1501 307 1558 τδν
317 1497 433 1576 γεωργὸν
450 1497 514 1578 πρὸς
532 1498 576 1558 τὸν
587 1498 683 1558 σκυτέα
704 1498 841 1559 διτλοίσιον
890 1511 1001 1559 sutorem
1016 1506 1086 1573 dupti
1108 1509 1229 1562 rationem
1242 1511 1334 1564 habere
1347 1553 1353 1574 ,
1366 1513 1477 1579 proiecto
1489 1519 1515 1566 et
1524 1515 1677 1569 frumentum

57 1581 139 1656 λόγον
155 1579 246 1658 ἔχειν,
261 1577 335 1637 ἔσται
349 1579 380 1650 δὴ
402 1579 447 1636 καί
465 1583 480 1637 δ
500 1586 569 1646 σῖτος
582 1578 718 1647 διπλάσιος
732 1585 765 1660 τῇ
781 1579 840 1662 ἀξίᾳ
889 1595 996 1661 duplicis
1017 1597 1090 1661 pretii
1106 1599 1227 1651 rationem
1253 1601 1286 1652 ad
1303 1603 1398 1654 calceos
1414 1603 1515 1655 habebit
1535 1625 1542 1654 ι
1560 1606 1581 1656 si
1603 1607 1678 1672 igitur

59 1671 114 1728 τῶν
128 1665 313 1744 ὑποδημάτων·
327 1669 349 1726 εἰ
361 1665 445 1726 τοίνυν
460 1667 534 1726 ἔσται
544 1671 578 1734 ὥς
591 1668 705 1747 γεωργὸς
719 1671 784 1749 πρὸς
797 1669 841 1727 τὸν
890 1683 1101 1750 quemadmodum
1113 1686 1220 1749 agricola
1237 1687 1269 1738 ad
1278 1692 1387 1740 sutorem
1397 1729 1402 1748 ‚
1414 1690 1451 1740 aie
1461 1691 1536 1741 calcei
1550 1691 1583 1742 ad
1594 1693 1678 1744 cibum

59 1757 175 1830 σκυτέα,
188 1756 220 1812 cd
234 1756 393 1828 ὑποδήματα
413 1754 536 1834 πρδςτὴν
551 1756 648 1838 τροφὴν
664 1756 681 1828 ὴ
695 1755 739 1814 τὸν
753 1757 840 1832 σῖτον,
891 1772 936 1820 ant
958 1769 1111 1821 trumentum
1128 1786 1155 1824 se
1178 1774 1316 1835 habebunt,
1342 1791 1442 1830 necesse
1459 1779 1507 1830 erit
1525 1779 1602 1845 duplo
1623 1781 1678 1832 sru-

58 1843 216 1903 διπλασίονα
226 1841 301 1901 ἔσται
316 1842 349 1902 τδ
363 1842 521 1920 ὑποδήματα
532 1850 579 1902 τοῦ
598 1844 686 1918 σίτου,
701 1844 746 1905 καί
760 1845 843 1914 οὕτως
889 1863 1002 1910 mentum
1014 1860 1134 1912 excedant
1155 1862 1242 1923 calcei.
1257 1868 1333 1930 atque
1343 1868 1379 1916 ita
1393 1865 1512 1919 frumenti
1523 1869 1631 1933 pretium
1641 1884 1678 1920 ae·

57 1932 164 1991 ίσυνται
178 1929 239 1999 ἄξια
251 1935 297 1992 τοῦ
313 1931 395 1991 σίτου·
416 1935 439 1991 τί
454 1930 532 2008 δὲμὴ
549 1931 630 2001 οθτως
645 1938 662 2006 ὴ
677 1933 782 2010 ἀλλαγὴ
796 1935 843 2012 γέ·
889 1947 1019 2013 quatiunt:
1032 1947 1101 2013 quod
1119 1948 1167 1998 nisi
1185 1949 1220 2000 ita
1242 1950 1270 2000 tit
1289 1953 1453 2016 permutatio,
1470 1954 1496 2003 in
1513 1955 1677 2019 proportionis

56 2021 185 2128 νοιτοχού
200 2021 238 2079 δεῖ
249 2021 284 2087 είς
299 2024 392 2101 σχῆμα
407 2021 549 2098 ἀναλογίας
563 2021 634 2101 ἄγειν
654 2021 735 2094 αὐτοί,
749 2023 839 2103 οὐγὰρ
892 2039 997 2093 roman
1014 2041 1062 2091 ista
1073 2039 1204 2106 redigenda
1215 2055 1265 2092 non
1278 2044 1363 2100 erunt,
1376 2041 1436 2107 quia
1452 2043 1547 2108 [equari
1557 2057 1606 2093 non
1620 2056 1678 2108 pos-

56 2110 169 2216 ὃρνατυν
184 2109 332 2218 ίισασθρῆνναι.
349 2111 382 2169 Et
396 2109 446 2186 γὰρ
459 2107 549 2182 ἔσται,
562 2112 598 2178 ὣς
617 2113 631 2168 ὅ
652 2109 764 2190 γεωργὸν
777 2110 840 2192 πρὸς
892 2135 958 2182 sunt.
972 2131 999 2182 Si
1017 2131 1084 2182 enim
1101 2129 1311 2196 quemadmodum
1332 2130 1440 2193 agricola
1458 2130 1490 2182 ad
1504 2134 1628 2190 sutorem,
1643 2131 1679 2182 sic

54 2221 103 2307 τυρ
118 2219 272 2308 σκυτεαχτρ
285 2219 360 2276 εργον
378 2201 423 2257 τοῦ
433 2203 549 2277 γεωργοῦ
564 2196 578 2257 ὃ
595 2197 726 2274 λαμθάνιι
745 2201 840 2258 δσκυ-
891 2222 918 2271 et
934 2232 997 2284 opus
1009 2219 1122 2284 αςτίυοίευ
1139 2217 1208 2284 quod
1220 2219 1309 2283 accipit
1329 2222 1408 2278 sutor,
1422 2217 1455 2269 ad
1465 2225 1528 2283 opus
1542 2219 1634 2269 sutoris
1648 2233 1679 2270 se

54 2309 118 2392 τεΙυς
132 2285 196 2394 τρδς
211 2308 242 2344 το
256 2307 330 2392 εργρν
346 2289 392 2344 τοῦ
407 2286 523 2354 σκυτέως
543 2284 558 2345 θ
579 2286 711 2365 λαμῦοίνει
725 2291 739 2346 θ
754 2311 839 2369 γεωρ-
891 2310 966 2362 hahet
981 2309 1049 2375 quod
1070 2309 1160 2374 accipit
1184 2307 1309 2372 agricola,
1333 2322 1382 2358 non
1400 2308 1448 2358 erit
1468 2309 1611 2374 aequalitas,
1631 2307 1679 2363 aed

56 2395 115 2450 γος,
127 2397 174 2431 oux
184 2371 257 2430 ἔσται
271 2375 368 2445 ίῦοτης,
379 2372 506 2433 admitti
518 2375 841 2458 &artnenouddtuct'xotou
891 2412 970 2464 quum
984 2397 1107 2460 reciproca
1125 2395 1220 2446 Μὴ
1235 2395 1294 2446 talio
1301 2433 1307 2454 ¹
1327 2399 1382 2444 tum
1395 2394 1499 2446 demum
1512 2395 1610 2460 proprie
1621 2409 1678 2460 pef-

54 2461 118 2520 τότε
134 2459 236 2538 ἀλλαγὴ
252 2460 346 2540 κυρίως
361 2459 406 2518 καί
416 2460 539 2520 κοινωνία
552 2461 663 2542 γίνεται.
890 2488 997 2538 mutatio
1008 2486 1038 2536 fir
1048 2488 1074 2536 et
1086 2486 1284 2537 communicatio,

99 2549 127 2576 **
138 2545 205 2609 '0³²
218 2548 244 2608 δὲ
259 2548 364 2628 ἧκρῑία
377 2545 480 2629 “Mitt
494 2549 541 2618 τὰς
554 2549 703 2624 mimium
716 2552 762 2612 καί
775 2551 841 2625 αθῦθ
923 2577 1060 2642 Indigentia
1068 2579 1152 2626 autem
1162 2573 1281 2626 contineri
1293 2573 1423 2634 civitates,
1435 2588 1540 2640 eamque
1553 2587 1607 2626 esse
1619 2587 1678 2640 quae

53 2637 107 2706 τδις
120 2637 254 2704 κοινωνίας
265 2635 446 2705 nanciscitur
458 2638 583 2712 ἓνώσεις,
594 2640 715 2720 καθάπερ
727 2640 754 2699 ἕν
765 2664 790 2698 τι
800 2641 840 2720 ὄν,
892 2656 952 2706 vitae
964 2655 1160 2704 cummunionem
1174 2651 1264 2703 efficiat
1282 2654 1308 2702 et
1318 2651 1454 2710 unitatem,
1468 2655 1586 2716 unquarn
1600 2666 1678 2702 unum

55 2729 146 2798 δῆλον·
160 2727 206 2786 καί
218 2725 270 2807 γδιρ
285 2727 348 2785 ὅταν
365 2725 403 2805 μὴ
418 2727 510 2808 χρείαν
532 2728 629 2809 ἔχωσιν
647 2731 780 2806 ἀλλήλων,
793 2733 842 2792 οὐκ
892 2731 965 2798 quid,
979 2729 1138 2780 manifestum
1151 2733 1190 2780 est
1205 2745 1211 2778 :
1231 2742 1308 2793 quum
1326 2727 1392 2779 enim
1405 2727 1469 2778 atter
1485 2727 1564 2778 attero
1575 2742 1624 2778 non
1639 2727 1678 2776 in-

55 2816 251 2890 ἀλλοίττονται,
267 2815 326 2875 οὐδὲ
338 2822 504 2877 κοινωνοῦσιν
518 2819 642 2891 ἀλλήλοις
656 2819 674 2892 ὴ
693 2823 780 2882 δτανθ
794 2823 842 2900 μίν
892 2803 970 2867 ‘liget’
984 2817 1033 2852 ³⁰¹¹
1048 2803 1192 2866 permutant
1206 2813 1286 2864 mque
1300 2798 1485 2849 mmmmm
1496 2798 1599 2849 interm
1612 2817 1619 2848 ²
1632 2799 1677 2847 aut

54 2904 173 2978 δέηταιθ
189 2903 311 2986 θατέρου,
327 2903 416 2984 ἅτερος
437 2907 465 2966 δὲ
487 2907 596 2987 θατέρου
616 2909 709 2988 χρείαν
722 2913 768 2971 οὐκ
781 2912 839 2993 ἔχῃ,
893 2894 974 3020 a?
987 2871 1679 3018 [¹¹¹2Zsscqglil‘iigznmalstiffi'i‘gugnffimnifflssrguffineffi.

55 2997 108 3056 καὶ
127 2996 187 3055 τότε
202 2995 253 3076 γδρ
275 2997 370 3072 δμοίως
390 2996 562 3069 ᾶκοινώνητοί
578 3001 656 3056 εἰσιν·
673 2998 764 3079 ὥσπερ
777 3003 841 3061 τοῦ·
893 3037 933 3084 γρ,
949 3038 1003 3086 tum
1014 3031 1216 3086 demumlocum
1230 3028 1319 3086 habet,
1340 3040 1420 3091 quum
1433 3024 1501 3090 quod
1519 3023 1610 3089 aliquis
1626 3022 1679 3086 ipse

55 3087 178 3157 ναντίον,
194 3084 257 3143 ὅταν
271 3076 302 3144 οῦ
318 3084 366 3164 μίν
381 3084 438 3164 ἔχει
451 3086 527 3154 αὐτὸς
544 3085 634 3158 δέηταί
648 3111 704 3168 τις,
720 3089 797 3159 αιἰτδς
811 3090 839 3150 δὲ
893 3109 1014 3173 possidet,
1035 3123 1065 3160 ω
1080 3108 1136 3172 eget
1147 3105 1218 3164 alter,
1233 3104 1287 3170 ipse
1298 3106 1383 3154 autem
1399 3115 1486 3153 rursus
1497 3105 1553 3165 eget
1568 3113 1598 3150 σο
1610 3095 1679 3162 quod

54 3176 145 3258 χρῄζῃ
158 3186 168 3212 ·
181 3165 218 3234 ὧν
232 3177 327 3242 ἐκεῖνος
341 3178 429 3235 δοῦναι
445 3175 562 3243 δυνατός.
893 3179 935 3232 itte
944 3181 1003 3232 dare
1018 3183 1107 3246 potest.

100 3263 141 3290 Μ
150 3263 227 3324 Ἐπεί
236 3262 264 3324 δὲ
274 3263 424 3332 mittitis&
436 3262 484 3340 rste
494 3264 609 3346 γεωργδς
619 3265 702 3326 δεῖται
710 3273 755 3328 τοῦ
767 3266 843 3348 ἔργου
924 3273 1008 3330 Quum
1019 3283 1079 3321 rero
1089 3279 1259 3334 sepenumero
1276 3264 1384 3330 agricola
1401 3261 1465 3313 fabri
1473 3274 1548 3327 opere
1560 3259 1676 3324 indigeat,

53 3358 108 3414 τοῦ
120 3352 267 3426 τίκτονος,δ
278 3353 306 3413 δὲ
318 3354 415 3414 τίκτων
427 3356 457 3412 οὐ
468 3355 551 3414 δεῖται
562 3362 608 3415 τοῦ
623 3363 780 3437 γεωργικοῦ,
793 3354 837 3416 ίνα
893 3361 936 3412 sed
949 3361 1062 3426 agricola
1075 3372 1148 3423 opere
1166 3371 1214 3407 non
1227 3355 1335 3420 indigeat
1353 3351 1436 3411 taber,
1450 3365 1481 3402 ne
1494 3363 1605 3415 unquam
1621 3361 1678 3412 per-

53 3441 95 3500 τδι
111 3439 267 3519 θλλιίγματα
285 3441 330 3500 καί
348 3444 375 3500 ui
389 3441 522 3501 κοινωνίαι
543 3442 694 3519 μηδίιτοτεί
717 3442 842 3504 κωλιίων·
893 3447 999 3498 mutatio
1011 3449 1037 3497 et
1048 3443 1240 3496 communicatio
1256 3441 1427 3506 impediretur,
1439 3438 1551 3490 adhiberi
1562 3449 1680 3487 nummus

55 3553 106 3589 ται
117 3573 125 3602 ,
138 3529 292 3612 παρελήφθη
307 3529 338 3588 τὸ
351 3529 478 3607 νόμισμα·
493 3531 627 3593 καὶτοῦτο
643 3533 728 3602 διδυθς
737 3537 751 3592 δ
761 3557 844 3615 γεωρ-
892 3537 967 3602 cepit
978 3557 983 3586 :
995 3535 1062 3586 hunc
1075 3547 1154 3599 quum
1170 3531 1241 3582 fabro
1253 3530 1330 3581 tradit
1346 3529 1454 3594 agricola
1467 3568 1472 3586 ,
1492 3526 1601 3578 vicissim
1611 3524 1680 3578 iltius

55 3619 106 3696 γδς
124 3620 161 3697 τῷ
176 3617 277 3676 τίκτσνι
292 3617 423 3694 λαμθοίνει
440 3621 505 3700 παρ’
521 3621 619 3682 ίκιίνου
635 3624 665 3684 τδ
682 3624 780 3684 ίκείνου
793 3624 843 3706 ἔρ·
892 3639 955 3690 opus
970 3623 1002 3674 ab
1019 3637 1049 3674 eo
1064 3621 1153 3686 accipit
1171 3641 1178 3671 ε
1198 3618 1363 3685 quiquidem
1385 3629 1503 3668 nummus
1520 3613 1590 3664 fabro
1607 3610 1678 3678 quasi

55 3727 116 3782 γον·
131 3702 144 3761 ὃ
158 3701 232 3776 δθτθ
240 3702 357 3781 νόμισμα
372 3704 492 3786 καθάπερ
505 3708 634 3786 ἐγγυητής
648 3712 705 3768 ἐστι
718 3713 782 3790 πρὸς
800 3713 845 3772 τὸν
892 3713 1008 3779 spondet,
1028 3713 1071 3765 ubi
1092 3711 1154 3778 quid
1170 3725 1256 3762 eorum
1278 3721 1336 3774 que
1356 3706 1388 3757 ad
1409 3704 1532 3755 rusticum
1555 3699 1680 3766 pertinent

55 3791 188 3866 τέκτονα,
205 3789 244 3850 δτι
267 3793 373 3852 ἐπειδδιν
391 3797 444 3854 τῶν
468 3800 514 3854 τοῦ
536 3804 681 3880 γεωργικοῦ
701 3801 797 3874 δεηθῆ,
813 3801 846 3860 δι’
893 3803 1031 3862 desideret,
1044 3801 1096 3853 iore
1106 3805 1136 3852 ut
1146 3800 1257 3866 pecuniae
1270 3795 1389 3848 beneficio
1403 3807 1461 3859 qua
1477 3792 1525 3857 ipsi
1542 3787 1679 3840 necessaria

57 3883 141 3939 αὗτοῦ
163 3880 275 3961 λήψεται
290 3881 364 3962 παρὰ
388 3888 433 3943 τοῦ
452 3892 569 3966 γεωργοῦ
591 3879 628 3946 ὧν
646 3889 673 3947 ίν
691 3867 773 3969 χρεία.
797 3913 842 3950 xa.
893 3891 952 3939 sunt
964 3888 996 3938 ab
1012 3888 1118 3951 agricola
1130 3886 1241 3950 accipiat.
1256 3881 1384 3947 Atqueita
1404 3873 1680 3944 quisaliquandoquo-

56 3971 151 4040 τέστη.
174 3968 228 4028 Καὶ
246 3969 315 4030 οίίτω
334 3975 467 4031 κάνταῦθα
482 3980 495 4019 ⁸
512 3975 555 4034 διὰ
570 3973 617 4047 τὴν
636 3976 783 4052 μέλλουσαν
800 3985 846 4040 τοῦ
893 3990 943 4043 que
952 3977 1062 4040 indigere
1074 3974 1166 4025 tutibus
1182 3972 1253 4023 faber
1269 3969 1375 4035 poterit,
1387 3963 1538 4033 permutatio
1553 3962 1594 4013 hic
1610 3961 1638 4011 ut
1654 3964 1680 4011 et

56 4057 178 4124 τέκτονος
190 4058 281 4138 χρείαν
291 4063 308 4132 ἡ
320 4061 424 4138 ἀλλαγὴ
438 4061 483 4121 καί
497 4067 514 4135 ὴ
530 4064 652 4124 κοινωνία
664 4065 774 4144 γίνεται.
791 4067 845 4127 Καί
893 4064 1090 4117 communicatio.
1102 4063 1169 4122 Quin
1177 4062 1252 4114 etiam
1259 4071 1376 4110 nummus
1386 4055 1497 4122 potentia
1508 4051 1560 4104 fere
1569 4051 1680 4102 omnium

58 4147 93 4206 τὸ
107 4145 221 4224 νόμισμα
247 4148 356 4226 δυνάμει
377 4149 433 4208 ίστθ
459 4151 547 4212 πάντα
571 4155 684 4234 σχεδόν,
703 4145 739 4214 ὦν
761 4157 845 4216 δεῖται
892 4150 1255 4217 manutenementum
1273 4147 1376 4200 alterius
1395 4159 1469 4211 opera
1490 4143 1604 4208 indiget:
1622 4153 1677 4191 ma-

57 4235 171 4303 ἵκαστος
183 4236 302 4298 ἑκάστου·
317 4238 363 4298 καί
378 4237 498 4310 ἡτοιίτου
509 4239 587 4321 χρεία
599 4241 717 4318 μοίλιστα
731 4241 811 4318 μίνιι·
822 4247 846 4306 εἰ
893 4244 1020 4310 netqnein
1036 4242 1124 4309 primis
1142 4240 1269 4308 hujusrei
1285 4237 1433 4296 necessitas,
1447 4232 1565 4301 quamvis
1582 4243 1681 4282 noneo-
1795 4249 1799 4253 ·

58 4325 109 4386 καί
129 4324 166 4402 μθ
182 4325 223 4386 ἀεὶ
237 4327 343 4404 ὅμοίως.
370 4327 425 4390 Καί
444 4328 496 4410 γὰρ
517 4333 544 4389 ἰν
566 4330 614 4408 μὲν
637 4338 695 4398 ταῖς
716 4330 846 4404 tidenter<
894 4333 951 4384 dem
963 4345 1060 4398 semper
1078 4330 1160 4382 modo.
1177 4329 1277 4382 Etenim
1298 4327 1325 4379 in
1345 4338 1448 4378 annona
1463 4323 1560 4374 vilitate
1573 4319 1681 4370 maxime

56 4414 148 4488 πολλή
163 4415 201 4484 τίς
215 4419 284 4478 ἔστιν
294 4421 311 4490 ἡ
320 4417 399 4499 χρεία
414 4423 460 4479 τοῦ
475 4419 646 4497 νομίσματος·
658 4422 683 4479 ἐν
697 4417 724 4477 δδ
738 4427 796 4486 ταῖς
807 4438 847 4474 σι-
894 4422 1047 4474 necessarius
1065 4423 1104 4472 est
1118 4433 1251 4479 nummus,
1265 4417 1404 4468 incaritete
1418 4416 1521 4472 contra,
1535 4425 1585 4462 non
1596 4411 1657 4461 item
1672 4421 1679 4453 =

56 4501 172 4572 τθδῑῖαῑς
186 4504 306 4564 austrea
321 4509 350 4564 οὐ
364 4505 416 4588 γδιρ
430 4505 461 4565 ιίν
471 4531 510 4575 τις
521 4506 608 4569 ἕλοιτο
622 4507 709 4588 ὀλίγον
721 4505 848 4586 προέσθαι
894 4511 953 4576 quia
962 4525 1011 4562 non
1019 4510 1091 4562 tacite
1098 4513 1152 4562 tum
1165 4509 1304 4575 reperiatur
1315 4507 1360 4573 qui
1367 4519 1456 4573 parum
1464 4502 1584 4562 immoti
1592 4512 1681 4563 magno

57 4601 134 4654 σῖτον
145 4595 250 4655 πολλῶν
260 4598 441 4674 νομισμοίτων.
450 4595 548 4676 Ὅμως
560 4595 587 4657 δὲ
598 4595 632 4656 δι’
642 4597 659 4657 θ
669 4595 770 4677 είρηται
781 4597 849 4674 μθλ-
894 4603 989 4652 emtum
1002 4599 1058 4650 altis
1075 4597 1214 4650 condonare
1230 4597 1300 4648 velit.
1321 4593 1488 4646 Nihilominus
1501 4595 1584 4642 tamen
1601 4588 1634 4640 ob
1651 4600 1681 4639 ea

57 4685 109 4743 λον
119 4681 191 4760 μίνει
203 4683 320 4757 ἡτσίτου
332 4684 428 4766 χρεία,
439 4683 482 4757 ὴή
492 4687 544 4743 τῶν
556 4685 652 4744 ἄλλων·
661 4684 702 4745 διδ
714 4687 752 4744 δεῖ
759 4683 848 4743 πάντα
894 4702 952 4754 quae
971 4688 1112 4739 dictasunt
1130 4686 1212 4752 magis
1230 4683 1307 4750 hujus
1328 4697 1405 4750 quam
1428 4685 1576 4734 ceterarum
1596 4689 1681 4729 rerum

57 4777 197 4848 τιμᾶσθαι·
207 4771 276 4832 οὕτω
286 4771 338 4854 γδρ
352 4771 461 4832 θυνατθν
475 4761 543 4831 εἶναι
553 4773 594 4833 tet
604 4773 723 4852 ἀλλαγὴν
735 4771 780 4832 καί
790 4795 846 4832 κοι·
894 4781 978 4829 manet
993 4777 1147 4828 necessitas:
1162 4774 1268 4839 ideoque
1280 4771 1362 4823 omnia
1373 4771 1492 4823 estimari
1503 4770 1608 4834 oportet,
1621 4765 1681 4832 qanta

58 4861 166 4924 νωνίαν.
180 4861 245 4924 'rico
258 4860 311 4943 γδρ
327 4866 372 4922 τοῦ
387 4861 476 4922 πάντα
492 4867 643 4943 μετρεῖσθαι
663 4861 709 4921 καί
723 4864 850 4939 τιμᾶσθαι
895 4865 932 4918 ita
946 4865 1049 4918 demum
1071 4877 1168 4930 semper
1188 4862 1340 4928 permutatio
1352 4861 1378 4912 et
1392 4857 1582 4911 communicatio
1597 4857 1681 4907 locum

61 5173 76 5219 λ
94 5099 215 5234 ζῆἜσραι
227 5103 258 5163 δὴ
271 5099 463 5162 θντιτιιιονθίς,
480 5098 540 5150 δταν
550 5099 640 5160 ίσασθὴ
653 5097 706 5149 κτλ.
721 5123 751 5134 -
765 5096 796 5128 *⁴
806 5093 866 5146 Ὀτι
877 5092 900 5144 δ’
912 5097 928 5154 ὴ
941 5091 1013 5160 χρεία
1026 5089 1122 5156 συνέχει
1133 5091 1185 5141 κτλ.
1196 5114 1228 5127 -
1240 5087 1288 5122 *⁴*
1302 5086 1373 5155 Ὺιιδρ
1389 5088 1416 5140 θλ
1430 5093 1473 5148 τῆς
1490 5086 1623 5152 μελλούσης
1635 5087 1678 5137 ἀλ·

78 5188 94 5219 α
126 5188 174 5228 <H
190 5209 196 5222 ι
