3958 5942
262 427 322 489 eoi
771 431 918 494 utinum
938 433 1072 500 nuouu
1096 435 1362 500 ruuirnruuut

262 557 365 638 ἀνάγκη
385 563 481 632 στῆναι
503 557 548 620 κοιλ
563 559 600 639 μὴ
623 560 658 628 ιλς
679 559 785 643 ἀπειρον
805 562 890 624 λέναι·
910 567 932 626 εἰ
953 565 1005 648 γάρ
1025 571 1041 640 ἡ
1088 569 1230 630 trinsecus
1250 571 1392 634 excitetur
1413 571 1532 654 (ἀνάγκη
1548 598 1573 633 τι
1591 564 1655 636 εῖναι
1672 583 1748 639 κινοῦν
1764 580 1825 665 tuq

212 677 214 682 ·
262 647 394 730 βακτηρία
417 657 483 709 κινεῖ
501 653 540 731 τῷ
560 655 686 711 κινεῖσθαι
703 651 753 712 ὑπὸ
772 655 822 727 τῆς
835 653 932 734 χειρός,
950 659 966 728 ἦ
983 655 1042 739 χελρ
1086 659 1132 716 ὑπ’
1154 657 1235 720 ἀλλον
1262 661 1393 742 πρῶτον),
1420 681 1514 741 neque
1542 665 1634 724 modia
1651 667 1681 726 in
1706 668 1826 730 infinitum

260 743 327 800 κινεῖ
339 735 386 812 τὴν
400 739 560 821 βακτηρίαν·
576 743 598 800 εἰ
613 740 640 800 δέ
659 739 703 802 καλ
718 741 816 815 ταύτην
832 745 897 804 ἀλλο
908 747 983 820 κινεῖ,
997 745 1042 806 καλ
1086 747 1094 826 γ
1103 751 1139 816 ιῖς
1154 747 1276 830 άπιιρον)
1290 751 1438 829 progredi,
1455 751 1525 830 quia
1545 753 1718 813 infinitorum
1736 757 1824 817 nulium

259 828 359 903 ταύτην
378 827 467 910 έτερόν
482 853 507 888 τι
520 830 550 890 τδ
564 837 661 892 κινοῦν.
704 829 791 892 Ὅταν
812 833 845 905 δή
864 857 915 894 τινι
929 839 987 912 κινῇ
1002 833 1042 894 tet
1086 837 1124 896 eit
1140 837 1257 898 initium
1280 841 1348 916 (τῶν
1369 838 1483 920 ἀπιέριυν
1505 844 1605 922 πρῶτον
1617 843 1638 920 ).
1662 842 1825 913 Quamobrem

259 919 359 1001 ἕτερον,
380 919 483 998 ἀνάγκη
499 909 566 980 εἶναι
581 917 706 1000 πρότερον
724 919 754 978 τδ
770 919 832 979 αὒτδ
853 925 923 1003 αὑτῷ
942 928 1040 986 κινοῦν.
1087 927 1224 986 movendi
1238 928 1303 988 ione
1325 927 1447 1008 (πρῶτον
1470 931 1570 1008 κινοῦν)
1586 931 1705 1006 agitetur
1723 934 1826 1009 quiden,

259 1012 293 1072 Ei
308 1001 352 1071 οῦν
363 1013 474 1069 κινεῖται
486 1008 532 1086 μέν
544 1015 634 1082 τοῦτο,
648 1007 685 1086 μὴ
700 1008 765 1072 ἀλλο
777 1009 804 1068 δέ
820 1009 850 1070 τδ
869 1017 953 1070 κινοῦν
965 1013 1039 1087 αὐτό,
1086 1016 1135 1074 sed
1160 1033 1221 1076 non
1248 1016 1386 1094 aliunde(
1398 1014 1444 1074 ὑπ’
1460 1017 1541 1076 ἀλλου
1552 1021 1575 1098 ),
1589 1037 1687 1077 verum
1705 1039 1720 1077 t
1740 1039 1765 1078 se
1778 1023 1826 1100 (ὕφ’

259 1099 361 1180 ἀνάγκη
386 1099 449 1160 αὐτὸ
464 1097 528 1158 αὐτὸ
542 1097 717 1160 κινεῖν·ὥστι
736 1098 782 1158 καλ
798 1101 867 1162 καιά
885 1108 974 1162 τοῦτον
997 1103 1040 1162 τὸν
1086 1105 1194 1184 αὑτοῦ).
1213 1105 1295 1164 ldetn
1318 1117 1495 1185 praeceptum
1523 1119 1551 1165 et
1574 1107 1644 1166 aiibi
1670 1108 1826 1186 philosophus

256 1187 333 1266 λόγον
343 1186 402 1262 ἤτοι
416 1185 489 1255 tiit<
504 1187 533 1246 τὸ
548 1187 698 1265 κινούμενον
718 1187 768 1248 ὑπὸ
779 1193 824 1248 τοῦ
837 1189 902 1249 αὐτὸ
911 1179 1041 1262 κινοῦντος
1085 1192 1151 1252 aliis
1166 1190 1277 1268 verbis,
1297 1212 1354 1251 non
1371 1193 1428 1251 alia
1442 1193 1554 1253 ratione
1565 1194 1623 1255 dat.
1637 1193 1826 1274 itaquenonest

256 1275 398 1348 κινεῖταιῆ
415 1275 522 1357 έρχιταέ
537 1299 600 1336 ποτε
612 1275 687 1344 ιίςτδ
698 1281 824 1338 τοιοῦτον.
1085 1281 1164 1358 quod
1185 1301 1250 1340 cum
1282 1281 1450 1340 Alexandro
1475 1295 1503 1341 et
1526 1281 1675 1362 Simplicio
1697 1284 1824 1344 verborum

296 1367 490 1444 (Aristoteles
506 1365 593 1443 Phys.
607 1367 659 1427 lib.
674 1365 740 1427 vui
754 1387 818 1446 cap.
834 1368 850 1426 5
864 1389 895 1446 p.
917 1371 985 1433 256.
1010 1392 1037 1431 a.
1085 1369 1243 1432 discrimen
1258 1370 1413 1448 fingamus,
1426 1370 1503 1450 quod
1520 1371 1583 1451 ipse
1595 1373 1749 1432 Aristoteles
1760 1374 1826 1432 hrud-

256 1475 290 1514 οι
306 1456 352 1514 ed.
371 1455 492 1515 Bekker.
511 1454 680 1534 Simplicius
701 1455 752 1516 iol.
771 1458 840 1525 284.
856 1457 887 1520 b.
904 1457 945 1518 ὅτι
961 1457 1040 1535 μένὸ
1085 1479 1230 1536 quaquam
1247 1460 1322 1520 iecit.
1365 1459 1495 1538 Namque
1520 1473 1553 1519 ut
1570 1462 1685 1521 eandem
1703 1464 1823 1522 notionem

255 1541 331 1610 αῦτός
346 1545 400 1602 έοτι
413 1541 488 1622 λόγος
502 1533 573 1609 οὗτος
586 1545 624 1622 τῷ
643 1543 693 1624 πρὸ
708 1545 787 1603 αὐτοῦ
802 1544 847 1604 καλ
861 1546 937 1615 αὐτὸς
951 1548 1036 1626 λέγει·
1085 1548 1191 1607 hebent
1212 1551 1353 1630 ῦφάῦτοῦ,
1371 1547 1404 1607 δι’
1421 1549 1484 1608 αῦτό
1504 1561 1533 1608 et
1554 1553 1624 1631 αὑτῷ
1648 1555 1759 1610 κινεῖσθαι
1779 1553 1827 1611 :itt

255 1629 374 1714 διαφέρει
389 1632 427 1704 δέ,
444 1631 523 1713 φησλν
539 1635 553 1690 δ
572 1631 748 1713 Ἀλέξανδρος,
761 1637 794 1714 τῇ
809 1633 909 1716 ἐφόδῳ,
924 1633 963 1694 ότι
986 1639 1041 1696 ἐκεῖ
1084 1637 1204 1696 eandem
1220 1635 1280 1694 vim
1302 1635 1408 1695 habere
1422 1635 1466 1695 ὑπ’
1481 1636 1574 1714 άλλου,
1598 1637 1628 1696 δι’
1649 1636 1726 1717 ἕτερον
1741 1638 1826 1718 υιάλλρ

255 1719 303 1796 μέν
318 1723 336 1792 ἡ
350 1719 421 1801 ἀρχὴ
436 1725 484 1792 τῆς
498 1719 600 1790 δεέξευις
620 1719 732 1780 ἀπὸτοῦ
747 1722 776 1782 zi
791 1723 972 1802 κινοόμενονὴ
990 1726 1039 1786 tei
1084 1731 1210 1785 κινεῖσθαι
1225 1737 1357 1804 apertum
1367 1738 1419 1784 est.
1435 1727 1557 1786 Accedit
1569 1727 1646 1806 quod
1656 1726 1785 1802 Stagirites
1801 1728 1823 1784 in

254 1811 326 1889 αὐτῷ
340 1813 472 1876 κινοῦντος
486 1808 641 1882 κινεῖσθαιῆ
654 1811 704 1889 οὐχ
719 1813 800 1890 αὑτῷ,
812 1811 872 1872 ἀλλ’
888 1813 933 1872 ὑπ’
945 1815 1038 1875 ἀλλον·
1083 1817 1182 1874 eadent
1195 1815 1456 1893 comprehensione
1469 1817 1566 1875 variat
1576 1817 1722 1876 dictionem
1735 1837 1758 1893 p.
1771 1817 1824 1887 οῖς.

254 1898 367 1958 ένταῦδα
383 1895 410 1956 δέ
427 1898 479 1958 ἀπδ
495 1903 540 1958 τοῦ
556 1903 687 1966 κινοῦντος
701 1903 718 1971 ἡ
737 1899 814 1968 δεῖξις
829 1903 902 1982 αὐτῷ
916 1903 1035 1980 πρόεισι.
1083 1902 1115 1964 λι.
1130 1905 1165 1962 18
1177 1904 1256 1983 διχῶς
1268 1911 1319 1982 γὰρ
1331 1894 1364 1976 ἦν
1376 1911 1473 1976 κινεῖν,
1485 1903 1517 1962 τδ
1529 1903 1577 1982 μέν
1588 1903 1634 1964 ὑπ’
1646 1904 1719 1964 ἀλλον
1732 1905 1824 1978 κινούμι·

253 1985 394 2065 Λαμόάνει
409 1985 460 2068 γδιρ
473 1995 526 2048 πᾶν
536 1987 566 2047 τὸ
583 1993 670 2048 κινοῦν
681 1987 771 2070 ὥσπερ
781 2013 807 2050 τι
818 1997 900 2050 κινεῖ·
912 1989 1038 2052 ἀδύνατον
1083 2015 1125 2050 νον
1138 1991 1212 2066 αι’ντό,
1228 1991 1257 2050 τὸ
1271 1990 1293 2050 δ’
1302 1993 1385 2074 αὑτῷ.
1400 1991 1466 2052 Non
1478 1993 1640 2052 audiendus
1660 1994 1741 2069 igitur
1751 1991 1826 2049 Eude-

252 2077 303 2156 γάρ
317 2100 342 2138 τι
358 2085 438 2138 κινεῖν
464 2079 524 2156 μέν,
542 2077 625 2153 μηδὲν
654 2077 682 2138 δέ
706 2088 808 2158 κινεῖν,
825 2078 894 2139 οῦτοι
911 2080 957 2140 καέ
986 2105 1038 2140 τινι
1084 2102 1158 2158 mus,
1181 2083 1233 2160 qui
1257 2081 1313 2139 hoo
1336 2094 1364 2140 et
1386 2081 1520 2159 sequenti
1548 2083 1612 2140 ioco
1628 2094 1684 2138 tum
1700 2077 1728 2135 δι’
1745 2077 1795 2134 αὑτό
1806 2089 1827 2133 et

253 2171 344 2228 κινεῖν.
389 2168 502 2241 Μήποτε
521 2167 548 2228 δέ
567 2169 596 2228 οὗ
614 2168 697 2250 ταύτῃ
712 2169 892 2249 διενηνόχασιν
907 2172 931 2230 oi
950 2170 1037 2251 λόγοι·
1083 2173 1169 2251 ἑαυτῷ
1180 2215 1189 2245 ,
1202 2183 1261 2230 tum
1274 2169 1308 2230 δι’
1320 2169 1385 2230 ἀλλο
1399 2183 1428 2229 et
1443 2170 1520 2252 ἀλλῳ
1536 2169 1704 2246 distinguit,
1717 2185 1771 2245 que
1783 2185 1825 2222 utu

253 2258 298 2316 κοιλ
309 2258 360 2338 γάρ
377 2257 451 2318 καλό
471 2259 523 2334 ἥδη
540 2261 626 2342 ῥηθεὶς
641 2259 693 2320 ἀπὸ
708 2265 753 2319 τοῦ
778 2265 910 2329 κινοῦντος
933 2263 1038 2344 έπεχει-
1083 2263 1113 2321 in
1134 2281 1242 2335 rerum,
1258 2260 1309 2318 sed
1329 2260 1361 2320 in
1384 2260 1446 2320 sola
1461 2259 1623 2320 uerborum
1638 2260 1759 2318 varietate
1779 2273 1827 2313 ver·

255 2346 321 2424 ρήδη
338 2345 437 2424 λέγων·
452 2345 470 2420 ἢ
485 2347 536 2426 γὰρ
557 2351 586 2408 οὐ
601 2349 635 2407 δι’
656 2347 734 2408 έαντδ
748 2347 778 2408 τδ
805 2353 905 2422 κινοῦν,
920 2352 988 2410 ἀλλά
1003 2354 1037 2412 δι’
1083 2361 1194 2410 santur.
1209 2349 1219 2425 )

253 2435 342 2516 ἕτερον
359 2433 372 2494 δ
387 2443 454 2494 κινεῖ
468 2435 497 2494 τὸ
512 2441 618 2510 κινοῦν,
634 2434 695 2508 ἥδέ
705 2436 798 2496 ἑαυτό·
812 2438 872 2497 ἀ)λ’
887 2430 904 2519 ᾗ
920 2440 1037 2522 διαφέρει
1121 2459 1159 2499 τε.
1181 2435 1321 2497 Ἀδύνατον
1342 2436 1374 2510 δὴ
1395 2437 1426 2496 τὸ
1446 2438 1509 2498 atri
1525 2437 1593 2498 αῦτδ
1606 2441 1686 2496 κινοῦν
1703 2435 1774 2504 πάντη
1794 2455 1824 2490 κι-

251 2523 282 2584 τδ
299 2524 333 2584 δι’
349 2525 428 2585 έοιυτδ
443 2526 524 2585 κινεῖν
536 2529 580 2584 τοῦ
593 2529 679 2606 ἐαυτῷ
694 2534 787 2600 κινεῖν,
797 2527 842 2585 καλ
856 2526 887 2587 τδ
901 2527 936 2588 δι’
951 2527 1037 2610 έτερον
1081 2535 1133 2587 νεῖν
1150 2526 1212 2586 αὐτὸ
1230 2526 1321 2586 ἑαυτό·
1340 2528 1442 2608 φέροιτο
1459 2527 1510 2607 γάρ
1537 2527 1568 2588 ἀν
1589 2527 1645 2586 iio
1664 2525 1705 2584 καὶ
1723 2528 1782 2605 φέροι
1794 2521 1827 2591 τὴν

140 2681 145 2688 .
181 2619 297 2703 ᾙχτοῦ
315 2617 401 2697 ἀλλιρ,
419 2615 502 2696 ταύτῃ
520 2615 699 2696 διενηνόχασιν
717 2619 741 2676 οἱ
757 2615 846 2694 λόγοι·
868 2617 985 2700 διαφέρει
1009 2619 1036 2680 δέ
1083 2614 1165 2689 αὐτὴν
1181 2615 1272 2697 φοράν,
1286 2614 1312 2674 έν
1324 2615 1351 2676 δν
1365 2617 1409 2676 καλ
1426 2616 1523 2694 ἄτομον
1540 2621 1578 2698 τῷ
1592 2618 1661 2687 εῖδει,
1674 2619 1715 2674 καλ
1728 2614 1827 2670 ἀλλοιοῖτο

250 2698 335 2768 τάῦτα
354 2709 393 2786 τῷ
408 2705 438 2766 τό
452 2705 500 2782 μέν
521 2704 554 2763 δι’
573 2703 651 2764 ἑαυτὸ
675 2709 761 2763 κινοῦν
782 2706 818 2773 ὡς
839 2707 865 2764 έν
890 2710 961 2788 αὑτῷ
989 2706 1035 2778 τὴν
1083 2703 1128 2765 καλ
1154 2706 1262 2779 ἀλλοιοῖ,
1278 2702 1347 2763 ὥστε
1373 2705 1491 2764 διδάσκοι
1515 2703 1552 2764 ἀν
1573 2703 1616 2764 καὶ
1632 2703 1762 2768 διδάσκοιτο
1777 2698 1826 2776 ἀρα,

251 2797 337 2875 ἀρχὴν
353 2801 400 2866 τῆς
425 2794 553 2866 κινήσεως
576 2791 638 2874 ἔχον
660 2794 758 2867 κινεῖν,
774 2791 804 2852 τδ
818 2793 845 2853 δέ
862 2797 934 2874 αὑτῷ
948 2800 1035 2856 κινοῦν
1083 2791 1129 2853 κοιλ
1143 2792 1242 2871 ῦγιάζυι
1257 2791 1302 2850 καὶ
1316 2795 1447 2868 έιγιάζοιτο
1461 2792 1508 2864 τὴν
1530 2791 1611 2864 αὐτὴν
1625 2791 1724 2870 ῦγέειαν.

250 2887 285 2950 ὡς
295 2885 430 2962 προσεχοῦς
441 2883 619 2964 ἐφαπτόμενον
632 2881 836 2959 τοῦκινουμένου
849 2881 878 2942 τδ
895 2885 942 2955 τὴν
951 2883 1035 2965 ἀρχὴν
1124 2881 1306 2963 (Aristoteles
1318 2881 1406 2960 Phys.
1420 2881 1472 2941 tib.
1484 2881 1555 2942 till
1567 2901 1629 2961 etp.
1644 2881 1659 2936 5
1674 2900 1700 2959 p.
1712 2873 1796 2950 iipb
1813 2895 1824 2929 ι

252 2975 299 3042 τῆς
309 2971 439 3043 κινήσεως
455 2976 481 3032 ἐν
497 2973 571 3051 αὑτῷ
581 2971 653 3051 ἔχον.
697 2975 785 3032 Ἰὀῦτο
800 2969 851 3052 γάρ
870 2973 994 3050 σημαίνει
1006 2973 1036 3033 τὸ
1081 2973 1127 3034 ed.
1147 2971 1266 3030 διελεῖται.
1282 2971 1451 3049 Simplicius
1470 2971 1520 3032 iol.
1543 2973 1611 3031 286.
1633 2969 1662 3029 b.
1682 2968 1724 3044 (ci.
1743 2963 1824 3072 Scholi.

253 3058 394 3139 ρηθένῦπ’
418 3062 509 3120 αὐτοῦ·
532 3053 735 3138 οἷονοῖνθροιπος
756 3059 772 3133 ἢ
794 3061 870 3128 αὐτὸς
891 3061 908 3133 ἢ
933 3067 1036 3143 τῇβα-
1082 3062 1111 3118 in
1138 3060 1255 3118 Aristot.
1280 3080 1310 3138 p.
1329 3060 1397 3134 435,
1419 3081 1445 3119 a.
1470 3058 1517 3119 ed.
1546 3057 1685 3134 uraniis.)
1707 3059 1720 3113 ό
1741 3052 1778 3130 μέν
1793 3073 1824 3156 ογι
1917 3135 1918 3152 γ

252 3147 357 3229 κτηρέφ,
373 3146 419 3206 καλ
439 3153 453 3210 ὁ
469 3149 564 3226 ἄνεμος
577 3147 751 3220 κάτέόαλενῆ
770 3149 847 3217 αιἰτδς
861 3147 902 3220 ἢὸ
919 3149 987 3216 iiior
1008 3151 1036 3210 δν
1083 3147 1206 3226 Εὔδημος
1220 3147 1412 3228 προῖστορήσας
1426 3148 1456 3207 τὸ
1471 3147 1537 3207 αὑτδ
1561 3152 1645 3207 κινοῦν
1668 3149 1700 3211 ὡς
1714 3141 1756 3202 iti
1770 3139 1824 3200 Πλι·
1917 3153 1918 3166 ’

250 3237 340 3299 ἔωσεν.
382 3234 488 3318 Ὥσπερ
508 3229 552 3297 οῦν
576 3237 702 3318 πρότερον
723 3237 754 3298 ιδ
782 3237 814 3296 δι’
829 3237 917 3318 ἕτερον
945 3243 1034 3298 κινοῦν
1081 3261 1159 3304 τωνος
1174 3235 1285 3310 διεδόθη,
1301 3235 1396 3316 διαιρεῖ
1409 3239 1511 3317 πρῶτον
1528 3235 1588 3303 τοῦς
1601 3233 1715 3324 τρόπους,
1729 3228 1779 3290 καθ’
1792 3223 1824 3290 rit

250 3325 381 3405 ἀνήγαγεν
393 3327 429 3393 εἷς
439 3326 469 3386 τὸ
484 3325 518 3383 δι’
530 3326 606 3385 ἑαυτὸ
623 3330 711 3385 κινοῦν
723 3323 769 3385 καέ
786 3325 944 3399 έδειξεν,ότι
959 3319 1035 3405 ido}
1081 3324 1215 3405 ἐνδέχεταί
1240 3347 1266 3382 τι
1291 3323 1460 3395 αὐτοκίνητον
1490 3323 1613 3401 λέγεσθαι
1634 3323 1732 3403 γράφυιν
1753 3315 1825 3422 titur:
1916 3389 1917 3416 γ

248 3415 279 3475 τὸ
295 3415 328 3474 δι’
351 3416 439 3495 ἕτερον
465 3419 572 3492 κινοῦν,
600 3413 703 3492 ἀνάγκη
729 3413 759 3474 τδ
785 3414 822 3473 δι’
846 3415 924 3475 ἑαυτὸ
949 3421 1034 3474 κινοῦν
1081 3405 1823 3505 ιἧτοιγάρόλονάλονκινεῖ,·λμέροςῶον,ἣάνάπιλιι,η
1916 3417 1917 3434 λ

248 3506 440 3587 προϋπάρχειν,
453 3501 522 3563 οῦτοι
537 3502 566 3562 τὸ
581 3495 602 3584 ᾧ
621 3511 688 3562 κινεῖ
703 3502 732 3563 vi
747 3509 834 3562 κινοῦν
852 3503 931 3581 μέσον
946 3503 974 3565 δν
989 3511 1035 3566 τοῦ
1082 3505 1159 3585 μέρος
1179 3501 1265 3584 μέρος.
1278 3504 1367 3563 Κινεῖν
1378 3501 1406 3562 δέ
1416 3503 1528 3582 λέγομεν
1540 3501 1647 3582 πρώτως
1657 3501 1685 3560 τδ
1696 3500 1756 3574 αὑτῷ
1766 3513 1824 3598 κινιιγ

248 3618 277 3654 τε
287 3595 394 3675 πρώτου
405 3598 536 3663 κινοῦντος
548 3593 592 3653 καὶ
604 3598 649 3651 τοῦ
660 3592 773 3674 ἐσχάτου
782 3594 934 3671 κινουμένου
946 3593 1035 3674 ἀνάγει
1080 3597 1108 3656 οῦ
1124 3593 1154 3653 τὸ
1170 3590 1262 3673 ἑτέρῳ,
1278 3590 1323 3650 κοιλ
1343 3591 1372 3651 τδ
1393 3593 1427 3651 δι’
1443 3593 1506 3651 αὑτὸ
1523 3594 1569 3653 καὶ
1590 3595 1618 3652 οῦ
1634 3593 1665 3650 δι’
1680 3589 1768 3648 ἀλλο.»
1786 3583 1824 3640 ΚΜ

248 3687 285 3754 εἰς
298 3685 328 3745 ιδ
341 3687 412 3767 αὑτῷ
430 3689 529 3761 κινοῦν,
549 3681 595 3741 καλ
614 3681 742 3742 δείκνυσιν
756 3680 796 3742 ὅτι
816 3679 877 3740 ὅταν
899 3681 951 3742 τινλ
974 3691 1033 3767 κινῇ
1080 3681 1148 3741 οῦτοι
1167 3680 1225 3749 τοῦς
1241 3685 1311 3761 τρεῖς
1324 3681 1435 3762 τρόπους
1455 3679 1515 3740 καθ’
1540 3682 1649 3742 ἕκαστον
1664 3675 1750 3740 ἀνελὼν
1765 3669 1824 3746 μόνον

249 3776 290 3835 ἀεὶ
302 3775 399 3857 ἕτερον,
416 3773 519 3854 ἀνάγκη
532 3765 598 3832 εἶναι
616 3771 744 3852 πρότερον
758 3769 788 3830 τδ
808 3773 873 3832 αὐτὸ
891 3774 977 3856 έοιυτῷ
992 3799 1033 3834 κι-
1081 3771 1208 3830 δείκνυσιν
1225 3770 1395 3843 αὖτοκένητον
1418 3769 1561 3845 δυνάμενον
1580 3760 1645 3828 εἶναι
1667 3767 1694 3826 τὸ
1709 3763 1770 3842 μέρει
1789 3753 1822 3834 pir

247 3871 327 3943 νοῦν,
341 3865 355 3926 δ
370 3862 475 3937 καλιὴν
490 3863 577 3945 ἀρχὴν
589 3865 615 3922 έν
628 3865 716 3945 ἑαυτῷ
726 3866 773 3935 τῆς
786 3861 912 3934 κινήσεως
922 3862 979 3944 ἔχει
989 3865 1034 3926 καλ
1081 3865 1179 3935 κινοῦν,
1203 3858 1278 3938 μέρει
1295 3857 1322 3916 δὲ
1345 3857 1510 3935 κινούμενον,
1535 3859 1581 3917 καῖ
1596 3856 1683 3916 τούτου
1701 3853 1728 3911 et
1743 3849 1790 3928 ἔχον
1805 3845 1823 3901 it

248 3955 378 4036 προσεχές
393 3957 449 4013 έστι
465 3957 503 4034 τῷ
528 3952 674 4034 κινουμένῳ
698 3951 788 4010 καὶού
806 3949 841 4009 δι’
865 3951 946 4011 ἀλλου
971 3955 1034 4014 αὑτὸ
1081 3953 1152 4030 αὑτῷ
1166 3948 1196 4010 τδ
1213 3946 1260 4026 μέν
1282 3973 1309 4008 τι
1328 3953 1425 4022 κινοῦν,
1443 3947 1566 4020 ἀκένητον
1581 3947 1609 4007 δν
1626 3939 1758 4013 καθ’,αῦτά
1771 3928 1823 3992 citt
1914 3987 1915 4008 γ

247 4052 323 4103 κινεῖ.
368 4041 438 4108 Τοὺς
450 4041 497 4120 μὲν
509 4031 552 4100 οῦν
563 4039 655 4118 λόγους
665 4029 850 4118 οῦτως,όέμαι,
867 4040 919 4122 χρὴ
933 4044 1034 4124 διακρέ-
1079 4037 1241 4116 κινούμενον,
1256 4035 1290 4098 ‘0
1311 4035 1338 4096 δέ
1353 4037 1535 4116 Ἀριστοτέλης
1555 4039 1583 4096 οῦ
1604 4029 1727 4115 προέλαόε
1740 4025 1777 4103 μέν
1788 4019 1823 4088 τέ’

247 4156 298 4192 νειν
318 4137 364 4190 τοῦ
378 4131 504 4209 Εὐδήμου
526 4130 571 4189 καλ
586 4129 746 4211 συνάψαντος
765 4127 859 4197 αὐτοὺς
877 4132 903 4188 έν
920 4119 957 4198 οἷς
969 4155 1033 4211 φησι
1079 4127 1204 4207 διαέρεσιν
1225 4125 1334 4200 ταύτην,
1364 4125 1496 4206 προελθὼν
1522 4125 1550 4184 δέ
1571 4124 1669 4195 eirico
1690 4116 1760 4184 αὐτὴν
1778 4131 1822 4166 συν·

250 4247 266 4280 α
281 4221 311 4280 τδ
326 4221 359 4292 δὴ
375 4226 462 4278 κινοῦν
477 4218 494 4292 ἢ
510 4219 544 4277 δι’
560 4219 623 4279 αῦτδ
636 4229 702 4278 κινεῖ
716 4219 733 4290 ἦ
747 4217 781 4277 δι’
801 4219 876 4292 ἄλλο,
891 4217 936 4278 καέ
948 4223 1033 4302 έσυτῷ
1080 4217 1167 4294 τόμους
1188 4215 1251 4276 ὅταν
1266 4214 1331 4296 λέγῃ
1346 4241 1358 4267 ι
1374 4215 1404 4274 τὸ
1418 4214 1469 4294 γδιρ
1490 4215 1551 4274 όλον
1571 4216 1593 4274 εἰ
1613 4219 1717 4271 κινεῖται
1730 4223 1780 4314 nupt
1791 4219 1815 4272 v?

247 4311 400 4390 ηάλλῳ.»
442 4310 617 4371 Aristoteles
640 4323 796 4388 postquam
823 4311 939 4383 omnia,
967 4331 1032 4388 quae
1079 4310 1184 4382 ἑαυτοῦ,
1208 4306 1266 4380 ἤτοι
1287 4305 1338 4364 ὑπὸ
1358 4307 1410 4364 τῶν
1433 4307 1511 4364 αὐτοῦ
1527 4326 1595 4372 τινος
1617 4285 1822 4402 κινιῖσιτιιιιγέλῖν

246 4412 415 4472 moventur,
432 4401 468 4456 ab
483 4397 584 4475 aliquo
594 4397 698 4473 agitari
714 4395 785 4476 (ὑπό
802 4397 869 4464 τινος
890 4400 1031 4481 κινεῖσθαι)
1077 4399 1128 4456 ὑπὸ
1141 4397 1212 4457 όλου.
1231 4423 1243 4450 ι
1257 4399 1313 4456 Νῦν
1324 4395 1351 4452 δὲ
1364 4393 1439 4462 εὐθὺς
1452 4392 1498 4454 ἕνα
1511 4393 1622 4453 ἕκαστον
1635 4385 1823 4482 πρῡχῑῑρέοέξέέέ

245 4489 358 4562 docuit,
374 4500 471 4546 motus
489 4485 671 4566 principium
693 4485 731 4544 ob
756 4505 790 4544 eo
806 4485 887 4544 ducit
899 4487 978 4565 quod
1003 4509 1033 4548 se
1078 4489 1130 4544 τῶν
1148 4487 1253 4566 τρόποιν
1270 4483 1304 4542 ed
1322 4483 1439 4560 ἑπόμενα
1454 4481 1541 4542 ἀτοπσ
1557 4481 1669 4540 δείκνυσι
1685 4474 1726 4534 καλ
1744 4483 1822 4546 opud*

245 4579 343 4660 ipsum
354 4589 534 4638 commoveat
549 4576 612 4634 sive
624 4575 702 4653 qnod
717 4594 770 4634 suo
787 4588 867 4634 motu
881 4577 990 4635 cieatur
1005 4591 1033 4636 et
1076 4575 1107 4636 τὸ
1127 4575 1157 4634 τὸ
1178 4577 1236 4635 ὅλον
1260 4573 1301 4654 ὑφ’
1316 4572 1377 4631 ὅλου
1393 4574 1485 4630 ἑαυτοῦ
1506 4574 1633 4628 κινεῖσθαι
1648 4565 1687 4625 ot
1701 4557 1822 4674 παραδγῑῖ·

246 4667 423 4749 κγγιιῑιιτ(ῦφ’
439 4661 716 4742 σῦτοῦκινοόμενον).
761 4661 877 4742 Quippe
896 4663 928 4724 in
943 4662 1033 4725 rebus
1079 4663 1169 4742 poitur
1184 4665 1348 4744 ἀπεμφαῖνον
1366 4657 1462 4732 δεέξας,
1480 4657 1572 4739 ἐφεξῆς
1587 4657 1626 4715 δτι
1646 4653 1758 4711 ἀδύνατον
1771 4657 1823 4744 tutti
1911 4669 1912 4672 ’

246 4761 372 4835 cunctis,
390 4779 456 4838 quae
475 4757 572 4817 alieno
587 4755 675 4834 pulsu
692 4753 839 4831 agitentur
854 4754 897 4832 (ἐν
919 4761 972 4820 τοῖς
987 4754 1032 4812 ὑπ’
1078 4751 1244 4824 ἐπιδείκνυσι,
1255 4749 1288 4808 τὰ
1299 4747 1326 4808 δὲ
1336 4746 1556 4828 παραδείγματα·
1569 4744 1641 4826 φέροι
1653 4739 1701 4818 γὰρ
1710 4735 1745 4846 ἀγ,
1752 4745 1822 4846 ptri

247 4848 328 4909 ἀλλον
346 4845 525 4926 κινουμένοις)
548 4845 589 4904 ait
610 4845 725 4924 requiri
746 4843 868 4922 aliquod
895 4845 1032 4902 movendi
1077 4839 1136 4900 ὅλον
1157 4839 1203 4900 καλ
1218 4840 1322 4922 φέροιτο
1334 4836 1383 4910 τὴν
1400 4835 1481 4908 αὐτὴν
1494 4835 1588 4916 φοράν,
1605 4833 1633 4894 έν
1647 4831 1674 4890 δν
1694 4833 1823 4932 καγιιτνμολ

244 4939 437 5019 principium,
450 4935 529 5016 quod
545 4955 597 4995 sua
612 4947 726 5012 sponte,
742 4953 802 4992 non
816 4932 911 4991 aliena
928 4931 958 4992 vi
977 4951 1030 4990 ex·
1077 4931 1114 5010 τῷ
1131 4928 1202 5004 εῖδει,
1224 4927 1242 5001 ἢ
1261 4929 1392 4989 ἀλλοιοῖτο
1407 4924 1452 4986 καλ
1475 4926 1587 5000 ἀλλοιοῖ,
1607 4917 1671 4979 ὥστε
1686 4915 1788 4975 roano

252 5055 1810 5110 ‚ffls

279 5188 317 5236 tn.
332 5183 397 5234 Fieri
412 5181 489 5244 igitur
508 5182 607 5248 nequit.
621 5183 651 5230 ut
667 5177 693 5230 id
710 5175 778 5243 quod
796 5179 866 5227 motu
879 5189 924 5227 ouo
939 5175 1029 5234 cietur,
1078 5171 1147 5222 bitur
1161 5173 1187 5222 ot
1206 5169 1326 5232 variabit3
1345 5167 1508 5234 quamobrem
1528 5160 1603 5215 simul
1623 5151 1716 5209 docebit
1729 5141 1823 5246 ocndttt·

247 5287 275 5326 oe
290 5275 372 5324 totum
390 5270 489 5336 penitus
505 5271 612 5320 moveat.
634 5271 717 5317 Unum
743 5265 808 5316 enirn
831 5267 857 5315 et
874 5263 1032 5315 individuum
1077 5261 1154 5322 bitur,
1169 5260 1306 5326 eodemque
1318 5258 1424 5311 sanitate
1437 5259 1492 5310 tum
1507 5249 1604 5307 notuit
1621 5251 1673 5300 tum
1686 5235 1799 5293 untbdffl·

248 5362 329 5429 specie
339 5361 435 5415 foretur
447 5361 529 5410 toturn
544 5357 681 5420 eademque
701 5353 793 5412 lotione
807 5353 886 5414 foret,
901 5356 927 5404 ot
948 5351 1032 5404 τοτῖο-

1799 4897 1911 4960 ἂν,
