3882 5954
218 321 277 382 lbi
841 315 1054 382 ANDRONlCl
1076 317 1208 381 Rfloolt

215 451 401 532 ἁμαρτάνοντα
413 449 509 510 ἄτοπόν
524 471 584 510 τινα
597 449 748 530 ἡγούμεθα,
762 451 807 510 καί
822 453 992 532 θαυμάζομεν
1045 467 1145 528 meat,
1161 462 1274 527 ineptum
1296 460 1450 530 iudicemus,
1475 462 1646 526 miremurque
1660 460 1840 522 vebnenter,

214 547 237 602 εί
265 545 322 600 έστι
346 564 385 609 τις
407 541 489 608 οὕτως
513 541 597 620 έχων·
617 539 662 599 τδν
686 540 715 600 δέ
733 541 770 620 μή
795 543 932 622 χρώμενον
953 543 999 602 καί
1045 554 1065 602 si
1080 553 1138 604 talis
1160 552 1410 604 homoinrenlatur:
1433 565 1491 602 enm
1517 555 1601 603 anien
1618 550 1664 618 qui
1682 565 1732 604 non
1753 551 1842 603 utitem

214 630 420 712 direptionum,
435 631 567 706 ούδαμῶς.
1045 642 1148 692 scientia
1163 645 1188 694 et
1204 645 1305 706 pereat.
1321 640 1486 692 nullomodo.

255 718 352 798 ’Ἔπη
363 721 393 778 οὔ
407 717 494 800 τούτῳ
509 720 582 801 μόνῳ
597 719 762 801 διαφέρουσιν
776 722 800 780 σί
816 719 996 800 έπιστάμινοι,
1077 731 1201 780 Preterea
1221 743 1271 780 non
1293 728 1342 780 hoo
1359 732 1458 780 tantum
1479 727 1602 781 dillerunt
1621 729 1735 782 homines
1749 743 1840 782 rerum

214 811 253 890 τῷ
271 808 532 888 τοθςμένέχιινκαί
546 812 678 890 χρῆσθαι,
692 809 751 876 τοὺς
766 808 792 867 δὲ
806 811 876 888 ἔχειν
892 810 998 888 μέν,ού
1046 813 1165 875 seientes,
1184 813 1253 880 quod
1279 813 1321 864 alii
1341 815 1469 865 seientiam
1499 815 1602 881 quidem
1622 816 1730 866 habeant
1754 827 1838 880 eaque

214 903 330 979 χρῆσθαι
350 899 395 970 δέ,
417 897 485 958 itii
501 897 547 957 καί
569 901 628 957 κατ’
648 897 713 957 αύτδ
729 897 759 956 ri
778 899 848 978 ἔχειν
864 900 1000 980 διαφέρου·

215 1011 275 1048 σιν·
289 990 318 1048 ού
333 989 384 1068 γδιρ
400 987 495 1064 δμοίως
509 987 602 1066 έχουσι
615 988 663 1056 τδις
682 990 831 1065 έπισσήμας
844 991 869 1049 ot
890 989 1000 1050 έπιστά-

216 1099 307 1153 μενοι·
329 1079 386 1138 ἔστι
404 1076 456 1156 γάρ
479 1077 574 1158 έχοντά
595 1101 653 1136 τινα
671 1079 838 1154 έπιστήμην,
861 1079 899 1154 μή
914 1077 998 1159 ἔχειν·

215 1156 286 1238 οἷον,
298 1164 343 1224 τδν
363 1165 543 1243 καθεύδοντα,
565 1167 612 1226 καί
628 1168 805 1244 μαινόμενον,
827 1166 873 1226 καί
890 1165 1001 1244 οίνωμέ-

215 1271 277 1313 νον·
294 1254 363 1314 κατδι
386 1261 476 1314 τοῦτον
494 1254 521 1314 δέ
544 1255 589 1315 τὸν
602 1255 697 1334 τρόπον
717 1257 809 1335 έχουσι
822 1254 871 1326 τὴν
892 1255 1001 1328 έπιστή-

220 1369 273 1421 μην
287 1345 334 1404 καί
356 1347 380 1404 οἱ
403 1345 430 1403 έν
447 1351 502 1411 τοῖς
521 1343 632 1404 πάθεσιν
650 1343 733 1412 όντσς·
747 1343 870 1420 μεθύουσι
889 1343 940 1424 γάρ
951 1342 1001 1402 ὑπὸ

215 1439 263 1505 τῆς
287 1435 441 1512 ίπιθυμίας,
469 1434 514 1494 καί
538 1434 676 1512 μαίνονται
701 1433 752 1494 oei
774 1441 818 1494 τοῦ
834 1440 933 1511 θυμοῦ·
955 1433 1000 1493 καί

215 1521 306 1604 ῶσπερ
322 1523 365 1582 tut
381 1525 433 1582 τῶν
456 1525 624 1600 μαινομένων
641 1523 686 1582 καί
704 1526 871 1601 οίνωμένων,
889 1523 934 1584 καί
956 1526 1001 1582 αὖ·

214 1615 268 1671 τῶν
282 1611 316 1674 σδι
329 1611 442 1690 σώματα
459 1613 626 1671 άλλοιοῦντσι
638 1613 683 1672 καί
699 1611 870 1690 μεθίστανται
885 1615 1002 1692 φανερῶς

216 1701 267 1762 tet
286 1706 339 1762 τῶν
358 1700 482 1760 τοιούτοιν
498 1705 605 1760 παθῶν·
629 1701 674 1760 καί
699 1701 750 1782 γάρ
772 1703 817 1760 καί
838 1703 936 1781 χρῶμα
956 1701 1000 1758 καί

219 1790 343 1868 βλέμμα,
364 1791 428 1848 ένιοι
451 1786 479 1846 δέ
503 1787 548 1847 καί
570 1793 693 1866 καθαρῶς
714 1789 863 1866 μαίνονται·
889 1789 1001 1869 φανερὸν

216 1869 278 1946 σύν,
296 1879 337 1935 δτι
360 1880 378 1946 ἡ
401 1877 537 1952 ἐπιστήμη
551 1880 603 1936 τῶν
625 1878 748 1956 ἀκρατῶν
772 1879 868 1954 ὁμοίως
890 1877 948 1956 έχει
968 1901 1001 1956 τη

215 1968 268 2025 τῶν
284 1965 430 2042 μεθυόντων
442 1963 488 2023 καί
504 1966 680 2040 μαινομένων.

252 2053 284 2080 ·“’
293 2055 326 2114 El
338 2053 365 2113 δί
378 2053 423 2113 καί
432 2054 539 2134 λέγουσι
549 2055 641 2132 λόγους
651 2059 697 2126 τῆς
708 2055 872 2133 έπιστήμης,
885 2056 915 2114 ού
928 2053 1002 2135 παρά

215 2151 292 2206 τοῦτο
309 2145 446 2225 φαίνονται
469 2142 506 2219 μὴ
522 2145 618 2220 δμοίως
633 2145 703 2222 ἔχειν
719 2153 772 2212 τοῖς
784 2147 945 2226 εἰρημένοις·
957 2145 1002 2204 καί

216 2233 268 2316 γδιρ
293 2233 339 2293 καί
364 2235 388 2292 σί
414 2233 551 2311 μεθύοντες
578 2232 722 2302 ἀποδείξεις
741 2234 787 2294 καί
808 2235 860 2308 ἔπη
882 2237 1002 2314 λέγουσιν

217 2323 442 2400 Ἐμπεδοκλέους·
461 2321 553 2400 ῶσπερ
568 2322 614 2381 καί
631 2325 655 2381 ol
671 2323 731 2404 άρτι
752 2323 928 2400 μανθάνοντες
939 2331 1003 2381 παῖ·

216 2415 259 2481 δας
274 2411 421 2494 συνείρουσι
439 2410 487 2492 μέν
503 2411 563 2478 τσθς
581 2413 692 2491 λόγους,
714 2411 789 2472 ίσασι
810 2413 837 2472 δὲ
852 2413 927 2472 ούπω
940 2413 1002 2492 πρίν

216 2503 307 2562 διέθει
319 2502 460 2579 γενέσθαι,
475 2501 521 2560 καί
536 2499 627 2581 ῶσπερ
638 2507 794 2582 συμφῦναι,
808 2501 873 2581 ὅπερ
891 2500 934 2560 διδ
950 2523 1001 2578 μα·

217 2596 281 2670 κροῗι
294 2589 395 2668 γίνεται
409 2589 519 2670 χρόνου·
534 2587 604 2650 ῶστε
617 2589 741 2668 καθάπερ
755 2585 816 2655 τοὺς
830 2587 1003 2668 ὑποκρινομέ-

1046 905 1158 961 utantur,
1174 901 1216 952 alii
1234 901 1342 954 habeant
1356 903 1473 969 quidem,
1490 917 1581 954 verum
1601 917 1652 954 non
1665 905 1779 960 utantur,
1791 901 1840 952 sed

1046 985 1122 1036 etiam
1131 985 1184 1050 ipsa
1195 987 1302 1038 habendi
1313 990 1408 1039 ratione
1417 986 1539 1040 dilimunt
1550 1007 1557 1038 ι
1571 1001 1652 1054 neque
1668 987 1734 1038 enim
1748 986 1839 1037 eod·

1046 1069 1121 1120 modo
1145 1071 1274 1123 scientiam
1293 1073 1386 1124 habent
1404 1087 1489 1124 rerum
1511 1074 1618 1124 seientes
1637 1093 1644 1123 ι
1668 1073 1762 1138 qnippe
1780 1070 1839 1121 lieri

1046 1161 1140 1222 potest.
1164 1163 1193 1210 ut
1219 1160 1294 1210 homo
1317 1159 1419 1210 seientia
1437 1159 1571 1224 preditus,
1597 1163 1682 1216 tamen
1704 1159 1838 1209 seienbam

1046 1257 1095 1294 non
1116 1244 1226 1297 habeat:
1242 1245 1325 1310 qualis
1339 1247 1379 1296 est
1399 1244 1478 1310 isqui
1493 1243 1600 1306 dormit,
1625 1247 1652 1294 et
1665 1243 1794 1303 furiosus,
1811 1246 1839 1292 et

1047 1331 1199 1382 temulentus
1214 1352 1220 1381 :
1238 1335 1264 1382 et
1283 1331 1331 1382 hoo
1346 1329 1449 1396 quidem
1464 1329 1539 1380 modo
1558 1329 1633 1379 etiem
1649 1328 1763 1379 homines
1777 1339 1839 1391 per-

1047 1412 1230 1463 turbationibus
1253 1411 1348 1462 iueitati
1370 1411 1498 1462 solentiam
1520 1408 1613 1460 habent
1631 1428 1638 1458 ι
1659 1423 1718 1459 nam
1735 1411 1761 1458 et
1781 1408 1840 1457 ine-

1047 1494 1160 1545 briantur
1187 1493 1322 1558 cupiditate
1349 1495 1374 1542 et
1400 1491 1437 1542 ira
1464 1489 1592 1541 furibundi
1623 1489 1786 1541 redduntur:
1810 1491 1838 1536 et

1046 1572 1257 1638 quemadmodum
1272 1573 1297 1622 in
1312 1571 1490 1623 insanientibus
1503 1575 1529 1621 et
1542 1569 1617 1620 ebriis
1633 1583 1682 1619 usu
1704 1567 1780 1624 venit,
1799 1566 1837 1616 ita

1047 1651 1146 1703 illorum
1159 1665 1260 1718 quoque
1274 1667 1376 1717 corpora
1387 1651 1479 1702 talibus
1493 1648 1625 1700 allectibus
1637 1648 1768 1700 manifesto
1777 1660 1840 1696 mn-

1047 1736 1135 1786 tantur
1157 1741 1183 1788 et
1204 1735 1417 1798 transfigurantur
1432 1751 1438 1782 ι
1454 1747 1511 1784 nam
1526 1737 1551 1783 el
1567 1733 1673 1783 colorem
1691 1735 1791 1782 mutant
1811 1733 1839 1780 et

1048 1811 1162 1871 nultum,
1180 1813 1291 1863 nonnulli
1304 1817 1388 1863 autem
1401 1811 1477 1863 etiam
1488 1811 1588 1861 omnino
1602 1811 1723 1860 insaniunt
1742 1829 1749 1858 :
1765 1809 1840 1858 unde

1048 1896 1165 1956 apparet,
1187 1893 1392 1944 incontinentium
1416 1893 1545 1943 scientiam
1569 1891 1638 1942 haud
1661 1903 1731 1941 senens
1755 1893 1841 1955 atque

1047 1971 1173 2024 ebriorum
1186 1977 1212 2024 et
1226 1973 1362 2024 lurentium
1373 1987 1400 2024 se
1415 1973 1514 2024 babere.

1079 2063 1199 2121 Quamvis
1213 2067 1298 2113 autem
1314 2063 1424 2114 rationes
1438 2077 1453 2112 a
1465 2061 1568 2113 seientia
1579 2059 1702 2126 prolectas
1716 2058 1838 2122 aiterant,

1048 2155 1079 2192 ne
1092 2145 1221 2208 propterea
1236 2142 1340 2206 quidem
1354 2142 1386 2194 iis
1403 2142 1522 2193 videntur
1534 2155 1588 2192 esse
1601 2139 1751 2201 dissimiles,
1771 2153 1838 2204 quos

1046 2223 1098 2288 jam
1112 2224 1362 2274 commemoravimus
1376 2241 1383 2272 ι
1395 2221 1487 2273 etenim
1500 2224 1525 2272 et
1538 2221 1599 2270 ebrii
1613 2218 1839 2270 demonstrationes

1048 2315 1114 2368 saepe
1135 2306 1179 2354 aut
1192 2317 1279 2353 versus
1297 2301 1452 2366 Empedoclis
1464 2300 1570 2351 recitant
1586 2321 1592 2349 ι
1610 2303 1639 2349 ut
1658 2299 1735 2350 etiam
1752 2300 1836 2363 pueri,

1047 2384 1092 2448 qui
1117 2397 1195 2448 nuper
1213 2383 1369 2442 didicerunt.
1391 2383 1542 2432 oonneetunt
1556 2379 1658 2446 quidem
1681 2379 1772 2438 uerba,
1792 2377 1839 2428 sed

1048 2463 1158 2515 nondum
1180 2464 1337 2528 intelligunt,
1361 2465 1496 2527 antequam
1517 2460 1689 2520 assueverint,
1716 2461 1742 2508 et
1760 2460 1836 2523 quasi

1048 2547 1180 2608 cognatum
1193 2542 1317 2608 ingenium
1335 2541 1383 2592 sibi
1399 2539 1540 2597 induerint,
1555 2537 1623 2604 qnod
1640 2537 1761 2603 temporis
1777 2535 1839 2586 din-

1049 2623 1171 2674 lumitate
1188 2622 1216 2672 lit
1238 2635 1245 2670 ι
1267 2634 1345 2686 quare
1365 2619 1430 2670 sieut
1452 2619 1599 2676 histriones.
1622 2617 1659 2668 ita
1677 2614 1841 2668 existimandi

217 2701 295 2751 νους,
310 2677 393 2746 οὕτως
407 2680 576 2754 ὑποληπτέον
592 2680 678 2756 λέγειν
691 2677 737 2738 καί
756 2675 815 2744 τοθς
829 2672 1003 2757 θκρατιυομέ·

216 2791 290 2842 νους,
302 2765 328 2826 σί
348 2767 479 2846 πρόσωπα
498 2768 699 2847 ὑποκρινόμενοι
713 2764 747 2824 τὰ
767 2767 794 2825 έν
817 2771 869 2830 τοῖς
887 2763 1003 2842 ποιήμα·

217 2879 258 2916 σιν
274 2853 324 2928 ίπη
338 2854 443 2934 λέγουσι
454 2854 468 2893 ¹²
484 2855 549 2932 μέν,
563 2857 636 2915 ίσασι
652 2856 680 2917 δί
692 2845 728 2914 ῶν
739 2851 861 2933 λέγουσιν
877 2853 961 2912 οὐδέν.
1049 2875 1106 2914 men
1118 2875 1203 2912 eorum
1218 2860 1373 2924 intelligunt.
1390 2872 1447 2924 qum
1459 2859 1554 2909 dicunt.

258 2942 297 2970 *¹*
308 2941 371 3004 Ἔτι
380 2944 426 3004 καί
436 2943 509 3004 τόνδε
520 2942 563 3003 τδν
574 2945 671 3024 τρόπον
682 2945 798 3025 φυσικῶς
810 2943 841 3001 άν
853 2964 892 3008 τις
904 2938 1002 3000 συνίδοι
1081 2953 1207 3002 Preterea
1223 2949 1271 3000 hoo
1285 2949 1360 3000 etiam
1380 2947 1456 2998 modo
1471 2947 1556 2998 nativa
1571 2946 1666 2998 ratione
1679 2947 1716 2997 rei
1736 2959 1841 2998 eausam

216 3032 264 3106 τήν
284 3031 391 3104 αἰτίαν,
407 3033 439 3090 δι’
460 3031 494 3104 ἣν
510 3031 685 3109 γινώσκοντες
705 3033 729 3090 ol
746 3032 871 3110 ἀκρατεῖς
885 3029 915 3088 τδ
928 3031 1003 3106 ’,ἆγαι
1050 3039 1199 3106 perspicias,
1223 3041 1325 3104 propter
1346 3051 1424 3102 quam
1450 3035 1632 3088 incontinentes
1653 3049 1733 3100 quum
1757 3037 1841 3086 norint

217 3123 262 3182 θδν
277 3124 327 3200 οιίχ
342 3124 491 3199 αἱροῦνται·
508 3121 565 3180 ίστι
579 3121 641 3192 δόξα
660 3121 787 3191 καθόλου,
808 3118 853 3178 καί
873 3117 928 3177 ἔστι
942 3115 1003 3185 δόὶα
1050 3129 1143 3180 bonum
1156 3142 1204 3179 non
1223 3131 1307 3178 tamen
1324 3129 1443 3192 expetant
1459 3145 1466 3175 ι
1488 3129 1528 3176 est
1542 3126 1607 3176 enim
1620 3125 1786 3186 universalis,
1801 3130 1842 3175 ast

219 3211 337 3296 μερική,
362 3209 420 3281 ἥτις
452 3209 484 3280 δὴ
507 3208 603 3290 peponi
631 3211 694 3290 περί
713 3209 749 3270 τδ
780 3207 892 3282 αἰσθητά
919 3209 1001 3266 ἔστιν·
1049 3221 1075 3270 et
1095 3218 1227 3282 singularis
1244 3216 1340 3282 opinio,
1362 3229 1420 3281 qum
1444 3215 1546 3280 quidem
1565 3213 1698 3279 singularis
1716 3215 1743 3264 in
1763 3214 1841 3264 rebus

218 3301 281 3360 όταν
296 3299 323 3357 δέ
339 3299 392 3358 tet
404 3302 451 3370 τῆς
466 3299 579 3358 καθόλου
594 3301 640 3358 καί
652 3303 699 3370 τῆς
713 3303 822 3378 μερικῆς
836 3296 911 3368 δόξης
920 3295 1004 3366 άλλην
1049 3307 1207 3358 sensibilibus
1222 3309 1337 3358 versatur
1360 3325 1366 3356 :
1383 3303 1483 3370 quando
1503 3307 1588 3356 antem
1608 3317 1640 3355 ex
1660 3303 1798 3354 universali
1815 3308 1841 3354 et

218 3385 276 3446 τινδι
297 3385 490 3464 συναγάγωμεν
514 3387 605 3460 δόξαν,
630 3387 755 3466 ἀνάγκη,
776 3387 799 3444 εί
825 3385 872 3461 μέν
895 3385 1002 3456 ίστινθ
1050 3397 1168 3460 singulari
1179 3395 1295 3462 opinione
1309 3395 1384 3446 aliam
1399 3393 1526 3460 quandam
1537 3393 1676 3458 opinionem
1688 3393 1838 3457 colligimus.

218 3473 280 3542 δόξα
302 3473 469 3552 θεωρητική,
490 3474 643 3556 καταφάναι
665 3477 714 3548 τήν
736 3475 870 3546 διάνοιαν,
894 3471 941 3531 καί
961 3495 1004 3531 πι-
1050 3501 1149 3539 necem
1162 3490 1216 3548 est,
1230 3486 1354 3552 siquidem
1371 3483 1564 3549 contemplativa
1580 3483 1613 3533 sit
1626 3481 1726 3547 opinio,
1740 3482 1840 3532 animus

218 3568 325 3621 στεῦται
340 3560 381 3619 ὅτι
403 3560 485 3629 οὕτως
504 3562 575 3642 ἔχει·
589 3567 611 3622 εἰ
632 3563 659 3622 δέ
673 3565 730 3624 ἔστι
741 3559 874 3643 πρακτικὴ
890 3564 907 3634 ἡ
921 3559 1000 3636 δόξα,
1049 3593 1104 3632 eam
1117 3577 1258 3635 confirmet,
1273 3574 1421 3640 remquam
1434 3587 1460 3625 se
1472 3573 1564 3624 habere
1576 3571 1663 3623 credat
1679 3591 1685 3621 ι
1699 3571 1738 3622 sin
1756 3572 1839 3622 ιιιιιε

218 3653 320 3731 ἀγοίγλελ
333 3651 460 3730 πράττεθ’
475 3652 563 3726 εὗθῦςι
576 3650 608 3711 ἂν
623 3651 660 3730 μί
672 3676 711 3720 rr<
722 3651 829 3731 κωλύῃ·
852 3639 905 3709 isli
918 3695 927 3725 ι
939 3655 1003 3709 θεω·
1049 3667 1146 3733 opinio,
1160 3679 1260 3718 neeesse
1270 3668 1324 3727 est,
1340 3663 1387 3714 uisi
1403 3663 1461 3728 quis
1479 3661 1613 3728 impediat,
1631 3661 1732 3712 animus
1753 3661 1837 3711 statim

218 3741 313 3822 ργιτελελ
328 3741 375 3818 μὲν
389 3740 466 3814 δόξα.
483 3740 523 3800 ὅτε
539 3741 679 3824 ίδδίὸερες
696 3741 841 3822 βλεὸερίγι
860 3739 923 3812 W
943 3741 1004 3820 pilu
1049 3761 1106 3822 ngat
1135 3776 1141 3808 :
1167 3757 1256 3814 velut,
1290 3753 1481 3818 contemplativa
1512 3751 1595 3816 opinio
1613 3753 1668 3812 est,
1700 3750 1837 3802 elleborum

217 3831 319 3912 γλυκύ,
336 3831 400 3914 δπερ
420 3833 442 3890 εί
459 3831 667 3910 συναγάγωμεν,
684 3831 845 3908 πιστεύομεν
866 3827 959 3906 μόνον,
974 3829 1003 3889 σθ
1049 3846 1151 3897 noxium
1165 3860 1232 3906 esse,
1248 3847 1293 3896 aut
1307 3843 1358 3894 mel
1374 3842 1460 3900 duim,
1482 3839 1551 3906 quod
1573 3840 1774 3905 sioolligamus,
1787 3853 1837 3889 non

217 3919 378 4000 πράττομεν·
402 3919 537 4000 πρακτικὴ
561 3920 604 3994 δέ,
622 3920 662 3980 ότι
684 3925 730 3980 τοῦ
750 3921 858 4000 γλυκέος
880 3919 1003 3996 γεῦεεθεε
1048 3948 1150 4000 agemus
1164 3933 1207 3986 sed
1220 3931 1478 3985 credemustantnm:
1494 3932 1591 3980 atvero
1603 3941 1661 3992 qum
1681 3927 1765 3978 dulcia
1778 3928 1838 3976 sunt

218 4010 270 4068 δεῖ·
283 4008 348 4084 ὅπερ
362 4011 384 4067 εἰ
400 4012 612 4088 συναγάγωμεν,
625 4009 759 4091 πράξομεν
773 4009 819 4070 καί
839 4010 1002 4089 γενοίμεθα·
1049 4022 1172 4089 gustanda
1185 4036 1253 4082 esse,
1275 4021 1357 4073 activa
1374 4022 1413 4070 est
1430 4017 1530 4083 opinio:
1550 4015 1619 4082 quod
1637 4015 1658 4067 si
1674 4015 1835 4079 colligemus,

218 4097 280 4154 ὅταν
296 4089 339 4155 σύν
353 4099 380 4155 nl
394 4097 441 4174 μὲν
454 4097 634 4172 δόξαι,κα“ιή
656 4099 769 4160 καθόλου
781 4143 790 4174 ,
802 4097 849 4159 καί
862 4103 878 4172 ή
892 4095 1001 4178 μερική,
1049 4127 1151 4178 agemus
1173 4111 1282 4177 aliquid,
1302 4110 1350 4162 hoc
1373 4113 1421 4168 est.
1446 4106 1602 4173 gustabimus
1626 4125 1632 4155 ι
1655 4117 1731 4169 quum
1753 4104 1838 4167 igitur

218 4183 346 4242 κελεύωσι
360 4183 487 4263 πράττειν
508 4209 547 4261 τι,
566 4178 638 4266 οἷον,
652 4188 692 4247 δεῖ
713 4187 837 4268 γεύεσθαι
857 4189 946 4256 τοῦδε,
963 4187 1003 4246 ότι
1048 4203 1176 4268 opiniones
1186 4203 1240 4253 tam
1253 4199 1402 4252 universalis
1414 4211 1491 4264 quam
1509 4195 1640 4261 singularis
1652 4206 1721 4259 agere
1736 4192 1837 4258 aliquid

218 4271 278 4330 τόδε
297 4272 397 4350 γλυκύ,
417 4272 504 4332 τοῦδέ
526 4275 635 4352 γλυκέος
654 4274 777 4352 γεύεσθαι
796 4276 884 4354 διῖ,ἡ
901 4273 928 4334 δέ
942 4277 1002 4335 ἐπι·
1049 4305 1093 4343 nos
1109 4291 1214 4357 iubent,
1228 4290 1299 4342 verbi
1311 4303 1386 4340 eausa
1405 4289 1454 4340 hoo
1468 4285 1620 4352 gustandum
1641 4286 1695 4345 est,
1708 4282 1768 4348 qnia
1787 4283 1838 4334 boe

222 4357 312 4436 στύγει
347 4358 441 4440 κελεύῃ
462 4360 506 4420 καί
529 4364 543 4420 δ
567 4361 680 4422 καθόδου
702 4363 778 4442 λόγος
798 4363 835 4443 μθ
856 4363 1001 4444 γεύεσθαι,
1048 4381 1121 4433 dulae
1139 4384 1190 4443 est,
1204 4393 1234 4431 ea
1258 4383 1343 4430 autem
1360 4389 1418 4444 qum
1436 4375 1520 4428 dulcia
1535 4376 1594 4426 snut
1610 4371 1707 4437 gustari
1722 4375 1836 4436 oportet,

218 4447 288 4529 τύχῃ
305 4447 331 4506 δὲ
345 4445 391 4506 καί
407 4449 533 4527 ἐπιθυμία
548 4451 642 4510 ίνοῧσα
657 4455 703 4510 ³⁰5
718 4451 894 4530 πράγματες,
911 4456 941 4515 τὸ
956 4455 1002 4532 μὲν
1049 4471 1151 4522 scientia
1172 4483 1232 4522 vero
1259 4471 1285 4520 et
1308 4468 1373 4518 ratlo
1396 4464 1545 4518 uniuersalis
1567 4461 1763 4528 haudquaquam
1792 4473 1836 4511 nos

218 4539 247 4598 έκ
268 4537 368 4597 τούτων
388 4537 566 4618 συναγόμενον
587 4539 719 4620 ἐνέργειαν
747 4540 816 4621 έχει,
839 4541 886 4602 καί
903 4548 1003 4622 χρῆται
1048 4564 1148 4626 gustare
1165 4560 1266 4624 jubent,
1292 4572 1321 4609 ae
1338 4561 1394 4608 tum
1417 4555 1480 4606 torte
1501 4554 1536 4606 rei
1551 4552 1631 4618 ipsius
1648 4563 1708 4616 qua
1723 4551 1750 4602 in
1766 4549 1846 4600 nobis.

217 4628 307 4708 αὐτῷ,
321 4625 351 4685 τδ
367 4626 394 4686 δέ
410 4628 522 4688 καθόλου
537 4629 633 4689 κωλύει
645 4629 785 4709 γεύεσθαι,
802 4634 819 4704 ἡ
836 4629 858 4688 δ’
876 4633 1001 4708 έπιθυμία
1047 4653 1086 4702 est
1099 4648 1194 4701 accedit
1208 4647 1344 4714 cupiditas,
1365 4645 1391 4696 id
1404 4643 1472 4711 quod
1486 4637 1517 4695 ex
1531 4643 1571 4694 bis
1581 4641 1707 4706 colligitur
1720 4639 1753 4691 ad
1772 4637 1834 4691 effe·

219 4719 286 4796 μεείε
307 4721 353 4790 τῆς
375 4716 451 4790 δόξης
474 4720 520 4780 lul
539 4718 571 4778 τί
591 4717 699 4793 γευστὸν
721 4720 792 4798 ἄγει·
817 4717 928 4780 δύναται
951 4721 1002 4802 γὰρ
1047 4741 1117 4788 etum
1130 4735 1264 4787 adducitur
1273 4734 1404 4800 utiturque
1416 4746 1445 4784 ea
1457 4746 1498 4793 τος
1512 4729 1653 4782 universale
1669 4727 1837 4793 enimprohi·

216 4817 297 4867 κινεῖν
318 4808 431 4868 έκαστον
447 4810 499 4868 τῶν
523 4807 637 4889 μορίων,
650 4811 727 4888 λέγω·
741 4807 768 4868 δέ
784 4807 831 4878 τδς
846 4809 942 4877 οίκείας
957 4811 1001 4868 nl·
1048 4827 1090 4878 bet
1109 4841 1155 4876 nos
1171 4829 1287 4892 gustare,
1309 4838 1367 4876 cum
1384 4822 1498 4888 opinione
1519 4833 1579 4872 vero
1596 4817 1721 4885 cupiditas
1737 4830 1784 4868 nos
1803 4815 1837 4866 ad

218 4897 322 4970 σθήσεις
336 4901 374 4979 τῷ
395 4901 565 4982 έπιθυμητῷ,
581 4898 672 4979 ὅρασιν
688 4902 710 4958 εί
725 4898 925 4981 δρατόνέστιτδ
940 4899 1000 4974 ήδύ,
1048 4918 1197 4980 gustandum
1218 4914 1324 4982 impellit
1347 4934 1352 4964 ;
1373 4914 1466 4980 quippe
1490 4910 1600 4977 singulas
1624 4922 1725 4961 movere
1750 4909 1838 4973 paries

217 4985 230 5044 θ
252 4989 317 5068 πρὸς
330 4995 341 5023 ⁰
357 4989 437 5049 tanet
462 4988 548 5065 έλκει,
573 4991 617 5050 καί
638 4997 725 5068 γεῦσιν
750 4990 780 5050 τό
795 4990 917 5070 γευστόν·
932 4988 1001 5050 ὥστε
1046 5009 1140 5072 potest,
1153 5007 1189 5057 its
1200 5019 1262 5058 νοω
1272 5017 1359 5057 sensus
1369 5003 1404 5055 rei
1420 5001 1591 5054 desiderabilis
1605 4999 1733 5066 proprios,
1749 4997 1838 5048 risum

1049 2706 1108 2752 sunt
1120 2701 1203 2752 dicere
1217 2699 1411 2758 incontinentes,
1427 2699 1472 2764 qui
1492 2697 1597 2748 abennm
1610 2696 1684 2762 qnasi
1704 2709 1839 2760 personam

1049 2785 1150 2846 agentes
1163 2785 1293 2845 poetarum
1306 2792 1395 2830 versus
1410 2778 1529 2836 recitant.
1543 2789 1626 2842 neque
1644 2775 1784 2840 quidquam
1799 2779 1842 2826 ta-

250 5163 264 5190 *
280 5162 335 5214 'Eri
349 5167 378 5216 τδ
390 5167 454 5232 έχιιν
467 5169 511 5228 τὴν
520 5170 654 5235 ἰπιστήμην
668 5171 720 5220 κτλ,
733 5195 765 5206 -
774 5169 800 5198 *¹¹
812 5171 846 5220 Τό
860 5169 886 5220 ot
896 5169 973 5232 λέγειν
987 5171 1043 5227 τοὺς
1057 5169 1140 5234 λόγους
1153 5169 1205 5220 κτλ.
1221 5193 1253 5204 —
1263 5168 1304 5197 *θ’
1314 5167 1369 5220 Ἔτι
1387 5169 1429 5220 καὶ
1446 5163 1494 5221 ddi
1503 5169 1611 5232 φυσικῶς
1623 5168 1652 5218 ἄν
1667 5181 1703 5222 τις
1714 5166 1768 5214 κτλ.
