3934 5956
516 388 741 452 ETHICORUM
762 387 1098 452 Nlcullacuuoaull
1121 390 1400 454 PARAPHRASIS.
1700 393 1761 455 339

154 527 237 586 ποσοῦ
256 523 304 583 οάκ
320 521 422 600 ἀνάγκη
446 519 490 581 ἐπὶ
509 520 604 588 παντὸς
626 522 718 580 λαὸεῖν
742 520 789 594 την
810 521 934 595 τοιαύτην
981 532 1107 596 proportio
1121 535 1167 583 est.
1180 535 1212 582 El
1226 533 1252 582 in
1273 531 1374 582 delinita
1387 531 1489 596 quidem
1509 532 1648 596 quantitate
1662 547 1761 584 neccsse

155 609 364 689 ἀναλογίαν·(οιί
380 610 429 688 γύρ
445 610 515 668 ἐστιν
531 609 572 667 ἐπ’
588 610 684 689 οίπειρα
706 609 874 688 διαιρετέον)
891 609 935 670 ἐπί
980 636 1028 671 uou
1048 625 1086 672 est
1105 635 1149 672 uos
1173 622 1265 686 ubique
1285 623 1349 671 hauc
1362 621 1545 686 proportionem
1562 635 1675 680 servare,
1696 625 1762 687 (uec

154 699 182 758 δέ
195 705 239 758 τοῦ
256 703 378 778 συνεχοῦς
391 698 435 756 ε’πί
452 698 547 764 παντὸς
560 699 669 756 δυνατόν
691 700 771 771 ἔστιν,
790 697 837 757 ἅτε
861 704 936 758 ἀπει-
980 711 1045 760 enim
1060 711 1087 760 in
1100 711 1224 761 inlinitum
1245 710 1407 760 diuidendum
1429 715 1494 771 est.)
1517 710 1542 759 in
1565 710 1681 760 contiuua
1703 725 1762 760 vero

157 789 230 868 ροίκις
245 787 390 862 δυναμένου
406 789 577 864 διαιρεθῆναι.
600 790 625 846 Τ
626 793 685 846 obeo
700 787 732 858 δη
749 788 777 845 τὸ
793 787 873 864 μέσον
886 792 935 869 οὐχ
980 797 1072 862 ubique
1085 799 1132 847 boc
1144 798 1195 848 lieri
1213 800 1308 862 potest,
1321 811 1400 861 quum
1414 797 1439 846 in
1450 797 1571 846 infinitum
1584 797 1662 846 dividi
1676 797 1759 860 possit.

153 875 248 952 epotare
265 877 306 936 ἀεί
329 876 467 954 κρίνομεν,
482 875 563 935 .·ἀλλδ
588 875 651 936 ποτέ
675 877 721 952 μὲν
742 882 800 935 κατ’
820 878 883 936 αὐτὸ
904 879 935 938 rb
979 889 1032 936 lloc
1044 901 1104 938 vero
1122 887 1232 937 medium
1246 901 1294 936 uou
1306 887 1419 936 simililer
1437 899 1534 948 semper
1545 885 1701 949 judicamus.
1719 885 1763 935 sed

153 975 279 1045 πρᾶγμα,
296 967 359 1026 ποτὲ
381 966 408 1024 δέ
424 965 488 1046 πρὸς
502 971 582 1040 ἡμᾶς.
608 966 662 1024 Καὶ
676 965 735 1023 κατ’
759 964 821 1022 αὐτὸ
840 966 888 1041 μὲν
903 968 932 1026 τὸ
979 990 1044 1026 nuum
1058 976 1094 1026 rei
1115 980 1240 1039 respectu.
1256 989 1322 1025 uuue
1335 976 1421 1026 nostri.
1435 977 1468 1025 Et
1486 975 1521 1024 rei
1533 975 1634 1039 quidem
1647 978 1760 1038 respectu

154 1063 262 1132 πρᾶγμα
278 1054 356 1130 μέσον
372 1053 438 1126 ioci,
449 1053 481 1112 τδι
494 1052 520 1122 ἓξ
532 1061 576 1112 τοῦ
587 1053 649 1111 δέκα
664 1052 710 1112 καί
721 1053 773 1122 δύο,
785 1053 841 1112 ίοον
852 1057 933 1135 ὓπερ-

153 1142 246 1220 έχοντα
262 1140 308 1200 καὶ
329 1142 494 1200 ἐλλείποντα·
509 1145 555 1199 ἀπ’
572 1145 655 1200 αὐτῶν
672 1141 723 1221 γὰρ
745 1146 796 1200 τῶν
810 1141 934 1222 πραγμύ-

153 1253 205 1286 των
220 1227 419 1306 λαμὸαίνεταιὴ
439 1229 558 1308 διαφοροί·
577 1229 641 1308 πρὸς
656 1233 728 1304 ἡμᾶς
749 1230 787 1299 δέ,
802 1230 864 1288 ὅταν
887 1230 934 1310 ἀφ’

154 1320 230 1388 ἡμῶν
243 1323 261 1388 ἢ
275 1318 400 1394 μεσότης,
417 1315 462 1375 καί
478 1322 494 1388 ἡ
509 1316 642 1395 ύπερύολύ,
653 1362 661 1390 ,
673 1317 720 1376 καλ
736 1317 850 1397 ἔλλειψις
863 1320 934 1394 λαμ·

155 1404 276 1475 δύνηται.
293 1397 356 1464 (lica
374 1405 398 1462 εί
408 1429 458 1463 τινι
469 1405 535 1462 πολὺ
550 1405 579 1464 τὸ
602 1404 665 1462 δέκα
682 1413 747 1480 μνᾶς
762 1415 873 1483 φαγεῖν,
888 1405 934 1464 δύο

156 1491 184 1549 δέ
197 1495 294 1570 ὀλίγον,
309 1499 355 1552 οὐκ
368 1495 470 1570 ἀνάγκη
484 1497 528 1559 τὰς
545 1493 572 1560 έξ
587 1504 651 1570 μνᾶς
666 1495 713 1562 τὴν
732 1497 864 1570 μεσότητα
884 1519 933 1573 φυ-

155 1580 276 1652 λάττειν,
293 1583 337 1639 καῖ
353 1583 536 1663 προσηκούσας
560 1573 626 1640 εἶναι
642 1587 679 1661 τῷ
694 1581 807 1659 σώματι·
826 1582 934 1640 δυνατὸν

155 1669 237 1746 pipi
254 1671 387 1742 πλείουςῆ
407 1671 530 1736 ἐλάττους
547 1674 646 1750 ἀρκεῖν.
667 1671 736 1749 Πρὸς
752 1669 798 1748 μέν
811 1660 855 1727 ούν
871 1670 935 1728 αὐτὸ

153 1757 184 1817 τὸ
197 1767 307 1836 πρᾶγμα
322 1761 349 1816 αἱ
368 1759 396 1828 ἓξ
417 1767 480 1836 μναῖ
497 1759 527 1818 τὸ
543 1759 622 1836 μέσον
638 1759 683 1818 καί
698 1757 754 1837 ίσον
778 1757 834 1818 ἐστί
843 1802 851 1832 ,
872 1759 936 1836 πρὸς

154 1851 228 1922 ἡμᾶς
240 1846 283 1920 δέ,
302 1846 369 1904 {arrd
388 1845 451 1914 ἴσοις
465 1846 481 1916 ἢ
497 1848 589 1920 πέντε,
614 1847 693 1923 ἤγουν
716 1845 790 1912 ὅσαις
808 1845 837 1904 τὸ
857 1849 935 1921 σῶμα

153 1934 292 2011 προσήκει.
339 1938 374 1994 Αἱ
390 1934 417 1992 δέ
433 1934 457 1998 έί,
474 1933 578 1993 Μίλωνι
597 1936 660 2012 μέν,
685 1933 731 1993 ἅτε
745 1936 841 2000 ἱκανῶς
854 1957 934 2012 γεγυ-

154 2023 317 2102 μνασμένῳ,
332 2022 408 2102 ὀλίγη
422 2021 495 2080 ἔσται
510 2025 611 2105 τροφή,
627 2024 671 2082 καῖ
686 2026 700 2080 b
715 2023 840 2097 ἀλείπτης
854 2023 936 2082 πλείω

154 2111 270 2192 παρέξει·
293 2115 331 2190 τῷ
357 2111 551 2192 δὲ’ἀρχομένῳ
573 2116 626 2170 τῶν
654 2113 825 2190 γυμνασίων,
855 2113 933 2171 πολύ.

155 2199 271 2278 Ὁμοίως
288 2198 376 2259 δὲκαὶ
399 2199 443 2260 ἐπί
458 2201 554 2280 δρόμου
571 2199 617 2260 καὶ
637 2200 723 2272 πάλης
745 2201 809 2280 ἔχει·
832 2201 877 2258 καί
892 2200 935 2258 ἐπί

153 2289 251 2348 τούτων
264 2289 316 2369 γδρ
331 2289 384 2349 ἀπὸ
401 2292 452 2348 τῶν
467 2289 671 2367 γυμναζομένων
685 2289 715 2346 τὸ
728 2286 784 2346 ίοον
800 2286 936 2368 κρίνομεν.

153 2375 218 2438 Ἔτι
239 2377 267 2437 δέ
284 2377 330 2438 καί
343 2387 396 2445 πᾶς
416 2382 462 2450 τῆς
486 2383 638 2450 ἡστινοσοῦν
657 2379 848 2456 προϊστάμενος
874 2379 933 2436 ἔπι·

157 2466 262 2544 σπη’μης
276 2467 306 2526 rb
321 2468 400 2543 μέσον
422 2465 463 2525 ἀεί
486 2468 575 2542 ζητεῖ,
593 2465 642 2538 τὴν
655 2464 805 2544 ύπερύολὴν
819 2463 865 2524 ’καί
887 2465 935 2536 τὴν

152 2553 266 2636 ίλλτιψιν
283 2555 396 2637 φεύγων·
421 2555 499 2631 μέσον
523 2558 605 2614 έκεῖνο
628 2552 748 2627 δηλονότι
772 2553 894 2630 διώκων,
921 2552 936 2612 ἀ

152 2644 217 2724 προς
231 2647 303 2722 ἡμᾶς
316 2645 346 2704 οὗ
363 2643 428 2724 πρδς
443 2643 474 2703 rb
485 2653 598 2722 πρᾶγμα
615 2642 695 2722 μέσον
712 2641 780 2702 ἐστί.

193 2731 276 2792 'ltal
298 2739 388 2792 τοῦτον
406 2731 451 2790 τὸν
470 2731 566 2812 τρόπον
588 2741 662 2791 πᾶσα
676 2731 809 2808 ἐπιστήμη
823 2729 853 2788 τὸ
872 2731 935 2789 ’ίδιον

155 2815 230 2896 ἔργον
244 2821 331 2886 καλῶς
350 2821 483 2879 ἀποτελεῖ.
527 2821 578 2879 Διά
593 2825 670 2878 τοῦτο
686 2818 733 2877 καί
749 2819 877 2890 εἰώθαμεν
892 2817 933 2876 λέ-

154 2925 207 2981 γειν
232 2907 258 2961 ἐν
272 2913 324 2972 τοῖς
346 2897 373 2964 εὖ
401 2904 492 2984 έχουσι
505 2910 558 2965 τῶν
579 2903 673 2984 ἔργων,
693 2903 733 2962 ὅτι
754 2901 813 2962 οὔτε
830 2906 934 2981 ἀφελεῖν

153 2994 232 3062 ἐστιν,
247 2991 307 3052 ούτε
320 2999 479 3073 προσθεῖναι·
491 2992 636 3060 δεικνύντος
647 2993 687 3050 ὅτι
703 2989 748 3050 καί
759 2990 806 3062 τὴν
818 2990 935 3070 ὑπερὸο-

153 3079 202 3152 λήν
224 3080 320 3157 ὁμοίως
345 3081 389 3139 καί
414 3083 460 3152 τὴν
480 3081 595 3161 ἔλλειψιν
619 3079 723 3160 φεύγει,
747 3082 782 3145 ὡς
809 3083 861 3136 τῶν
885 3079 932 3155 μέν

153 3169 354 3250 διαφθειρουσιῖιν
370 3169 399 3228 τὸ
413 3175 465 3230 τῶν
477 3169 561 3249 ἔργων
575 3168 686 3247 ἀγαθόν,
701 3171 748 3238 τῆς
765 3167 793 3225 δέ
816 3167 928 3244 μεσότη-

152 3281 195 3325 τος
213 3257 293 3334 μύνης
309 3258 453 3332 σωζούοης.
478 3259 555 3319 Ἐπεί
570 3258 598 3316 δὲ
613 3262 630 3329 ἡ
644 3254 725 3338 ἀρετ-λ,
737 3255 823 3327 πάσης
837 3253 933 3333 τέχνης

153 3348 328 3429 ἀκριὸεστέρα
341 3349 388 3408 ital
405 3348 521 3425 ἀμείνων
535 3349 608 3421 ἔστί,
622 3346 740 3423 καθάπερ
755 3341 800 3402 καί
818 3346 832 3413 ἡ
847 3343 933 3422 φύσις,

153 3436 183 3496 τὸ
197 3441 277 3514 μέσον
295 3437 326 3495 ἀν
348 3439 393 3497 καὶ
410 3439 476 3508 αύιη
492 3438 616 3508 σκοποίη.
640 3432 747 3515 Ἀρετὴν
771 3432 798 3490 δὲ
820 3427 889 3509 λέγω
904 3432 934 3490 ού

151 3525 200 3594 τὴν
226 3524 410 3603 διανοητικήν,
436 3523 543 3605 (ἄλλως
563 3521 660 3604 γάρτδ
682 3523 742 3581 κατ’
757 3517 838 3590 αὐτὴν
865 3517 934 3598 ἔχει)

152 3611 222 3671 ἀλλά
235 3612 393 3684 τὴνήθικήν·
405 3610 472 3685 αύτη
485 3612 535 3690 γοίρ
548 3613 604 3670 ἐστι
618 3608 678 3690 περὶ
692 3609 763 3678 πύθη
775 3607 821 3666 καὶ
830 3605 934 3716 adelber<
979 3681 1061 3718 mores
1074 3666 1182 3732 pertinet
1198 3683 1203 3714 :
1221 3666 1276 3716 haec
1293 3664 1358 3715 enim
1367 3663 1393 3712 in
1405 3659 1633 3726 perturbationibus
1648 3661 1724 3720 alque
1735 3671 1764 3704 a.

152 3699 169 3757 ἃ
181 3699 227 3758 καί
237 3700 320 3758 πλείω
334 3699 380 3760 καί
392 3701 473 3777 μείζω
484 3706 529 3760 τοῦ
542 3701 642 3767 δέοντος
654 3698 700 3757 καί
712 3698 814 3756 έλύττω
825 3697 933 3756 δυνατον

151 3779 229 3850 εἶναι.
245 3789 301 3850 Kal
315 3790 359 3847 διδι
372 3797 447 3848 τοῦτο
459 3789 504 3847 καί
517 3791 548 3848 τὸ
563 3787 618 3848 δέον
636 3787 706 3847 ἐστίν
722 3789 748 3844 έν
763 3787 868 3857 αὐτοῖς,
887 3787 934 3855 δη-

150 3878 236 3937 λονότι
253 3875 357 3936 τδίσον.
373 3877 488 3956 Kal-scip
503 3877 618 3935 ἐστικαὶ
634 3872 795 3956 φούηθῆναι,
813 3872 858 3932 καί
870 3875 934 3954 θαρ-

153 3969 248 4047 ρῆσαι,
265 3965 312 4023 καὶ
326 3969 501 4042 ἐπιθυμῆσαι,
517 3965 562 4023 καί
574 3967 698 4042 μισλσαι,
713 3961 759 4019 καί
771 3963 933 4039 ὀργισθῆναι,

151 4053 196 4114 καί
209 4057 334 4126 ἐλεῆσαι,
347 4051 392 4111 καῖ
407 4053 473 4120 ὅλως
485 4058 597 4125 ἡσθῆναι
613 4050 658 4110 καί
674 4051 822 4120 λυπηθῆναι
832 4051 934 4122 μᾶλλον

979 1064 1090 1114 senarius
1111 1077 1229 1114 numerus
1250 1063 1347 1114 medius
1365 1064 1429 1112 iuter
1450 1062 1579 1112 denarium
1601 1067 1624 1112 et
1638 1063 1761 1112 binarium

979 1157 1025 1211 est,
1039 1137 1176 1216 utpote'qui
1185 1153 1314 1216 aeqaraliter
1323 1155 1347 1202 ct
1359 1156 1459 1215 superat
1469 1155 1494 1202 et
1507 1156 1657 1215 superatur:
1670 1153 1761 1216 quippe
1786 1207 1790 1214 ,

979 1241 1011 1290 ab
1025 1241 1084 1305 ipsis
1094 1242 1167 1290 rebus
1179 1240 1317 1290 differentia
1328 1241 1435 1290 sumitur
1450 1259 1457 1290 ι
1471 1246 1583 1304 respectu
1601 1255 1660 1290 vero
1674 1241 1759 1298 nostri,

979 1344 1085 1392 quuma
1105 1330 1174 1379 uobis
1194 1330 1350 1378 mediocritas
1370 1329 1481 1392 itemque
1503 1330 1606 1378 niiuium
1630 1335 1653 1378 el
1675 1343 1761 1392 purum

980 1418 1095 1467 sumitur.
1109 1420 1141 1466 Ul
1153 1418 1173 1467 si
1185 1419 1225 1467 cui
1238 1418 1323 1468 decem
1345 1417 1420 1468 libras
1443 1417 1571 1467 conradere
1589 1417 1692 1466 nimium
1713 1417 1759 1474 sit.

979 1505 1042 1554 duas
1060 1520 1155 1570 parum,
1167 1507 1270 1556 nouerit
1284 1521 1381 1557 necesse
1396 1506 1505 1556 medium
1520 1520 1651 1555 numerum
1666 1506 1760 1555 seruari

980 1599 1055 1658 alque
1072 1608 1129 1643 eum
1148 1595 1243 1659 corpori
1262 1595 1404 1658 convenire;
1422 1595 1473 1644 lieri
1489 1595 1553 1644 cuim
1563 1599 1653 1658 potest,
1675 1597 1700 1642 ut
1716 1597 1761 1643 aut

979 1683 1063 1747 plures
1079 1682 1202 1733 sufficiant
1217 1687 1262 1733 aut
1273 1685 1408 1748 pauciores.
1428 1688 1550 1746 despectu
1568 1697 1625 1746 crgo
1638 1684 1672 1732 rei
1685 1683 1763 1747 ipsius

980 1794 1024 1830 sex
1035 1779 1105 1830 librae
1119 1780 1229 1830 medium
1241 1779 1361 1844 quiddam
1376 1782 1449 1829 emnt
1464 1781 1490 1827 et
1498 1778 1602 1840 aequale,
1614 1775 1692 1826 nostri
1703 1789 1763 1826 vero

981 1872 1074 1933 septem
1088 1869 1193 1920 tortasse
1214 1869 1254 1920 vel
1268 1869 1387 1933 quiaque,
1410 1870 1471 1932 quot
1487 1867 1605 1916 nlmimm
1619 1879 1708 1931 corpus
1718 1879 1764 1930 po·
1825 1850 1830 1859 ¹

980 1955 1066 2005 stulat.
1082 1956 1179 2005 Etenim
1197 1968 1241 2004 sex
1259 1954 1309 2004 illm
1321 1955 1421 2018 Miloni,
1439 1959 1526 2019 ulpole
1538 1955 1599 2006 satis
1619 1955 1762 2014 exercitato,

980 2057 1069 2108 parum
1081 2043 1192 2094 alimenti
1207 2047 1288 2103 emat,
1301 2043 1434 2108 pluresque
1445 2044 1468 2093 ei
1481 2043 1601 2108 praebebit
1616 2043 1704 2107 aliptes
1718 2061 1725 2092 ι
1740 2043 1764 2094 ei

980 2145 1039 2183 rem
1056 2132 1098 2196 qui
1108 2132 1217 2196 prbnnm
1228 2136 1367 2190 exercetur,
1378 2131 1496 2180 multum.
1512 2131 1631 2181 simililer
1643 2130 1719 2181 etlam
1730 2130 1762 2180 de

981 2233 1056 2268 cursu
1070 2221 1095 2268 et
1107 2219 1174 2268 lucta
1189 2216 1362 2268 sentiendum:
1376 2230 1433 2265 nam
1446 2219 1472 2266 et
1487 2217 1511 2266 iu
1523 2215 1562 2266 his
1575 2227 1608 2266 ex
1618 2229 1705 2265 eorum
1717 2215 1764 2278 qui

980 2310 1128 2358 exercentur
1139 2309 1229 2356 natura
1246 2305 1343 2370 aequale
1351 2304 1499 2368 judicamus.
1518 2305 1568 2354 sed
1584 2303 1764 2367 etquicunque

980 2394 1116 2459 discipilum
1133 2395 1239 2458 abanim
1256 2393 1370 2458 princeps
1391 2395 1443 2452 est,
1458 2391 1655 2442 mediocritatem
1672 2389 1764 2456 quaerit

981 2496 1085 2546 semper,
1095 2483 1199 2532 nimium
1213 2484 1239 2532 et
1249 2495 1338 2546 parum
1349 2479 1422 2544 fugit,
1434 2479 1639 2538 mediocritatem,
1650 2478 1762 2543 inquere,

980 2587 1029 2623 uon
1040 2572 1084 2632 rei,
1097 2572 1142 2622 sed
1153 2585 1209 2622 eam
1220 2583 1278 2636 quae
1291 2570 1364 2620 nobis
1376 2571 1415 2620 est
1423 2568 1590 2620 mediocritas

1011 2743 1094 2806 Atque
1103 2741 1151 2791 boe
1163 2739 1265 2805 quidem
1276 2737 1351 2789 modo
1370 2737 1450 2788 omnis
1463 2737 1566 2788 edentia
1581 2750 1675 2787 munus
1688 2751 1761 2788 suurn

980 2823 1063 2886 explet
1081 2826 1107 2873 et
1128 2822 1243 2873 absolvit.
1257 2823 1413 2886 Quapropter
1427 2834 1502 2884 opera
1523 2820 1620 2871 affabre
1640 2820 1707 2870 facta
1728 2822 1764 2871 ita

981 2905 1153 2955 commendare
1167 2906 1289 2964 solemus,
1312 2908 1341 2954 ut
1357 2905 1388 2954 iis
1407 2918 1488 2968 neque
1510 2903 1608 2954 detrahi
1625 2905 1764 2970 quidquam

981 3004 1061 3054 neque
1075 2990 1134 3039 addi
1146 3002 1218 3052 posse
1233 2989 1364 3038 dicamus:
1381 3002 1432 3052 quo
1447 2987 1614 3046 ostendimus,
1632 2988 1674 3036 illa
1692 2987 1723 3038 ab
1735 3001 1764 3038 eo

981 3075 1049 3140 quod
1062 3079 1100 3125 est
1115 3075 1219 3123 nimium
1232 3077 1329 3122 tantum
1343 3072 1450 3131 (lislam,
1470 3076 1592 3137 quantum
1611 3071 1642 3122 ab
1655 3086 1684 3121 eo
1696 3072 1764 3137 quod

980 3162 1018 3210 est
1027 3171 1122 3222 parum,
1134 3159 1194 3222 quia
1203 3159 1271 3208 hisce
1285 3157 1366 3206 omnis
1376 3170 1478 3220 operum
1491 3155 1610 3219 perfectio
1619 3169 1764 3219 corrumpa-

980 3243 1022 3289 tur
1035 3254 1065 3289 ac
1078 3244 1178 3304 pereat,
1194 3253 1271 3304 quam
1289 3240 1342 3289 sola
1352 3238 1511 3288 mediocritas
1525 3240 1661 3287 conservet.
1679 3240 1763 3294 Quum

980 3327 1063 3374 autem
1076 3324 1157 3373 virtus
1170 3323 1238 3372 omni
1249 3325 1303 3372 arte
1322 3322 1431 3371 linratior
1442 3325 1467 3370 et
1481 3320 1567 3370 melior
1588 3321 1628 3379 sit,
1642 3321 1765 3385 quemad·

980 3405 1082 3456 modum
1096 3409 1121 3458 et
1140 3409 1243 3465 natura,
1259 3419 1288 3455 ea
1306 3404 1416 3470 prolecto
1429 3404 1539 3454 medium
1554 3407 1655 3468 spectet.
1676 3404 1765 3454 Virtu-

980 3493 1030 3542 tem
1047 3494 1131 3542 autem
1144 3505 1193 3541 uon
1202 3491 1285 3550 illam,
1304 3505 1361 3555 quac
1371 3491 1397 3539 in
1414 3488 1562 3553 cogitatione
1572 3493 1597 3538 el
1609 3489 1704 3538 ratione
1718 3502 1764 3554 po-
1803 3487 1818 3509 *
1857 3487 1862 3496 '

980 3576 1028 3626 sita
1037 3580 1083 3635 eet,
1094 3576 1150 3626 dieo
1161 3577 1168 3640 (
1178 3577 1226 3626 alio
1236 3576 1301 3626 euim
1311 3574 1385 3624 modo
1398 3586 1425 3623 se
1436 3573 1491 3622 haec
1500 3573 1574 3622 babet
1583 3578 1600 3630 l,
1609 3572 1652 3622 sed
1662 3586 1720 3636 quaa
1731 3569 1764 3620 ad

980 3751 1104 3802 otionibus
1117 3753 1241 3812 versatur,
1256 3763 1314 3814 queo
1329 3753 1384 3797 lum
1404 3747 1486 3809 {liures
1506 3748 1532 3794 et
1553 3743 1666 3805 majores,
1688 3753 1765 3801 quam

980 3850 1019 3887 res
1030 3837 1163 3898 desiderat,
1172 3840 1227 3886 tum
1236 3833 1365 3898 pauciores
1376 3845 1429 3881 esse
1437 3830 1548 3893 possunt.
1561 3824 1684 3882 Quocirca
1695 3819 1767 3868 oliam

980 3920 1099 3970 decorum
1122 3921 1148 3969 iu
1167 3920 1198 3969 iis
1210 3918 1373 3973 collocamus,
1397 3914 1445 3963 hoe
1459 3913 1511 3970 est,
1532 3907 1636 3972 aequale.
1651 3908 1765 3968 Namque

980 4007 1005 4053 et
1020 4007 1107 4056 timere
1122 4001 1250 4060 elidere,
1266 3997 1437 4060 concupiscere
1453 3997 1478 4044 et
1487 3991 1583 4052 odisse,
1594 3990 1666 4040 irasci
1680 3991 1706 4039 ct
1715 3987 1764 4038 mi·

980 4088 1066 4150 sereri,
1090 4086 1197 4150 denique
1216 4082 1324 4148 gaudere
1343 4083 1369 4130 et
1386 4079 1469 4130 dolere
1487 4079 1570 4143 potest
1592 4075 1764 4139 unusquisque

152 4144 198 4202 real
224 4135 318 4215 ἧττον,
336 4139 382 4200 καί
402 4142 539 4222 ἀμφύτερα
555 4141 583 4199 οὗ
605 4141 702 4205 καλῶς.
724 4141 765 4198 Τὸ
785 4135 812 4194 δέ
842 4135 934 4195 παθεῖν
979 4172 1084 4224 nimium
1098 4173 1124 4222 θ,
1147 4181 1251 4236 ΡΜ
1265 4167 1491 4232 &mustumque
1509 4175 1558 4210 non
1572 4161 1646 4210 recte·
1661 4161 1764 4208 mero

152 4237 238 4290 τοιῒιτα
261 4231 366 4303 πάντα,
381 4229 424 4290 ὅτι
445 4231 500 4304 δεῖ,
522 4231 567 4288 καὶ
583 4233 617 4294 ὡς
633 4225 746 4300 δεῖ,καί
763 4227 803 4304 ἐφ’
823 4215 860 4291 οἷς
882 4227 934 4300 δεῖ,
979 4271 1030 4326 quo
1052 4259 1162 4322 tempore
1181 4251 1343 4318 “quomodo
1362 4252 1387 4300 et
1409 4251 1510 4314 propper
1525 4259 1601 4310 mam
1623 4255 1722 4293 causam
1739 4243 1764 4292 θ,

153 4319 201 4379 καὶ
213 4319 276 4399 προς
295 4318 337 4385 οοο
352 4320 408 4392 οῖ’
427 4319 472 4378 οοο
488 4309 517 4378 οο
534 4317 611 4376 οοοοο
633 4315 687 4388 οοο’
706 4314 785 4391 οοοοο
809 4313 864 4372 οοοο
888 4313 933 4372 οοο
979 4341 1071 4407 quibus
1081 4344 1106 4392 et
1117 4340 1189 4404 cujus
1205 4337 1241 4388 rei
1251 4335 1330 4400 gratia
1343 4335 1441 4398 oportet
1451 4332 1491 4382 his
1504 4329 1618 4380 omuibus
1632 4324 1765 4376 aflectibus

153 4408 268 4486 οοοοοοο·
288 4410 314 4466 οο
327 4399 379 4490 ᾧῆ
396 4405 477 4488 &iffi
499 4405 608 4486 ’ίίοῑῗοῑ-
639 4401 755 4478 Ὁμοίως
771 4400 797 4459 δὲ
818 4400 872 4480 ἔχει
887 4400 933 4460 καὶ
979 4424 1137 4483 commoveri,
1153 4422 1180 4472 id
1192 4434 1250 4472 sanc
1266 4423 1291 4470 et
1309 4417 1419 4469 medium
1434 4415 1509 4464 estet
1521 4411 1657 4475 optimum,
1673 4408 1700 4456 in
1712 4419 1763 4470 quo

152 4494 214 4576 περο
226 4497 271 4562 τοο
280 4495 492 4573 οοοοοοοοίοοοος
502 4493 553 4553 οπο
567 4495 619 4553 οοοο
629 4494 721 4549 ποοῶο
736 4488 852 4570 προίῃ(
874 4487 931 4549 οστῑ
980 4511 1061 4562 vuius
1068 4508 1187 4560 musistit.
1197 4505 1291 4556 Eadem
1299 4503 1374 4552 eliam
1384 4505 1448 4550 ratio
1456 4501 1494 4549 est
1505 4495 1643 4546 facinorum
1654 4504 1711 4540 curn
1721 4484 1764 4537 ali-

151 4583 203 4664 Υοέ
220 4585 265 4642 κοί
276 4587 302 4642 οο
317 4585 407 4649 αὐταῖς
421 4581 553 4662 &mimi
564 4627 571 4656 ι
584 4578 629 4639 καὶ
644 4577 776 4658 mullis
791 4577 836 4635 καί
852 4575 934 4654 μεσό·
978 4610 1029 4661 qua
1037 4591 1225 4660 perturbatione
1233 4589 1364 4644 sactorum
1377 4599 1433 4635 uam
1444 4583 1469 4632 iu
1484 4581 1522 4631 lais
1536 4591 1636 4644 quoque
1646 4575 1759 4630 nimium.

152 4696 209 4744 της·
225 4671 304 4733 Ἐπεὶ
316 4671 400 4731 τοίνυν
415 4675 432 4743 ἦ
445 4668 526 4749 i’iiiiii
536 4667 598 4746 περὶ
610 4667 682 4738 πάθη
695 4665 740 4726 χαλ
755 4663 863 4745 bistili
881 4687 933 4723 κα·
979 4695 1076 4747 parum.
1088 4677 1199 4728 medium
1210 4673 1340 4738 reperitur.
1353 4668 1474 4727 Quoniam
1487 4679 1543 4728 ergo
1557 4664 1583 4712 in
1595 4659 1762 4726 perturbatio-

152 4761 306 4840 τίῑῖίοῑῖίῑῑι
321 4765 373 4819 τῶν
388 4759 415 4819 δὲ
428 4762 524 4817 παθῶο
539 4757 584 4817 καλ
603 4759 655 4815 τῶν
671 4753 790 4832 πράξεων
803 4753 833 4810 τὸ
854 4751 932 4830 μέσον
980 4769 1052 4818 uibus
1064 4767 1090 4815 et
1103 4760 1241 4813 actionibus
1258 4759 1373 4808 versatur
1390 4752 1485 4807 virtus,
1505 4747 1532 4797 id
1549 4760 1608 4796 vero
1627 4742 1695 4808 quod
1709 4755 1763 4792 mc-

154 4851 196 4908 ἅῑί
212 4850 256 4909 καὶ
271 4849 430 4930 κατὸρθωμα
443 4845 598 4922 ὄνῦμᾶίεται
619 4843 665 4904 καί
680 4846 844 4918 ἐπαινεῖται,
861 4840 929 4922 ἅπερ
980 4853 1051 4904 dium
1062 4850 1088 4900 ln
1103 4840 1330 4912 perturbationibus
1342 4839 1367 4887 et
1384 4831 1523 4884 actionibus
1536 4833 1587 4926 est,
1609 4829 1706 4924 rectum
1716 4839 1762 4876 νο-

153 4939 235 5016 έμφω
247 4939 423 5018 immixti&
440 4939 533 5016 ἆρῑτῆ,
546 4934 656 5015 φανερὸν
672 4931 712 4991 ύτι
725 4930 783 4990 οὔτε
798 4928 931 5006 euspicii
978 4943 1050 4989 catur
1064 4937 1090 4986 et
1103 4929 1200 4984 laudari
1222 4927 1302 4985 solet,
1319 4936 1376 4988 quae
1395 4918 1469 4970 ambo
1488 4916 1575 5010 virtuti
1596 4913 1759 4968 conveniunt,

153 5027 213 5088 οὔτε
232 5027 359 5110 ἔλλειψις,
374 5003 442 5087 ἀλλά
455 5000 567 5102 μεσοτης
582 5021 651 5084 ἐστὶν
667 5026 685 5094 ἡ
698 5020 794 5106 ἀρετή,
808 5016 839 5075 τὸ
854 5017 932 5093 μέσον
978 5021 1081 5086 apparet
1096 5029 1143 5068 neo
1153 5011 1259 5064 nimium
1275 5021 1321 5058 uec
1333 5017 1423 5071 parum
1437 5013 1491 5052 esee
1501 5000 1634 5096 virtutem,
1650 4993 1695 5046 sed
1707 5003 1762 5044 me·

154 5117 353 5178 ἀείσκοποῦσα.
977 5105 1142 5162 diaconam,
1157 5093 1338 5165 quaemedium
1349 5083 1566 5154 semperresplut.

156 5203 1316 5252 Μ
1335 5185 1756 5219 Ἰ,,,,,,............----

185 5284 197 5313 *
212 5285 243 5334 el
253 5285 282 5342 δὴ
293 5289 364 5334 πᾶσα
377 5285 499 5347 ἐπιστήμη
514 5281 578 5331 οίίτω
589 5280 618 5329 τὸ
631 5279 702 5345 ῖργον
717 5276 744 5325 εὗ
755 5275 858 5323 ἐπιτελεῖ
869 5274 921 5322 κτλ.
