3976 5948
233 465 291 526 tot
957 448 1118 512 Nunterttt

231 596 328 655 τούτων
351 594 365 650 θ
388 587 536 667 Νουμήνιος
560 585 604 644 καλ
621 592 673 652 τοῖς
688 583 739 642 ύπδ
760 581 879 650 Μωσέως
896 583 1010 642 ἐπιτελει
1059 580 1183 662 ἀριστερὰ
1208 577 1415 658 μετατεθησεταύ
1437 600 1500 639 ποτε
1520 576 1551 638 τθ
1565 577 1603 638 όν·
1627 575 1711 638 οὐδὲιι
1731 575 1795 658 περὶ
1813 576 1844 638 τθ

232 690 315 743 σθεῑσι
328 678 484 761 παραδόξοις
498 675 635 754 θαύμασι,
652 673 698 734 καλ
716 675 786 752 αύτῷ
806 669 833 732 δέ
848 675 884 740 ῶς
901 674 1014 754 θεοφιλεῖ
1060 669 1138 748 μέσον
1159 665 1221 730 ποτέ
1249 672 1344 728 ἑαυτοῦ
1367 665 1549 740 κινηθέγσεται·
1576 665 1646 726 ἀλλὰ
1670 667 1772 744 μᾶλλον
1799 664 1845 726 καὶ

232 771 362 853 γινομένῳ
375 768 512 851 μαρτυρεῖ.
1060 759 1206 838 έστύξεται,
1217 759 1263 818 καθ
1277 757 1373 839 ἀραρός
1382 781 1410 817 τε
1420 755 1466 818 καθ
1476 757 1585 830 ἑστηκὸς
1595 754 1670 821 ἔσται
1680 753 1845 816 uertentes

274 859 434 940 (Eusebius
456 860 613 935 Praeparat.
640 852 754 927 Eveng.
779 849 831 908 lib.
857 849 897 910 tx
911 870 976 928 cap.
996 851 1013 907 8
1059 851 1121 930 ἔχον
1136 849 1177 910 ἀεὶ
1198 849 1244 908 καὶ
1258 847 1394 914 ὡσαύτως.
1440 843 1496 906 Καὶ
1513 843 1571 914 ἑξῆς
1586 846 1644 920 μεθ’
1663 842 1742 924 ἕτερα
1757 841 1846 902 ἐπιλέ-

232 953 370 1012 zebedaeo
390 945 450 1027 περὶ
475 945 593 1012 Μωσέως
614 945 679 1019 ipos
703 937 830 1020 καὶπερὶ
860 938 1014 1003 Ἰουδαίων,
1060 959 1110 1016 γει·
1126 941 1241 998 τοσαῦτα
1257 933 1304 1015 μὲν
1322 924 1366 994 σύν
1388 956 1432 1012 μοι
1450 933 1501 1014 πρὸ
1522 933 1593 992 ὁδοῦ.
1637 931 1760 1000 Aoede
1783 933 1848 991 οθκ-

234 1041 286 1100 ἀιτδ
298 1045 342 1099 τοῦ
354 1037 378 1117 γ’
392 1040 439 1108 τῆς
453 1038 532 1106 αὐτῆς
546 1032 701 1097 ὑποθέσεως.
715 1026 823 1107 Scripsi
838 1037 851 1064 ⁸
865 1027 1015 1108 μαγευτσλ]
1061 1027 1100 1088 ε’τι
1125 1024 1400 1108 σγηματισθήαομαι,
1423 1024 1476 1084 οὐδ’
1500 1023 1603 1102 ἀγνοεῖν
1617 1020 1693 1104 φήσω
1713 1020 1743 1080 τθ
1761 1020 1848 1100 ὄνομα

234 1114 531 1206 ιεοθθμαγεῖαειθ-
546 1118 748 1200 Μουσαίῳ]λιίε
764 1132 828 1176 oum
845 1116 1014 1176 codd.Nam
1061 1123 1106 1176 τού
1131 1115 1285 1194 ύσωμύτου.
1329 1113 1385 1174 Καὶ
1403 1111 1454 1194 γδιρ
1475 1111 1617 1172 κινδυνεύει
1640 1115 1685 1169 ν’ῦν
1704 1109 1755 1182 ἤδη
1772 1109 1847 1182 ἥδιον

234 1219 284 1298 qui
301 1217 338 1276 ab
352 1212 477 1275 Eusebio
492 1227 520 1272 et
540 1213 603 1272 aliis
619 1206 817 1288 scriptoribus
833 1207 936 1284 grecis
953 1208 1016 1266 Μω-
1062 1196 1128 1264 εἶναι
1141 1207 1221 1264 εἰπεῖν
1243 1205 1359 1282 μᾶλλον,
1381 1197 1399 1272 ἢ
1420 1201 1457 1280 μὴ
1473 1203 1565 1262 εἰπεῖν.
1621 1202 1675 1262 Καὶ
1690 1203 1757 1272 δῆτα
1776 1200 1848 1278 λέγω

234 1305 352 1373 σεύςνθλ
369 1308 468 1376 Μωσῆς
483 1303 546 1361 sive
561 1301 678 1370 Μωύσῆς
699 1308 944 1367 vocatur,euma
959 1292 1016 1351 Nu·
1061 1296 1090 1355 τδ
1117 1293 1199 1367 ὄνομα
1224 1297 1295 1375 αύτῷ
1318 1282 1384 1350 εἶναι
1411 1297 1487 1351 τοῦτο
1505 1291 1536 1351 τθ
1567 1291 1653 1351 πύλαι
1677 1291 1848 1370 ζητούμενον.

234 1395 329 1454 menie
345 1396 481 1454 Μουσαῖον
506 1387 650 1468 appellari
669 1397 799 1465 apparet.
822 1383 924 1461 ltaque
944 1383 1014 1440 nibil
1062 1383 1140 1444 ’titt
1157 1381 1194 1462 μὴ
1209 1379 1348 1458 γελασότω
1361 1403 1419 1455 τις,
1431 1379 1476 1439 ε’θιν
1490 1383 1544 1462 φῶ,
1557 1385 1603 1438 τοῦ
1616 1381 1760 1455 ἀσωμάτου
1778 1371 1847 1442 εἶναι

235 1486 281 1544 bic
295 1482 467 1542 mutandum
482 1482 556 1554 est..)
1062 1469 1145 1548 ὄνομα
1153 1513 1162 1544 ,
1179 1467 1327 1530 οὐσίανκαὶ
1340 1465 1380 1530 όν.
1422 1467 1456 1528 Ἣ
1473 1467 1500 1526 δέ
1515 1467 1585 1526 αἰτία
1600 1472 1645 1526 τοῦ
1657 1465 1776 1549 [ὄντος]ε
1790 1467 1850 1527 δνό-

273 1595 296 1634 u.
321 1559 443 1650 Φέρεσύν
456 1567 504 1640 θ’ση
518 1565 636 1640 δύναμις,
649 1561 780 1642 ἐγγύτατα
789 1559 853 1642 πρὸς
864 1559 894 1619 πθ
907 1559 935 1620 θν
948 1562 1014 1619 ἀνα·
1064 1557 1145 1636 ματός
1160 1562 1232 1632 ἐστι,
1248 1557 1277 1616 τθ
1292 1555 1329 1635 μὴ
1340 1556 1485 1638 γεγονέναι,
1501 1555 1567 1635 μηδὲ
1575 1555 1768 1635 φθαρήσεσθαι,
1785 1556 1848 1630 μηδ’

234 1663 357 1744 γιθμεθοι,
369 1657 415 1718 καλ
428 1657 557 1734 λέγωμεν·
570 1653 600 1712 τὸ
611 1652 639 1712 όν
658 1651 718 1711 οὔτε
733 1649 796 1710 ποτὲ
815 1639 864 1724 ἦν,
880 1646 938 1708 οὔτε
953 1647 1015 1708 ποτὲ
1063 1646 1147 1719 ἄλλην
1158 1647 1225 1725 μήτε
1240 1645 1346 1720 κένησιν
1362 1644 1494 1724 μηδεμίαν
1510 1643 1678 1724 ἐνδέχεσθαι,
1694 1642 1784 1722 μήτεί
1799 1666 1849 1720 με·

236 1752 273 1829 μὴ
290 1749 396 1829 γένηται
409 1755 433 1824 ⁸,
446 1741 503 1804 ἀλλ’
521 1740 590 1801 ἔστιν
605 1741 646 1799 σἰελ
660 1744 687 1800 ἐν
701 1738 789 1820 χρόνῳ
806 1737 962 1818 ὡρισμένῳ,
979 1740 1016 1818 τῷ
1062 1735 1178 1810 ταόολλν
1187 1735 1298 1816 κρείττω
1311 1734 1328 1808 ἢ
1340 1735 1453 1817 φαύλην·
1471 1724 1537 1793 εἶναι
1549 1732 1575 1791 δὲ
1588 1733 1687 1792 ἁπλοῦν
1703 1732 1749 1792 κοιλ
1765 1735 1847 1792 ἀναλ-

236 1841 360 1900 ένεστῶτι
378 1835 460 1914 μόνῳ.
503 1833 602 1892 Τοῦτον
618 1827 664 1906 μὲν
684 1819 728 1887 σύν
744 1827 787 1886 τὸν
802 1828 932 1885 ἐνεστῶτα
948 1825 1017 1893 εἴτις
1056 1825 1189 1902 Υλοέωτον,
1213 1825 1259 1883 καὶ
1275 1828 1301 1885 έν
1315 1823 1373 1904 ἰδέᾳ
1392 1828 1424 1904 τῇ
1444 1825 1526 1901 αὐτῇ,
1550 1820 1596 1882 καὶ
1613 1819 1680 1898 μήτε
1700 1817 1850 1882 ἐθελούσιον

237 1927 318 1989 θθέλει
334 1927 422 1985 καλεῖν
438 1925 531 1994 αἰῶνα,
546 1915 621 1997 κάγὼ
634 1914 806 1994 συμθουλεύω
820 1917 842 1975 θ.
854 1913 908 1974 Τὸν
924 1914 951 1973 δὲ
965 1939 1016 1974 πα·
1064 1915 1214 1984 ἐξίστασθαι
1235 1917 1281 1986 τῆς
1304 1912 1477 1986 ταύτότητος,
1499 1911 1560 1990 μήθ’
1575 1909 1620 1989 ὑφ’
1640 1907 1729 1990 ἐτέρου
1744 1931 1852 1988 προσα-

237 2016 361 2100 ρελθόντα
375 2011 469 2096 χρόνον
489 2008 586 2069 οἴεσθαι
595 2005 648 2087 χρὴ
663 2010 733 2083 ἡμᾶς
748 2006 825 2064 διαπι
847 2003 951 2082 ευγότα,
967 2005 1017 2078 ἤδη
1063 2005 1249 2083 ναγκοίζεσθαι.
1298 2001 1371 2084 Ἔφη
1387 1999 1470 2060 δὲκαὶ
1484 2004 1498 2060 ὁ
1520 1998 1634 2059 Πλάτων
1647 2003 1672 2060 ἐν
1694 2001 1851 2082 Κρατύλῳ,

237 2103 452 2187 διαπεφευγέναι,
470 2095 677 2176 ἀποδεδρακέναι
687 2117 715 2152 τε
731 2094 766 2160 εἰς
782 2091 812 2152 τὸ
824 2028 889 2151 daea
913 2093 1017 2171 μηκέτι·
1064 2091 1097 2154 τθι
1121 2091 1238 2170 ὀνόματα
1262 2089 1386 2168 θμοιόισει
1418 2093 1471 2149 τῶν
1498 2086 1663 2170 πραγμάτων
1689 2079 1756 2147 εἶναι
1783 2090 1851 2150 αὐτὰ

238 2198 254 2258 ὅ
273 2223 302 2257 τε
327 2185 361 2255 σύ
378 2192 480 2271 μέλλων
496 2186 552 2246 ἔστι
579 2185 625 2262 μὲν
645 2181 760 2260 οὐδέπω,
783 2179 973 2260 ἐπαγγέλλεται
990 2181 1017 2242 δὲ
1064 2181 1177 2243 ἐπέθετα.
1199 2181 1292 2242 Ἔστω
1307 2169 1351 2240 σύν
1366 2179 1412 2239 καὶ
1433 2178 1546 2238 διδόσθω
1560 2168 1628 2238 εἶναι
1642 2179 1672 2254 tq
1692 2175 1720 2238 όν
1735 2178 1767 2240 σθ
1784 2179 1853 2240 ἅσῶ-

238 2279 290 2354 οἶός
306 2309 334 2344 τε
357 2283 461 2343 ἔσεσθαι
480 2276 549 2349 ἥξειν
572 2277 607 2340 εἰς
624 2271 654 2331 τὸ
671 2261 747 2332 εἶναι.
791 2267 894 2330 Ούκουν
917 2279 927 2306 ⁰
952 2270 1019 2338 εἰκός
1065 2296 1158 2350 ματον.
1203 2262 1668 2346 Εἶθ’θποκοιταόδςέπιλέγιι·τθδν
1685 2259 1761 2328 εἷπον
1777 2267 1850 2328 ὰσώ.

238 2383 307 2440 ἔστιν
323 2371 360 2432 ἐνί
381 2393 411 2450 γε
433 2366 523 2447 τρόπῳ
541 2361 654 2440 νομίζειν
668 2359 698 2420 τθ
722 2360 749 2420 δν
764 2359 823 2432 ἤτοι
838 2359 874 2437 μὴ
896 2351 1017 2434 εἷναι,ἣ
1066 2363 1255 2439 ματον,τοῦτο
1275 2356 1301 2416 δὲ
1327 2347 1394 2416 εἶναι
1418 2355 1565 2428 τδνοητόν.
1609 2355 1653 2416 Τθι
1675 2355 1722 2434 μὲν
1740 2348 1784 2416 oda
1804 2359 1853 2416 λε-

239 2457 379 2538 maximia
395 2455 514 2534 μηδέπω.
558 2449 645 2511 Ὥστε
661 2447 752 2508 τούτου
769 2471 798 2526 γε
808 2446 889 2516 οθτως
903 2450 1015 2528 λεγομέ-
1064 2448 1177 2529 Ι,γθέντα,
1197 2447 1246 2506 ὅσα
1262 2446 1434 2524 μνημονεύειν
1452 2443 1509 2504 ἔστι
1524 2469 1586 2523 μοι,
1601 2449 1710 2504 τοιαῦτα
1726 2451 1789 2524 γοῦν
1805 2437 1850 2519 ἦν.

238 2525 282 2612 'aaa
302 2550 327 2610 ἓν
340 2545 438 2627 γένεταύ
449 2569 473 2604 τι
488 2545 513 2602 έν
530 2543 567 2618 τῷ
585 2539 654 2621 λόγῳ
670 2537 738 2615 μέγα
753 2536 894 2610 ἀδύνατον,
912 2528 979 2596 εἶναί
989 2563 1017 2598 τε
1065 2535 1118 2596 'lla
1133 2536 1157 2594 δ’
1177 2537 1349 2608 ἐπιζητοῦντα
1365 2533 1408 2594 τδν
1425 2533 1502 2612 λόγον
1522 2542 1536 2579 ⁸
1558 2533 1638 2595 ἐθέλω
1652 2535 1854 2616 παραμυθήσα-

237 2645 302 2716 θμοῶ
316 2632 425 2708 ταύτθν,
439 2630 483 2694 καὶ
499 2617 623 2706 μὴεῖναι.
667 2629 700 2686 Εἴ
715 2623 835 2692 ttetzae
850 2625 1017 2710 ἔχει,σγσλῇ
1065 2631 1143 2700 σθαι,
1177 2625 1281 2684 τοσόνδε
1318 2621 1454 2696 ύπειπιθν,
1478 2621 1519 2682 ότι
1543 2629 1625 2684 ταῦτα
1658 2632 1710 2692 τοῖς
1738 2623 1854 2703 δόγμασι

238 2731 263 2806 γ’
277 2729 307 2788 ἂν
320 2727 384 2788 ἄλλο
397 2747 420 2782 τι
436 2711 501 2780 εἶναι
517 2717 629 2788 δύναιτο,
645 2721 690 2775 ποθ’
705 2713 776 2778 ὄντος
791 2714 872 2774 αὐτοῦ
891 2715 928 2792 μὴ
944 2717 1017 2786 ὄντος
1064 2721 1109 2775 τοῦ
1142 2713 1301 2785 Πλούτωνος,
1332 2715 1354 2772 ελ
1384 2715 1421 2791 μὴ
1448 2711 1604 2790 συμθαῖνει,
1631 2713 1689 2770 ἀλλ’
1713 2707 1804 2794 ἑτέρου
1829 2715 1853 2792 γ’

239 2816 307 2876 κατὰ
329 2813 392 2872 αὐτὸ
407 2809 490 2869 τθόν.
533 2805 573 2866 Τὸ
589 2804 641 2886 γὰρ
667 2802 695 2864 δν
713 2797 797 2860 ἀΐδιόν
818 2826 846 2860 τε
869 2802 1018 2884 βέύαιόντέ
1063 2807 1143 2884 ἐχρῆν
1170 2801 1269 2863 οἴεσθαί
1290 2824 1358 2870 τινος
1376 2800 1467 2881 ἀνδρὸς
1489 2800 1625 2881 μεγάλου,
1644 2800 1714 2878 μέγα
1732 2803 1852 2882 δυναμέ-

239 2902 372 2977 testata
391 2897 459 2958 κατδι
479 2895 574 2956 ταθτδν
597 2893 641 2952 καὶ
663 2889 772 2964 ταύτόν,
799 2889 844 2950 καλ
859 2889 916 2948 otta
930 2889 1018 2967 γέγονε
1064 2903 1131 2966 rob,
1161 2889 1215 2952 οἵου
1238 2889 1403 2970 Πυθαγόρου.
1448 2890 1526 2967 Λέγει
1554 2893 1616 2968 γοῦν
1641 2892 1770 2952 Πλάτων
1794 2891 1853 2974 φέρι

240 2991 304 3069 μέν,
332 2987 429 3069 ἐφθάρη
445 2985 472 3043 δέ
482 2985 557 3062 ,οὐδ’
575 2978 749 3060 λμεγεθύνατο
764 2978 830 3058 μέν,
851 2978 965 3056 έμειιύθη
982 2977 1017 3036 δέ·
1065 2981 1226 3058 ἀναμνησθῶ
1247 2981 1302 3046 πῶς
1316 2977 1394 3056 λέγει·
1412 2977 1448 3038 Τί
1468 2978 1498 3037 τὸ
1518 2977 1546 3038 δν
1562 2977 1618 3052 ἀεί,
1635 2980 1734 3058 γένεσιν
1763 2980 1854 3042 dentix

238 3079 296 3138 ούδὲ
313 3076 350 3154 μὴ
364 3072 464 3153 ἐγένετό
479 3095 520 3128 πω
531 3073 635 3143 πλεῖον,
651 3064 667 3138 ἢ
683 3065 805 3130 ἔλασσον.
851 3067 903 3128 Καὶ
920 3065 966 3143 μὲν
986 3065 1018 3136 δὴ
1064 3069 1142 3150 ἔχον,
1157 3071 1202 3128 καὶ
1216 3067 1242 3127 τέ
1264 3067 1293 3128 τὸ
1314 3070 1449 3146 γινόμενον
1465 3069 1532 3146 μέν,
1556 3065 1586 3127 δν
1608 3069 1636 3128 δὲ
1658 3068 1781 3128 οὐδέποτε
1795 3092 1805 3149 ;
1822 3072 1852 3130 τὸ

238 3167 271 3226 τό
286 3188 313 3223 τε
326 3165 393 3223 ἄλλα
408 3159 453 3221 καὶ
468 3157 525 3219 οὐδὲ
537 3160 650 3226 τοπικῶς
662 3155 839 3230 κινηθήσεται.
884 3153 953 3214 Οὐδὲ
966 3153 1017 3234 γθιρ
1065 3157 1112 3235 μὲν
1136 3157 1168 3231 δὴ
1184 3157 1272 3229 νοήσει
1288 3156 1355 3234 μετὰ
1374 3156 1452 3234 λόγου
1468 3157 1643 3238 περιληπτόν,
1657 3157 1686 3216 τό
1702 3159 1723 3218 δ’
1742 3149 1776 3217 αθ
1788 3159 1852 3238 δόξῃ

239 3253 311 3330 θέμις
325 3252 396 3331 αὐτῷ
411 3253 564 3322 κινηθῆναι,
586 3245 643 3306 οὐδὲ
660 3243 707 3324 μὲν
722 3243 822 3318 ὀπίσω,
836 3242 895 3304 οὐδὲ
916 3241 1015 3323 πρόσω·
1065 3244 1132 3322 μετὰ
1144 3245 1289 3318 αἰσθήσεως
1298 3247 1393 3325 ἀλόγου
1407 3245 1549 3320 δοξαστόν,
1564 3243 1697 3324 γινόμενον
1709 3243 1755 3306 καὶ
1766 3249 1852 3306 ἀπολ-

238 3342 297 3401 ούτε
324 3337 547 3408 οἷνωποτέ,οθτε
566 3337 647 3394 κάτω·
673 3336 726 3394 οὐδ’
747 3338 783 3402 εἰς
802 3333 957 3405 δεξιό,οθδ’
982 3336 1016 3398 εἷς
1063 3333 1185 3412 λύμενον,
1199 3335 1278 3401 ὅντως
1295 3333 1322 3393 δὲ
1337 3335 1459 3394 οὐδέποτε
1472 3333 1510 3395 όν.
1554 3333 1850 3416 Ἠρετογόρ,τέέστι

269 3568 291 3614 9.
316 3565 366 3625 ago
379 3573 445 3620 vero,
462 3557 492 3607 ad
507 3557 566 3607 illud
579 3556 644 3620 quod
659 3559 705 3613 est,
720 3557 839 3620 quantum
853 3555 911 3606 lieet
925 3555 1017 3620 aspire-
1066 3555 1125 3606 illud
1149 3570 1193 3608 ens
1208 3560 1343 3607 retrorsum
1361 3559 1405 3608 aut
1422 3570 1510 3622 porro,
1530 3571 1629 3608 sursum
1653 3560 1697 3608 eut
1714 3558 1850 3616 deorsum.

238 3667 293 3704 rous
308 3670 314 3702 ι
330 3649 477 3712 omninoque
493 3645 654 3706 affirmemus,
670 3643 736 3708 quod
748 3647 794 3702 ost,
812 3644 838 3694 id
852 3658 931 3708 noque
942 3644 1014 3694 luisse
1064 3646 1221 3696 dextrorsum
1242 3649 1285 3697 aut
1299 3646 1470 3698 sinistrorsum
1484 3649 1578 3698 moveri
1592 3659 1701 3712 unquam
1718 3648 1759 3698 rel
1772 3651 1852 3699 trans·

238 3755 359 3806 unquam,
377 3751 458 3802 neque
474 3749 581 3802 unquam
603 3735 715 3785 futurum
728 3747 799 3795 esse,
811 3735 838 3784 et
848 3737 913 3784 stato
926 3733 1020 3784 dunta·
1065 3734 1123 3785 terri
1141 3753 1146 3784 :
1161 3749 1190 3786 ac
1203 3749 1234 3786 ne
1247 3736 1312 3786 eirea
1331 3736 1440 3787 mediam
1455 3736 1557 3800 quidem
1572 3736 1611 3786 sai
1625 3737 1722 3800 partem
1738 3751 1853 3801 unquam

238 3837 281 3882 τοι
292 3827 456 3896 praesentique
470 3829 581 3890 tompore
596 3836 693 3888 semper
704 3837 767 3874 esse.
803 3821 874 3881 Quod
887 3835 944 3872 seno
958 3826 1019 3872 tem·
1064 3825 1225 3876 movebitur:
1241 3825 1285 3876 sed
1301 3824 1405 3876 haerebit
1426 3825 1546 3890 potiuset
1565 3825 1696 3876 immotum
1716 3827 1793 3889 atque
1812 3827 1852 3876 ia·

238 3935 283 3986 pos
295 3920 343 3970 hoo
358 3917 431 3970 modo
441 3929 550 3982 praesens
565 3915 586 3965 si
602 3913 659 3977 quis
672 3913 838 3964 eternitatem
854 3913 936 3963 dicere
949 3911 1019 3973 velit,
1065 3927 1212 3966 concussum
1231 3929 1274 3979 per
1289 3928 1315 3965 se
1336 3928 1432 3980 semper
1446 3915 1582 3979 eademque
1603 3917 1698 3966 ratione
1716 3916 1850 3967 constabit.

237 4023 276 4058 mo
293 4007 392 4070 quidem
405 4003 537 4055 auetoreid
550 4001 633 4052 iaciat.
667 4003 698 4050 lt
712 4014 772 4052 reto
792 4003 889 4064 tempus
911 4000 1021 4065 preteri-
1065 4004 1853 4069 ldemautemdeinoepsinterjectisnonnutlisitasoriblt:atque

237 4101 290 4147 tum
302 4094 424 4157 ejusmodi
435 4107 481 4143 nos
498 4091 641 4142 existimare
662 4091 785 4151 convenit,
798 4090 924 4156 quodiam
938 4093 1020 4141 trans·
1065 4095 1118 4144 bano
1131 4093 1263 4157 legentium
1276 4093 1301 4143 in
1318 4107 1390 4144 usum
1409 4094 1583 4144 mibidioentla
1597 4095 1690 4160 putavi.
1722 4097 1779 4145 tam
1793 4107 1853 4144 νοιυ

239 4187 337 4236 reatum
352 4183 384 4232 sit
397 4185 473 4246 atque
492 4181 527 4230 ite
547 4179 652 4238 abierit,
669 4183 696 4229 ut
710 4179 808 4242 penitus
824 4193 878 4230 esse
895 4179 996 4230 desierit
1013 4199 1018 4228 :
1065 4182 1177 4247 depositae
1199 4183 1267 4233 omni
1276 4183 1447 4246 simulatione,
1468 4197 1539 4234 nosse
1553 4197 1592 4234 me
1612 4184 1749 4248 incorporei
1761 4197 1853 4234 nomen

238 4275 349 4324 futurum
362 4273 453 4330 autem,
470 4267 536 4334 quod
550 4267 658 4316 nondum
674 4268 715 4328 sit,
725 4267 826 4318 temetsi
837 4268 900 4318 bano
914 4269 1021 4332 speeiem
1065 4273 1169 4334 ingenue
1183 4273 1332 4334 confitebor3
1350 4287 1428 4338 quum
1447 4275 1472 4325 id
1488 4289 1554 4324 nunc
1569 4275 1668 4338 quidem
1687 4277 1850 4340 pronuntiare

237 4367 262 4414 ot
280 4355 635 4418 rimbabeat‚utaliquando
651 4357 702 4406 lore
722 4355 843 4406 videatur.
877 4360 941 4421 Ergo
955 4359 1021 4420 quod
1065 4361 1291 4412 suariueluturom
1305 4363 1430 4426 videatur,
1446 4377 1521 4428 quam
1542 4363 1622 4415 silere.
1656 4366 1687 4415 nt
1705 4377 1765 4416 sene
1787 4365 1850 4416 illud

237 4456 284 4515 ost,
302 4453 327 4502 id
341 4465 391 4502 uno
409 4449 546 4511 eodemque
558 4445 631 4497 modo
644 4445 683 4496 rel
697 4460 746 4496 non
762 4459 825 4508 osse,
846 4448 886 4500 vel
901 4463 948 4499 non
964 4464 1018 4500 am·
1065 4449 1158 4516 ipsum,
1169 4450 1200 4501 de
1211 4451 1318 4514 quojem
1331 4451 1426 4502 dudum
1441 4453 1569 4516 queritur,
1589 4453 1613 4504 oi
1625 4467 1778 4505 nomenesse
1790 4467 1853 4505 eon·

237 4542 310 4608 plius,
327 4540 366 4592 vel
392 4539 502 4590 noudum
527 4548 600 4599 esse,
615 4534 806 4598 haudquaquam
829 4537 957 4602 aredi-par
973 4543 1019 4590 est.
1064 4538 1147 4590 tendo.
1180 4537 1228 4588 Sed
1248 4553 1279 4589 ne
1301 4539 1380 4592 rideat
1394 4543 1538 4605 quisquam,
1558 4541 1579 4592 si
1599 4543 1736 4607 incorporei
1761 4557 1853 4595 nomen

237 4634 418 4695 Quamobrem,
434 4631 455 4680 si
471 4629 527 4694 quis
541 4628 589 4678 boe
603 4626 685 4686 dieat,
701 4625 723 4676 is
737 4641 806 4688 rem,
824 4642 881 4692 quae
895 4643 1019 4694 nunquam
1065 4629 1196 4680 essentiam
1209 4631 1234 4680 et
1252 4641 1295 4680 ens
1308 4643 1363 4682 esse
1376 4630 1469 4682 dlrero.
1503 4634 1596 4696 Nempe
1615 4631 1720 4682 nominis
1732 4633 1807 4696 huius
1821 4648 1854 4686 ea

238 4724 290 4776 deri
315 4721 407 4788 possit,
421 4718 568 4779 contendet,
594 4715 660 4766 idem
680 4729 735 4768 esse
758 4716 832 4768 simul
850 4724 875 4770 et
890 4734 938 4771 non
954 4734 1017 4772 esse.
1064 4719 1103 4768 ost
1119 4717 1285 4780 oausa,quod
1299 4731 1342 4768 ens
1356 4733 1437 4782 noque
1455 4723 1537 4770 ortum
1549 4718 1650 4782 imbuit,
1665 4734 1746 4785 neque
1762 4721 1853 4774 iuteri-

237 4813 333 4876 Quippe
347 4811 394 4860 hoo
408 4807 488 4873 posito
505 4808 580 4870 atque
596 4816 730 4866 concesso,
748 4804 789 4855 νῑκ
804 4805 869 4856 aliud
884 4807 944 4871 quid
967 4821 1021 4858 esse
1064 4805 1109 4868 bit,
1132 4820 1212 4870 neque
1233 4806 1298 4858 allud
1321 4821 1423 4872 prorsus
1443 4807 1520 4859 ullum
1539 4813 1622 4859 motus
1645 4812 1689 4860 aut
1707 4811 1856 4862 mutationis

238 4901 327 4967 poterit
337 4939 342 4962 ,
354 4899 375 4948 si
384 4899 409 4948 id
418 4897 499 4962 ipsum
506 4895 573 4959 quod
583 4898 629 4956 est,
641 4894 716 4946 etiam
725 4908 774 4958 qun
784 4895 832 4946 tale
842 4899 893 4958 est,
905 4909 953 4946 non
963 4898 1018 4948 erit.
1065 4895 1117 4946 sire
1130 4895 1238 4947 melioris
1254 4896 1306 4947 sire
1322 4897 1451 4948 deterioris
1464 4911 1542 4962 genus
1551 4897 1673 4962 admittit,
1691 4897 1735 4950 sed
1748 4899 1855 4964 simplex

238 4994 351 5053 Namque
370 5001 415 5038 ens
438 4985 614 5050 sempiternum
627 4998 657 5035 eo
673 4983 761 5036 stabile
785 4988 835 5042 est,
847 4999 923 5048 quum
934 4985 1020 5036 eodem
1064 4987 1089 5033 et
1100 4983 1253 5037 immutabile
1263 4989 1310 5046 est,
1322 4987 1348 5037 et
1358 4986 1494 5048 uniforme,
1507 5001 1586 5052 quum
1599 5001 1614 5038 a
1628 4989 1714 5038 formas
1727 5001 1781 5039 soae
1794 4990 1851 5040 uni·

237 5091 334 5142 semper
348 5077 402 5127 loeo
417 5075 532 5138 idemque
545 5074 577 5125 sit
589 5112 594 5136 ,
606 5086 687 5138 neque
704 5073 794 5124 autito
812 5072 874 5134 suit,
891 5073 918 5123 ut
931 5073 1020 5126 deinde
1065 5074 1117 5123 tate
1130 5085 1210 5137 neque
1221 5087 1268 5124 sne
1281 5077 1376 5139 sponte,
1396 5088 1441 5125 nee
1457 5075 1536 5126 aliene
1552 5075 1578 5127 ri
1597 5089 1626 5126 ao
1640 5075 1787 5128 necessitate
1798 5077 1850 5128 dis·

237 5163 366 5222 interierit,
381 5165 423 5212 aut
439 5163 512 5214 modo
526 5161 617 5222 crevit,
632 5160 706 5211 modo
718 5159 839 5218 decrerit,
855 5161 897 5209 eut
909 5160 1017 5212 nondum
1064 5163 1143 5214 cedat.
1177 5164 1326 5222 Quinetiam
1341 5165 1411 5215 Plelo
1424 5165 1450 5215 in
1463 5165 1561 5228 Gratylo
1573 5167 1671 5216 nomina
1681 5165 1756 5218 rebus
1765 5181 1780 5217 a
1789 5181 1854 5232 qun·

238 5251 316 5312 maius
328 5249 367 5298 vel
379 5249 461 5298 minus
476 5249 563 5299 evasit.
598 5247 729 5300 Enimvero
741 5261 821 5311 neque
839 5247 889 5298 alia
906 5249 958 5300 ulla
976 5264 1018 5301 re·
1064 5251 1122 5302 dam
1139 5265 1225 5304 earum
1247 5253 1407 5306 similitudine
1429 5255 1543 5317 imposita
1563 5267 1619 5306 esse
1634 5255 1727 5306 docuit.
1774 5257 1850 5318 Esto,

237 5341 303 5391 tione
313 5351 358 5389 neo
371 5339 424 5390 loeo
438 5350 545 5400 unquam
562 5337 709 5388 movebitur.
743 5341 827 5403 Neque
846 5340 912 5392 enim
925 5339 963 5391 las
977 5345 1016 5391 est
1064 5342 1211 5394 concedatur
1228 5343 1399 5408 inoorporeum
1413 5357 1467 5396 esse
1482 5343 1584 5410 idqnod
1600 5348 1646 5397 est.
1679 5345 1776 5407 Quibus
1792 5357 1853 5398 ver-
