3976 5948
225 401 265 461 'id
945 397 1140 461 SPEUSIPPI

266 551 304 590 αα.
327 528 460 608 Φρόνησις
484 524 594 604 δύναμις
620 527 745 599 ποιητικὴ
774 528 830 587 καθ’
855 529 935 602 αὐτὴν
960 533 1007 600 τῆς
1061 527 1194 610 θαρσαλέα
1218 527 1286 588 κατδ
1304 531 1350 590 τόν
1367 527 1441 610 ὀρθὴν
1462 529 1539 608 λόγον
1554 533 1708 612 φαινόμενα·
1723 534 1842 616 σωτηρία

228 617 365 700 ἀνθρώπου
388 615 562 692 εὐδαιμονίας
575 615 713 696 ἐπιστήμη
730 619 833 695 ἀγαθῶν
846 617 891 676 καὶ
914 623 1011 678 κακῶν·
1059 617 1196 696 δογμάτων
1212 617 1316 691 ἀδήλων
1336 617 1395 696 περὶ
1409 617 1443 678 τλ
1458 617 1540 678 δεινοί·
1565 619 1686 700 ἐμπειρία
1710 622 1839 704 πολέμου·

227 709 339 773 διάθεσις
361 707 421 766 καθ’
444 705 478 778 ὴν
501 703 624 786 κρίνομεν
651 705 676 765 τί
702 703 834 788 πρακτίον
862 708 906 766 καὶ
931 707 957 767 τί
982 711 1011 768 οὐ
1058 705 1110 775 ίξις
1125 705 1286 784 ίμμενητικὴ
1301 707 1394 784 νόμου.

228 792 369 876 πρακτέον.
643 833 646 840 -
1097 817 1133 857 τε.
1155 795 1315 876 Ἐγκρότεια
1341 795 1451 876 δύναμις
1469 799 1649 877 ὑπομενητικὴ
1663 799 1757 874 λύπης·
1772 807 1838 864 ἀκο-

268 903 306 944 αν.
329 879 488 955 Δικαιοσύνη
513 881 621 960 ὁμόνοια
643 885 690 953 τῆς
715 885 801 964 ψυχῆς
815 885 880 964 πρὸς
904 884 1006 963 αὑτὴν,
1057 885 1177 960 λούθησις
1201 889 1239 965 τῷ
1262 888 1331 967 ὀρθῷ
1352 889 1481 968 λογισμῷ·
1507 887 1615 964 δύναμις
1641 890 1841 972 ὐνυπέρόλητος

226 972 272 1033 καὶ
295 969 400 1038 εὐταξία
414 972 466 1029 τῶν
490 974 535 1043 τῆς
558 973 644 1052 ψυχῆς
668 975 755 1050 μερῶν
774 973 841 1052 πρὸς
857 972 961 1046 ὀλληλοί
981 997 1009 1031 τε
1057 981 1102 1036 τοῦ
1117 973 1309 1056 ὑποληφθέντος
1320 979 1358 1056 τῷ
1370 979 1439 1058 ὀρθῷ
1451 979 1582 1057 λυγισμῷ.

225 1061 271 1123 καί
291 1059 351 1139 περὶ
375 1057 487 1131 ἄλληλα·
511 1058 562 1128 έξις
583 1060 758 1140 διανεμητικὴ
786 1067 831 1122 τοῦ
849 1066 908 1122 κατ’
935 1059 1009 1130 ὐξίαν
1098 1084 1136 1126 υτ.
1160 1063 1313 1143 Αὐτόρκεια
1344 1064 1475 1138 τελιιόιης
1499 1065 1617 1138 κτήσεως
1646 1067 1761 1146 ἀγαθῶν·
1786 1069 1840 1138 ἕξις

224 1153 337 1232 έκόστιρ·
353 1147 404 1217 sto<
424 1153 484 1209 καθ’
499 1149 532 1222 ὴν
553 1154 567 1209 ὑ
583 1149 652 1232 έχων
666 1151 847 1234 προαιρετικός
871 1153 929 1212 ἐστι
951 1154 1004 1209 τῶν
1056 1157 1113 1214 καθ’
1128 1154 1160 1226 ὴν
1175 1155 1199 1213 ot
1214 1151 1318 1234 ίχοντες
1333 1155 1406 1214 αὐτοὶ
1420 1159 1506 1217 αὑτῶν
1517 1156 1655 1237 ἄρχουσιν.

224 1240 386 1326 φαινομένων
404 1241 476 1319 αὐτῷ
498 1239 616 1299 δικαίων·
640 1240 692 1310 ἕξις
717 1245 744 1300 έν
767 1242 816 1322 βίιρ
840 1239 921 1316 νόμου
936 1239 1005 1312 ὑπή·
1096 1265 1132 1304 ns.
1155 1243 1302 1304 Ἐπιείκεια
1324 1244 1433 1304 δικαίων
1448 1245 1494 1304 καί
1518 1245 1704 1325 συμφερόντων
1721 1247 1839 1308 ἐλάττω-

224 1355 291 1401 κοος·
306 1333 394 1404 ἰσότης
407 1327 558 1401 κοινωνικὴ·
576 1329 627 1398 ἵξις
641 1330 790 1409 ὑπηρετικὴ
811 1332 892 1410 ὀρθῶν
908 1329 1005 1406 νόμων.
1056 1353 1104 1398 εις·
1126 1331 1263 1412 μετριότης
1281 1334 1307 1392 έν
1325 1332 1503 1411 συμόολαίυις·
1522 1333 1627 1403 εὐταξία
1641 1335 1751 1417 ψυχῆςθ
1765 1339 1837 1418 λσγι-
1882 1355 1886 1364 “

267 1443 305 1483 ut.
329 1418 491 1502 Σωφροσύνη
515 1417 654 1497 μετριότης
672 1423 718 1491 τῆς
733 1423 820 1502 ψυχῆς
840 1417 900 1500 περί
914 1417 960 1484 τδς
982 1421 1007 1477 ἐν
1055 1425 1146 1492 στικὴς
1158 1420 1221 1502 πρὸς
1235 1422 1268 1482 sd
1281 1418 1349 1480 καλύ
1361 1420 1407 1481 καί
1423 1421 1533 1502 αἰσχραί.

225 1514 292 1590 αὐτῇ
308 1508 377 1570 κατὰ
395 1508 472 1591 φύσιν
486 1506 641 1585 γιγνομένας
655 1509 793 1585 ἐπιθυμίας
805 1534 834 1570 τι
846 1508 892 1567 καί
904 1507 1007 1581 itote·
1095 1531 1133 1570 νο.
1158 1509 1293 1590 Καρτερία
1317 1509 1436 1588 ὑπομονὴ
1462 1511 1549 1582 λύπης
1572 1511 1648 1571 ένεκα
1672 1519 1718 1572 τοῦ
1740 1519 1835 1575 καλοῦ·

224 1599 388 1679 εὐαρμοστία
408 1599 454 1658 καί
478 1595 586 1665 εὐταξία
598 1601 686 1678 ψυχῆς
699 1599 763 1676 πρὸς
777 1599 824 1666 τας
842 1597 912 1658 κατθι
926 1597 1005 1679 φύσιν
1055 1598 1173 1678 ὑπομονὴ
1188 1598 1274 1658 πόνων
1289 1597 1366 1658 ἕνεκα
1381 1603 1428 1658 τού
1443 1601 1532 1658 καλοῦ.

222 1691 317 1766 ἡδονὰς
333 1689 378 1750 καί
399 1687 493 1754 λύπας·
512 1685 651 1767 συμφωνία
674 1689 761 1766 ψυχῆς
782 1688 848 1766 πρὸς
866 1686 896 1745 τὸ
916 1685 1005 1766 ἄρχειν
1094 1706 1131 1748 ου.
1155 1687 1260 1769 Θόρσος
1273 1687 1534 1768 δπροσδυκίακακού·
1548 1689 1710 1763 ἀνεκπληξία
1721 1691 1763 1751 διδ
1779 1715 1837 1752 κα·

223 1781 268 1840 καί
284 1781 419 1860 ἄρχεσθαι·
433 1775 599 1856 αὐτοπραγία
612 1773 681 1834 κατὰ
694 1775 779 1855 φύσιν·
790 1775 895 1844 εὐταξία
911 1778 1006 1854 ψυχῆς·
1054 1780 1101 1834 κού
1115 1775 1271 1853 παρουσίαν.

222 1868 358 1947 λογιστικὴ
382 1865 474 1945 ὁμιλία
503 1867 590 1944 ψυχῆς
611 1863 672 1942 περί
697 1866 785 1924 καλῶν
808 1863 855 1922 καί
879 1866 1006 1944 αἰσχρῶν·
1094 1881 1131 1924 ει.
1155 1862 1265 1923 Ἄλυπία
1277 1861 1328 1931 ἕξις
1339 1864 1398 1920 καθ’
1413 1862 1446 1935 ὴν
1463 1863 1631 1940 ἀνέμπτωτοί
1645 1867 1725 1944 έσμεν
1738 1871 1773 1934 είς
1786 1869 1839 1927 λύ-

224 1957 274 2026 έξις
288 1957 346 2016 καθ’
360 1957 392 2030 ὴν
406 1959 420 2014 ὑ
434 1953 503 2034 ἔχων
519 1951 648 2032 αίριτικός
663 1957 718 2012 ἐστι
732 1955 776 2012 καὶ
789 1951 956 2024 εὐλαόητικύς
970 1943 1006 2012 ῶν
1054 1974 1115 2020 πας.

222 2045 287 2126 χρή.
1095 2061 1131 2102 ον.
1156 2041 1304 2102 Φιλοπονία
1317 2041 1368 2108 ἕξις
1390 2041 1579 2116 ἀποτελεστικὴ
1593 2034 1623 2102 οὑ
1639 2043 1670 2102 ἂν
1682 2043 1839 2122 προέληται·

262 2154 299 2195 το.
323 2133 426 2213 Ἄνδρία
441 2127 491 2198 ἕξις
506 2131 593 2210 ψυχῆς
613 2129 734 2203 ἀκίνητος
756 2129 807 2189 ὑπδ
827 2129 918 2210 φόόου·
940 2128 1006 2208 θόρ-
1053 2129 1178 2210 καρτερία
1190 2130 1317 2198 ἑκούσιος·
1331 2129 1382 2198 ἕξις
1396 2130 1555 2202 ἀδιόθλητος
1566 2131 1631 2212 πρὺς
1644 2131 1733 2194 πόνον.

222 2247 266 2292 σος
281 2221 431 2300 πολεμικόν·
446 2216 581 2295 ἔπιστὴμη
594 2220 646 2276 τῶν
659 2219 728 2278 κατθι
743 2217 858 2294 πόλεμον
881 2217 1006 2299 πραγμύ-
1094 2239 1132 2281 os.
1155 2216 1242 2287 Αἰδὼς
1256 2219 1410 2296 τολμήσεως
1427 2219 1594 2301 ὑποχώρησις
1607 2222 1714 2282 ἑκουσία
1731 2224 1839 2293 δικαίως

221 2335 283 2372 των·
307 2310 447 2392 ἐγκράτεια
472 2310 561 2390 ψυχῆς
578 2305 643 2386 πρὸς
666 2307 700 2366 τδι
724 2307 825 2390 φυύερύι
858 2307 903 2367 καί
925 2306 1005 2366 δειναί·
1054 2309 1098 2368 καί
1113 2307 1176 2389 πρὸς
1194 2308 1224 2368 τθ
1245 2307 1380 2387 βέλτιστον
1396 2309 1487 2390 φανέν·
1511 2308 1654 2382 καταλαόὴ
1672 2309 1778 2372 ἑκουσία
1788 2318 1838 2373 zon

221 2403 311 2479 τολμα
338 2397 484 2479 ὑπηρετικὴ
505 2393 662 2476 φρονήσεως·
687 2396 812 2478 εὐθαρσία
837 2395 880 2456 tort
895 2395 1005 2455 θανᾶτου
1056 2396 1338 2477 cenomanensem
1352 2401 1427 2476 ὀρθού
1442 2396 1536 2478 ψόγου.

221 2490 373 2572 προσδοκία·
388 2489 437 2558 ἕξις
453 2485 647 2567 διαφυλακτικὴ
664 2488 798 2565 λογισμῶν
810 2489 893 2566 ὀρθῶν
909 2487 936 2544 ἐν
950 2507 1005 2545 κιν-
1093 2507 1130 2548 at.
1154 2487 1308 2568 Ἐλευθερία
1339 2487 1467 2566 ἡγεμονία
1499 2487 1564 2565 βίου·
1589 2489 1762 2567 αὐτοκρότεια
1792 2493 1838 2552 ἐπὶ

222 2579 312 2647 θύνοις·
329 2578 406 2662 ῥώμη
430 2576 494 2658 πρὸς
508 2575 624 2636 κίνδυνον
640 2577 804 2656 ὀντίρροπος·
819 2576 896 2656 ῥώμη
911 2597 1004 2654 καρτε-
1052 2575 1141 2634 παντί·
1167 2575 1270 2643 ἐξουσία
1291 2581 1337 2634 τοῦ
1358 2578 1417 2634 καθ’
1431 2575 1522 2634 ἑαυτὸν
1541 2578 1567 2634 έν
1595 2576 1653 2657 βίῳ·
1679 2580 1783 2659 ἀφειδία
1809 2585 1836 2643 ἐν

2 2745 190 2796 fl
223 2668 282 2746 ρικὴ
298 2669 362 2748 πρὸς
388 2666 495 2748 ἀρετὴν·
516 2665 614 2745 ἠρεμία
635 2667 722 2744 ψυχῆς
736 2666 797 2743 περὶ
823 2662 856 2721 τὰ
874 2663 945 2721 δεινὰ
960 2661 1002 2720 καί
1025 2667 1030 2727 Ι
1051 2662 1146 2743 χρήσει
1161 2663 1206 2720 καὶ
1220 2664 1245 2720 ἐν
1269 2663 1361 2734 κπὴσει
1376 2661 1473 2730 οὐσίας.

837 2823 1172 2837 ffl—

221 2947 294 2997 fectio
307 2945 406 3009 propter
422 2955 498 3006 quam
516 2940 543 2991 id
560 2937 628 3004 qnod
646 2939 682 2988 itu
699 2939 819 2988 ellectum
837 2941 892 3002 est,
905 2938 1004 2989 omnino
1051 2935 1117 2986 circs
1126 2950 1156 2987 ea
1166 2951 1221 3000 quae
1230 2937 1386 2990 formidoloso
1395 2942 1420 2990 et
1430 2941 1542 2991 audenda
1549 2941 1685 2993 secundnm
1695 2947 1789 2996 rectum
1800 2960 1838 2998 ru·

220 3038 351 3088 honestum
360 3033 452 3083 dicitnr
462 3045 468 3076 ε
479 3031 580 3082 habitus
589 3029 621 3081 ad
634 3029 810 3094 rempublicam
823 3031 894 3081 honis
908 3030 1004 3096 legibus
1051 3025 1142 3076 tionem
1155 3023 1271 3076 ridentur
1281 3045 1287 3075 ι
1299 3026 1428 3077 dnhiarnm
1437 3026 1469 3077 de
1483 3029 1557 3078 rebus
1566 3027 1729 3081 fonuldolosis
1738 3035 1836 3084 senten·

219 3121 403 3189 temperandam
415 3118 625 3172 accommodatus.
1050 3114 1140 3164 tiarum
1151 3115 1303 3165 conservatio
1316 3133 1321 3164 :
1336 3115 1393 3165 helii
1406 3115 1494 3178 peritia
1506 3129 1512 3159 ι
1523 3116 1623 3168 habitus
1633 3119 1714 3183 legem
1724 3133 1835 3172 servans.

252 3219 290 3264 ιι.
306 3208 440 3261 Prudentia
448 3222 494 3272 per
510 3221 538 3260 se
550 3208 604 3272 ipse
615 3209 654 3258 cst
668 3206 771 3258 facultas
781 3206 896 3258 humanm
907 3207 1007 3258 felicita·
1082 3206 1120 3250 26·
1133 3199 1289 3251 Continentia
1307 3203 1345 3252 nst
1357 3202 1492 3254 sustinendi
1512 3203 1603 3256 doloris
1624 3207 1729 3259 incultas
1750 3230 1757 3259 ι
1775 3212 1836 3262 recti

219 3302 251 3352 tis
265 3298 421 3366 procreandos
435 3310 441 3342 ι
453 3297 556 3348 scientia
570 3297 693 3347 bonorum
707 3299 733 3347 et
749 3297 870 3348 mulorum
886 3315 891 3346 :
907 3297 1006 3346 affectio
1051 3291 1145 3342 consilii
1156 3305 1239 3342 comes
1255 3312 1261 3341 ι
1274 3293 1380 3343 θυινθυε
1399 3294 1599 3359 mcxsnperuhilis
1613 3297 1669 3360 ejus
1682 3299 1750 3362 quod
1765 3303 1835 3351 rectu

218 3403 308 3454 exque
318 3386 467 3450 judicamus,
482 3384 542 3448 quid
553 3384 696 3436 laciendum
709 3387 740 3436 sit
752 3385 846 3449 etquid
857 3399 906 3435 non
917 3385 1006 3435 tacien-
1050 3379 1144 3430 ratione
1160 3379 1307 3430 continetur.

219 3479 286 3530 duro,
1082 3469 1121 3520 27.
1143 3467 1246 3519 Animus
1258 3481 1304 3519 sua
1318 3471 1384 3520 sorte
1398 3473 1527 3521 contentus
1547 3473 1666 3536 perfectio
1678 3477 1717 3525 est
1732 3489 1833 3540 posscs-

251 3574 288 3618 23.
300 3565 400 3617 iustitia
410 3565 450 3616 est
461 3563 549 3614 annum
563 3575 619 3614 cum
630 3576 657 3612 sa
671 3561 725 3626 ipsa
739 3563 869 3614 concordia
879 3565 903 3613 et
919 3563 1006 3612 urdmae
1049 3556 1126 3607 donis
1136 3556 1257 3608 bonorum
1274 3571 1280 3602 =
1294 3557 1403 3621 habitus,
1421 3573 1471 3622 quo
1486 3559 1529 3623 qui
1539 3574 1597 3611 eum
1609 3565 1698 3626 gerunt
1709 3563 1756 3628 ipsi
1770 3565 1832 3616 sihi-

218 3657 325 3722 partium
338 3655 403 3705 inter
412 3667 439 3705 sc
454 3667 483 3704 ac
497 3653 563 3703 circa
577 3665 604 3704 se
624 3653 689 3704 boun
709 3653 854 3717 compositio
874 3671 881 3703 ι
901 3653 1001 3706 linoltus
1049 3651 1100 3698 inei
1111 3647 1169 3710 ipsis
1184 3647 1314 3712 imponant.

220 3759 292 3796 snum
305 3744 396 3807 cuique
412 3755 456 3807 pro
474 3739 596 3806 dignitate
612 3739 722 3791 tribuens
739 3757 746 3789 ι
760 3739 877 3802 habitus,
890 3753 940 3803 quc
958 3743 1002 3803 qui
1081 3739 1120 3786 28.
1132 3734 1244 3798 AEquitas
1257 3738 1295 3788 est
1301 3735 1364 3801 iuris
1372 3739 1398 3788 ct
1410 3738 1594 3790 commodorum
1604 3739 1743 3793 imminutio
1756 3756 1763 3786 τ
1777 3757 1834 3794 mo-

219 3849 277 3886 eum
290 3833 353 3899 gerit
370 3831 530 3897 amplectitur
543 3831 618 3894 atquc
636 3829 702 3894 eligit
715 3843 744 3880 es
758 3841 815 3892 quas
830 3829 877 3893 ipsi
884 3830 952 3894 justa
966 3830 1004 3880 vi·
1049 3826 1503 3892 doratioinnegctionrmcoutrnctihus
1515 3831 1594 3882 :huna
1602 3833 1747 3896 compositio
1757 3835 1832 3888 antron

218 3925 307 3975 dentur
326 3935 332 3966 =
352 3921 452 3972 habitus
465 3920 490 3970 in
506 3920 558 3970 vita
578 3918 626 3984 legi
645 3917 838 3982 obtemperans:
854 3917 950 3968 socialis
969 3931 1004 3968 es-
1049 3914 1143 3966 ratione
1155 3915 1253 3980 prediti
1263 3915 1295 3966 ad
1303 3915 1406 3967 honesta
1419 3921 1444 3967 et
1458 3919 1548 3982 turpia.

218 4012 322 4075 quattus
338 4024 345 4053 ι
359 4009 460 4060 habitus
472 4007 546 4058 rcctis
560 4007 656 4072 legibus
670 4020 770 4072 pareus.
1080 4009 1118 4054 29.
1131 4004 1270 4055 'tolerantia
1283 4005 1321 4055 est
1332 4004 1423 4056 doloris
1436 4007 1467 4056 oh
1486 4006 1618 4058 honestum
1630 4009 1770 4072 perpessio:
1789 4010 1830 4060 lu-

249 4103 287 4151 nt.
306 4096 477 4163 Temperantia
493 4099 531 4146 est
540 4094 676 4148 moderatio
687 4094 761 4145 animi
777 4095 844 4146 circu
859 4095 1005 4159 cupiditates
1050 4097 1137 4148 horum
1151 4099 1250 4161 propter
1260 4097 1414 4148 honestatam
1425 4097 1550 4162 patientia.

216 4192 242 4241 et
255 4189 462 4253 voluptatesque
478 4185 503 4235 in
519 4186 574 4250 ipsc
588 4184 723 4236 secumdum
740 4185 856 4235 naturam
874 4183 1003 4236 insident:
1081 4189 1119 4237 ³⁰.
1137 4185 1292 4236 confidentia
1309 4188 1348 4238 est
1367 4187 1460 4236 malum
1479 4187 1702 4252 nonesspectsutis
1715 4202 1721 4230 =
1735 4187 1833 4238 unirnus

217 4277 423 4330 mnveuicutianc
440 4275 506 4325 hona
523 4272 600 4324 animi
614 4272 758 4337 compositio
772 4271 804 4323 sd
819 4273 943 4324 naturales
961 4287 1005 4321 vo·
1049 4273 1161 4337 presenti
1173 4274 1236 4325 malo
1247 4287 1296 4325 nou
1306 4275 1471 4338 perturbatus.

217 4367 324 4434 luptatcs
346 4367 372 4415 ct
387 4365 486 4416 dolores
503 4381 508 4410 ι
524 4361 675 4426 conspiratio
694 4361 769 4411 suirui
787 4360 820 4410 ad
835 4361 1004 4424 lmperundum
1080 4366 1119 4413 31.
1132 4361 1268 4414 indolentia
1279 4364 1318 4414 est
1325 4363 1427 4413 habitus
1437 4402 1442 4425 ,
1453 4367 1555 4427 propter
1564 4377 1638 4427 quem
1649 4363 1770 4414 molestiis
1782 4377 1830 4414 nou

217 4459 242 4505 et
254 4451 390 4518 parendum
403 4464 409 4493 ι
424 4451 559 4514 spontanea
568 4446 704 4498 secuudum
715 4449 827 4496 naturum
840 4447 904 4496 actio
922 4467 928 4496 :
943 4461 1003 4496 con·
1047 4450 1209 4515 implicamur.

216 4541 319 4594 tinentia
331 4538 405 4590 animi
421 4558 427 4588 ι
441 4550 523 4587 sermo
535 4535 611 4586 animi
620 4534 652 4586 de
669 4535 778 4586 honestis
789 4547 819 4585 ac
829 4535 944 4598 turpibus
959 4535 1002 4596 ju·
1079 4544 1120 4591 32.
1130 4539 1252 4590 Industria
1263 4539 1411 4591 esthahitus
1428 4541 1483 4604 cjns
1497 4540 1541 4604 qui
1551 4539 1704 4604 propositum
1720 4542 1829 4606 peregit:

216 4629 322 4683 dicentis
344 4626 479 4688 :hahitus‚
493 4639 544 4692 quc
558 4625 600 4689 qni
619 4638 677 4675 eum
695 4624 755 4688 gerit
772 4622 839 4688 eligit
856 4625 882 4676 ct
897 4624 959 4676 ritui
975 4639 1004 4676 ea
1048 4629 1177 4679 tolerantia
1189 4629 1327 4679 voluntaria
1337 4643 1344 4674 ι
1355 4628 1600 4692 incuipntslahorum
1611 4629 1826 4693 suscipiendorum

234 4733 301 4771 nmo
319 4720 390 4768 ortet.
1049 4716 1159 4768 facilitas.

216 4735 233 4785 q
248 4813 286 4859 ιο.
300 4733 429 4858 tortitudo
438 4803 561 4856 estuuimi
572 4801 800 4866 inanitusquimetu
814 4815 862 4853 nou
874 4803 1002 4854 aflicitur:
1079 4809 1117 4856 33.
1133 4803 1219 4856 Pudor
1240 4803 1353 4855 audacius
1367 4817 1479 4856 recessus
1499 4803 1654 4855 voluntarius
1666 4805 1733 4870 juste
1753 4807 1780 4856 et
1797 4804 1830 4854 cd

217 4895 365 4948 confidentia
379 4892 493 4946 militaris
509 4892 567 4942 :rei
589 4891 683 4942 hellicae
694 4890 796 4942 scicntia
808 4903 816 4939 ι
830 4887 907 4941 animi
923 4891 1002 4942 conti-
1047 4892 1072 4942 id
1082 4892 1150 4957 quod
1159 4893 1279 4957 optimum
1290 4894 1373 4943 risum
1388 4894 1446 4944 est:
1463 4893 1625 4958 deprehensio
1634 4893 1722 4959 optimi
1737 4895 1825 4946 volnu-

217 4987 299 5039 nentia
315 4986 341 5037 in
354 4985 430 5038 nehus
445 4984 575 5036 horrendis
588 4987 614 5034 et
630 4981 795 5034 formidulosis
816 5001 822 5034 ε
836 4983 939 5035 audacia
953 4997 1003 5035 ser-
1050 4983 1113 5034 tario
1124 5001 1133 5034 ι
1145 4983 1219 5033 cauta
1229 4982 1304 5047 justu
1314 4980 1501 5047 vituperationis
1512 4981 1608 5034 nuno.

217 5073 445 5139 vteusprudeutie:
459 5071 550 5122 fiducia
561 5071 586 5122 iu
595 5070 684 5122 mortis
695 5070 876 5138 exspectatione
889 5071 1003 5123 :habitus
1077 5074 1117 5122 3ο.
1129 5070 1240 5122 Libertas
1251 5075 1290 5122 est
1308 5075 1381 5138 capnt
1405 5071 1465 5123 vite
1480 5086 1486 5116 ε
1508 5085 1604 5123 summa
1618 5071 1729 5124 onmium
1742 5083 1826 5122 rernm

218 5165 342 5213 rectorum
358 5161 514 5212 consiliorum
527 5159 554 5210 iu
567 5159 682 5223 periculis
694 5161 787 5210 tenax:
802 5157 879 5211 τοίνυν
895 5159 1002 5224 periculo
1047 5159 1156 5225 potestus
1169 5173 1175 5204 =
1188 5159 1284 5210 licentia
1297 5175 1342 5226 per
1352 5174 1379 5212 se
1390 5159 1494 5212 ludendi
1507 5162 1574 5224 quud
1587 5161 1643 5225 quis
1651 5161 1711 5212 uelit
1719 5161 1751 5214 iu
1760 5161 1827 5210 vitaz

216 5261 263 5313 per
277 5265 283 5296 :
297 5247 372 5297 robur
382 5247 481 5298 virtutis
491 5259 569 5311 capax
587 5249 612 5297 et
627 5247 736 5311 patiens:
750 5247 825 5298 enimi
836 5250 1002 5311 tranquillitos
1047 5249 1143 5298 sublata
1159 5249 1306 5312 parsimonia
1317 5249 1342 5300 in
1353 5264 1399 5300 usn
1416 5251 1442 5301 et
1452 5251 1608 5315 possessione
1622 5251 1749 5303 honorum.
