3882 5954
363 296 367 302 ’
473 335 698 399 ιιτιιιοοιιιιιι
720 297 1056 403 ιιιοοιιισιιιοιιιιιι
1077 341 1360 407 sinirnensis.

146 473 272 558 (Scripsi
290 494 297 534 ε
315 470 445 552 ὀὗκίτι]
461 473 527 535 cod.
540 473 587 532 οὗκ
600 471 650 535 ἔτι.
670 481 732 520 —b
748 473 821 553 παροί
837 475 888 554 γε]
958 485 962 498 ·

103 564 170 624 cod.
189 564 303 645 παροίγε.
321 597 360 610 -
374 571 385 598 ⁰
398 561 475 643 ἔστι]
498 563 565 624 cod.
583 564 650 626 ἐστί.
664 565 728 612 -i
745 563 791 623 καί
806 565 889 642 θγιει-

101 657 154 713 νῶν
170 653 333 734 ἀνθρώπων]
351 652 418 712 cod.
441 650 487 711 καί
511 651 622 730 ὑγιεινὸν
645 657 697 713 τῶν
721 649 883 732 ἀνθρώπων,

101 745 188 823 cujus
213 745 279 804 ioco
310 744 445 804 Heinsius
463 741 509 804 καί
534 745 651 825 ὑγιεινῶν
673 745 725 802 τῶν
742 741 886 824 ἀνθρώπων

101 833 192 893 scribi
217 835 362 894 voluerat.
387 840 450 880 -·
472 833 582 913 μέντοι]
600 834 664 894 cod.
687 832 735 911 μίν
760 855 810 891 τοι.
824 833 883 879 -s

100 930 238 1004 πανταχοῦ
253 925 337 1004 εἰσιν]
351 923 417 985 cod.
432 931 570 1006 πανταχοῦ
586 925 666 986 είσὶν..
676 956 717 970 -
728 931 740 972 ¹
752 920 814 983 καθ’
828 919 888 980 ἀκα-

100 1011 168 1094 στα]
184 1013 250 1072 cod.
267 1011 438 1076 satiauerat..
449 1012 505 1094 -)

423 1185 494 1264 Κεφ,
512 1153 562 1245 ,22
1268 1176 1329 1243 θορ.
1343 1179 1384 1230 xr.

134 1369 163 1418 Τί
175 1369 226 1419 ἔστι
238 1367 377 1432 δικαίωμα,
388 1369 431 1454 καὶ
445 1367 657 1433 δικαιοπράγημα,
669 1369 710 1418 καὶ
720 1365 856 1434 ἀδικοπρά-
958 1369 1018 1424 Quid
1029 1363 1126 1426 si'tluste
1137 1367 1222 1416 iaciunt
1233 1375 1257 1417 st
1267 1371 1329 1426 iusta
1337 1374 1407 1427 actio,
1423 1377 1466 1419 nee'
1477 1384 1525 1419 non
1533 1373 1693 1430 inlustaaetio.

461 1456 537 1504 γημα.

143 1601 267 1686 Διαφέρει
280 1603 307 1664 δὲ
321 1602 456 1681 δικαίωμα
473 1607 518 1663 τοῦ
534 1601 635 1662 δικαίου
649 1599 695 1661 καί
714 1601 743 1661 τό
763 1600 883 1680 ἀδίκημα
960 1605 1052 1658 Diiiert
1066 1609 1150 1658 eutem
1162 1608 1230 1672 juste
1242 1605 1337 1659 iactum
1352 1623 1367 1660 a
1379 1609 1456 1675 justo,
1469 1613 1498 1660 ut
1512 1611 1605 1676 injusta
1616 1611 1721 1664 aetioeb

100 1701 146 1755 τοῦ
162 1695 261 1754 ἀδίκου·
279 1689 376 1754 δίκαιον
388 1693 436 1770 μὲν
451 1693 502 1774 γοίρ
520 1695 610 1765 ἐστιν,
626 1689 691 1772 όπερ
704 1691 796 1758 ἅπλῶς
813 1695 883 1752 θεω-
929 1695 1041 1760 injusto:
1056 1696 1181 1762 siquidem
1193 1697 1291 1762 justum
1304 1703 1439 1764 etaequum
1446 1704 1484 1750 est
1497 1700 1566 1760 titud,
1583 1699 1651 1766 quod
1663 1702 1721 1752 sim-

100 1793 182 1863 ρεῑιαι
197 1784 242 1843 καί
255 1783 379 1857 καθῶου,
399 1781 416 1854 ἢ
431 1783 539 1858 νομικδν
555 1782 572 1853 ἦ
586 1782 711 1863 φυσικόν,
727 1769 780 1840 οἷον
794 1779 826 1838 τδ
839 1781 883 1840 τὸν
930 1785 1058 1850 piieiteret
1070 1786 1184 1837 universe
1200 1786 1378 1848 consideratur,
1391 1789 1508 1854 quonism
1517 1793 1561 1839 aut
1571 1789 1667 1854 iegibus
1677 1794 1721 1840 aut

98 1873 254 1954 ἀνδροφόνον
270 1871 452 1944 ἀποθνήσκειν·
467 1870 529 1931 ὅταν
546 1870 573 1930 δὲ
583 1871 613 1929 τὸ
627 1876 728 1931 τοιοῦτο
741 1868 841 1930 δίκαιον
857 1874 883 1930 ἐν
929 1878 1024 1926 naturae
1036 1875 1159 1938 convenit,
1175 1875 1244 1927 verbi
1263 1890 1338 1926 eausa
1345 1877 1495 1928 homicidam
1510 1878 1573 1928 mori
1594 1897 1600 1929 ι
1620 1878 1721 1944 quando

97 1963 149 2029 τοῖς
158 1960 217 2022 καθ’
229 1961 351 2022 detereret⁸
365 1962 489 2040 γένηται,
502 1961 547 2020 καί
562 1962 631 2022 teet
646 1958 800 2039 ἀνδροφόνος
810 1958 884 2018 τόνδε
928 1964 1334 2030 verohuJusmodijusinsingutis
1343 1966 1459 2025 cernitur,
1472 1967 1673 2032 exempiigratia,
1691 1972 1720 2018 ut

96 2049 142 2112 τδν
156 2049 253 2130 τρόπον
268 2051 403 2130 ἀποθάνῃ,
416 2049 474 2110 τότε
490 2049 623 2128 δικαίωμα
639 2051 771 2108 καλεῖται·
786 2047 883 2125 ὁμοίως
928 2053 969 2103 hie
982 2053 1106 2104 homicida
1118 2054 1257 2106 haemorte
1266 2055 1396 2115 muitetur,
1416 2059 1470 2106 tum
1481 2056 1550 2121 juste
1564 2057 1659 2109 iactum
1674 2072 1720 2108 νο-

98 2138 125 2200 δθ
142 2136 186 2198 καί
201 2136 245 2197 ἐπὶ
255 2142 301 2197 τοῦ
317 2135 407 2197 ἀδίκου
424 2135 470 2197 καί
486 2137 648 2214 ἀδικήματος
665 2137 732 2218 ἔχει.
752 2138 883 2197 Καλεῖται
928 2147 1000 2194 eatur
1015 2143 1200 2210 :similiterque
1220 2144 1246 2194 in
1267 2145 1360 2209 injusto
1379 2149 1403 2196 et
1424 2145 1514 2209 iniuria
1530 2161 1556 2197 se
1579 2161 1620 2198 res
1633 2147 1717 2198 habet.

97 2226 125 2286 δὲ
147 2228 364 2308 δικαιοπράγημα
380 2226 427 2302 μὲν
442 2237 516 2286 πᾶσα
534 2226 627 2306 πρᾶξις
647 2225 756 2300 δικαία,
779 2225 883 2286 κάντεθ
928 2232 1074 2282 Nominatur
1089 2235 1173 2283 autem
1193 2233 1261 2297 justa
1282 2233 1348 2282 actio
1362 2247 1435 2284 omne
1449 2237 1516 2284 recte
1532 2234 1643 2296 tactum,
1666 2237 1720 2286 sire

98 2315 199 2384 ἀδικίας
211 2314 307 2383 ίκτισις
317 2307 346 2396 ᾗ,
359 2314 439 2376 κάντε
450 2319 565 2398 ἀρετῆς(
581 2315 761 2384 ἀνταπόδοσις·
775 2314 881 2374 δικαίω·
929 2319 1026 2384 injuriae
1040 2322 1167 2371 exsecutio
1189 2324 1240 2380 est,
1255 2320 1308 2372 sive
1328 2321 1430 2372 virtutis
1450 2325 1619 2374 remuneratio
1633 2324 1718 2388 :juste

99 2427 137 2482 μα
156 2402 183 2462 δὲ
198 2403 300 2476 ίδίωςὴ
322 2409 369 2476 τῆς
393 2403 497 2473 ἀδικίας
519 2405 646 2486 τιμωρία.
667 2403 766 2464 Ὀποῖα
792 2402 819 2462 δὲ
838 2402 883 2462 καὶ
929 2409 1024 2464 iactum
1038 2425 1098 2461 vero
1108 2412 1207 2476 proprie
1220 2411 1350 2476 injustitiae
1367 2413 1438 2464 uitio.
1455 2413 1505 2465 Sed
1516 2415 1604 2480 quates
1617 2418 1643 2466 et
1656 2419 1719 2482 quot

97 2494 167 2554 πόσα
188 2493 243 2566 εἴδη
263 2493 534 2574 δικαιοπραχημοίτων
548 2494 594 2553 καί
609 2491 793 2573 δικαιωμάτων
809 2492 883 2568 εἰσίν,
928 2499 1113 2563 tamjustarum
1123 2499 1248 2552 actionum
1255 2515 1332 2566 quam
1339 2503 1407 2567 juste
1417 2501 1541 2554 factorum
1554 2503 1648 2569 speeies
1657 2503 1715 2561 siut,

99 2580 204 2662 ὕστερον
220 2582 430 2664 ἐπισκεψόμεθα.
928 2587 1031 2652 posthae
1043 2587 1190 2640 ridebimus.
1210 2590 1281 2640 Nunc
1298 2589 1362 2644 iilud
1377 2605 1478 2658 quoque
1496 2591 1616 2644 dicamus.
1634 2595 1718 2652 Quum

138 2673 149 2698 *
164 2674 221 2734 Νῦν
242 2672 269 2732 ii
284 2673 366 2732 ἐκεῖνο
388 2671 516 2751 λέγωμεν.
533 2671 627 2739 Οὕτως
641 2662 685 2731 οῦν
700 2671 814 2752 ἐχόντων
831 2675 882 2731 τῶν
928 2677 996 2741 justa
1009 2681 1034 2728 et
1044 2678 1136 2743 injusta
1145 2692 1175 2728 eo
1186 2692 1238 2744 quo
1251 2678 1445 2731 diximusmodo
1460 2695 1486 2732 se
1497 2682 1614 2745 habeant,
1627 2682 1719 2748 iniuste

98 2762 205 2822 δικαίων
219 2763 264 2822 καί
278 2766 331 2822 τῶν
348 2763 456 2836 ἀδίκων,
474 2763 510 2829 ῶς
524 2760 639 2843 εἴρηται,
654 2761 739 2820 ἀδικεῖ
752 2764 800 2839 uis
815 2759 832 2832 ἢ
844 2761 882 2820 δι·
927 2767 1045 2834 justeque
1055 2768 1145 2834 aliquis
1152 2768 1211 2834 agit,
1222 2769 1362 2834 quandoea
1371 2769 1540 2836 οροιιίοίυοίίς
1551 2772 1718 2838 quandovero

98 2848 337 2932 καιοπραγεῗ,όταν
348 2849 414 2910 ἑκών
425 2874 462 2918 τις
473 2849 540 2909 αῦτάι
551 2851 671 2931 προίττῃ,
682 2851 744 2912 όταν
761 2852 788 2911 δθ
801 2852 882 2927 ἄκων,
929 2861 1030 2920 inritus,
1048 2873 1094 2910 nec
1109 2859 1201 2924 injuste
1214 2875 1259 2913 nee
1272 2862 1340 2926 juste
1362 2877 1407 2927 per
1427 2877 1454 2913 se
1473 2861 1546 2923 iacit,
1563 2863 1664 2929 sed-per
1676 2877 1718 2914 ae-
1747 2869 1749 2875 '

96 2940 155 3001 οῠτα
166 2943 249 3002 ἀδικεῖ
261 2939 319 3003 οὔτε
330 2942 514 3023 δικαιοπραγεῒ
526 2941 537 2977 ‘¹
550 2944 609 3004 καθ’
624 2941 714 3014 αὑτόν,
730 2941 799 3001 ἀλλά
814 2942 884 3001 κατὰ
928 2948 1020 3000 cidens.
1029 2948 1128 2999 Etenim
1136 2949 1246 3000 actiones
1259 2963 1304 3014 per
1314 2964 1393 3002 senec
1402 2950 1502 3016 injustae
1512 2955 1570 3002 sunt
1579 2953 1715 3018 neojustor,
1729 2985 1731 2990 -

97 3027 274 3106 συμόεόηκός.
302 3033 335 3090 At
356 3031 407 3112 γὰρ
429 3030 536 3114 πράξεις
559 3033 618 3090 καθ’
637 3029 730 3098 ἑαυτθς
754 3032 802 3089 οθκ
817 3031 882 3090 εἰσίν
927 3037 1045 3103 quoniam
1053 3037 1127 3088 ineas
1136 3051 1184 3087 non
1194 3037 1302 3102 quadrat
1311 3038 1409 3103 injustas
1419 3039 1649 3102 aetionisdetinitio,
1660 3054 1717 3106 quae

98 3117 181 3178 ἄδικοι
195 3117 254 3178 οὔτε
276 3119 392 3194 δίκαιαι,
407 3122 436 3179 οὔ
457 3121 508 3202 sip
528 3119 673 3203 ἐφαρμόσει
687 3123 779 3188 αὐταῖς
795 3123 809 3179 ό
823 3123 883 3201 δρι-
928 3127 953 3178 ὶο
965 3141 992 3178 re
1000 3127 1139 3178 voluntarie
1154 3126 1275 3186 consistit,
1289 3141 1369 3192 quum
1378 3128 1429 3178 ittae
1441 3128 1519 3180 invite
1529 3129 1715 3194 suscipientur:

97 3207 161 3287 σμδς
176 3216 221 3269 τοῦ
235 3209 503 3290 ἀδικοπραγήματος,
516 3209 544 3278 te
554 3210 708 3272 συνίσταται
724 3211 749 3269 ἐν
762 3211 801 3292 τῷ
812 3214 885 3270 §xeo-
928 3216 972 3267 sed
985 3216 1045 3281 quia
1054 3215 1095 3266 vet
1107 3215 1213 3279 justitias
1223 3217 1330 3281 aequitas
1344 3217 1383 3267 vel
1395 3217 1525 3281 injustitia
1545 3218 1665 3284 iniquitas
1684 3218 1715 3268 iis

97 3299 164 3377 οίῳ,
180 3298 297 3360 ἀκούσιοι
313 3299 363 3380 γάρ
378 3303 454 3361 είσιν·
473 3298 533 3360 ἀλλ’
552 3299 592 3360 ότι
607 3299 778 3377 συμόέόηκεν
791 3302 882 3370 αὐτοῖς
927 3305 1032 3366 accidit,
1043 3305 1135 3355 ideireo
1149 3305 1248 3370 injustae
1260 3306 1389 3371 autjustoe
1398 3306 1517 3358 dicuntur
1532 3321 1576 3372 per
1593 3308 1715 3368 accidens,

97 3391 113 3460 ἡ
126 3387 215 3460 ἰσότης
236 3393 283 3461 τῆς
301 3389 482 3463 δικαιοσύνης,
503 3392 521 3460 ἢ
537 3393 554 3462 ἡ
570 3390 691 3462 ἀνισότης
702 3393 748 3462 τῆς
761 3387 880 3468 ἀδικίας,
927 3399 952 3446 et
964 3395 1008 3461 qui
1017 3409 1060 3445 eas
1071 3395 1222 3460 suscipiunt,
1234 3395 1261 3469 hi
1271 3395 1364 3460 injuste
1375 3399 1419 3446 aut
1430 3396 1498 3461 juste
1509 3410 1580 3461 agere
1590 3397 1715 3448 dicuntur.

97 3475 223 3536 διόιτοῦτο
234 3476 346 3549 ἀδικοιῆ
357 3477 456 3536 δίκαιαι
466 3478 602 3556 λέγονται·
618 3481 686 3539 κατά
699 3477 879 3558 συμόεόηκός,
927 3487 959 3534 nt
970 3498 1050 3549 quum
1063 3497 1107 3548 per
1124 3497 1150 3534 se
1169 3483 1341 3535 voluntarium
1361 3485 1408 3535 erit
1426 3483 1538 3545 iaeinus,
1554 3487 1614 3536 tunc
1626 3485 1717 3548 iniuria

96 3565 140 3626 καί
149 3571 172 3626 oi
184 3568 341 3650 πράττοντες
352 3567 434 3636 αὗτθις
446 3569 655 3649 ἀδικοπραγεῖνῆ
670 3570 879 3648 δικαιοπραγεῖν.
929 3573 1061 3624 vocabitur
1074 3575 1100 3622 et
1113 3573 1205 3636 injusta
1224 3573 1290 3624 aetio
1304 3588 1310 3619 ι
1325 3573 1444 3624 ιιίιιιίιιιιιι
1454 3574 1476 3624 si
1490 3574 1548 3638 quis
1562 3574 1649 3625 atienae
1661 3579 1717 3624 tan·

97 3655 167 3716 Kad'
181 3658 244 3717 αθτδ
260 3657 306 3729 δι’,
332 3653 395 3716 όταν
419 3650 570 3739 ἑκούσιονῇ
592 3662 623 3720 τδ
643 3659 736 3740 ἔργον,
757 3657 815 3718 τότε
835 3658 881 3718 καί
926 3667 982 3714 tum
996 3663 1121 3716 voluntati
1143 3677 1238 3715 morem
1254 3664 1372 3728 gesserit,
1398 3663 1491 3727 injuste
1512 3663 1614 3728 quidem
1639 3664 1717 3728 egisse

95 3743 215 3823 ἀδίκημα
230 3745 305 3804 ἔσται
320 3745 365 3804 καί
380 3747 596 3828 ἀδικοπροίγημα·
609 3750 692 3828 χωρίς
705 3747 731 3806 δὲ
743 3751 789 3806 τοῦ
803 3749 880 3807 dnou-
925 3753 1030 3813 dicetur,
1047 3751 1091 3804 sed
1110 3751 1174 3802 aetio
1193 3743 1242 3804 non
1258 3752 1306 3804 erit
1325 3750 1435 3817 injuria:
1454 3750 1508 3815 ipse
1525 3751 1591 3802 enim
1609 3765 1658 3802 non
1678 3753 1716 3801 est

92 3834 152 3896 σίου
168 3834 257 3895 ἄδικον
271 3833 319 3912 μίν
343 3833 418 3894 ἔσται
440 3835 639 3910 πεποιηκώς,ἡ
665 3835 758 3916 πρᾶξις
781 3834 808 3895 di
832 3835 880 3894 οῦκ
929 3845 1052 3910 iniustus,
1074 3844 1191 3909 quamvis
1216 3843 1307 3904 iniuste
1332 3847 1412 3906 agat:
1433 3842 1526 3907 quippe
1548 3841 1601 3895 steri
1620 3844 1714 3906 potest,

92 3921 169 3980 ἔσται
194 3920 321 3999 ἀδίκημα·
339 3923 419 3990 αὐτὸς
439 3922 490 4004 γθιρ
505 3927 551 3984 οὐκ
574 3923 644 3984 ἔστιν
659 3924 764 3996 ἄδικος,
787 3924 811 3982 εί
835 3923 880 3983 καί
925 3931 1136 4000 quemadmodum
1154 3933 1180 3983 in
1198 3930 1369 3996 superioribus
1389 3930 1558 3989 ostendimus,
1579 3934 1607 3980 ut
1623 3929 1716 3992 injuste

94 4011 174 4070 ἀδικα
187 4014 266 4070 ποιεῖ·
280 4011 372 4090 ὡςγδιρ
384 4014 410 4072 ἐν
422 4021 476 4080 τοῖς
485 4013 683 4094 προειρημένοις
703 4011 819 4091 ἐδείχθη,
835 4012 880 4070 δυ·
928 4023 1004 4074 iaciat
1020 4021 1125 4086 aliquis,
1139 4035 1183 4072 nee
1193 4023 1277 4072 tamen
1289 4019 1398 4084 injustus
1411 4019 1452 4070 sit.
1466 4007 1566 4070 Etenim
1580 4022 1635 4069 turn
1646 4019 1713 4084 inju-

93 4101 170 4160 νοιτδν
182 4091 252 4160 εἶναι
266 4099 345 4160 ἄδικα
357 4101 405 4178 μίν
416 4110 517 4180 ποιεῖν,
528 4103 616 4163 ἀδικον
630 4101 657 4162 δὲ
672 4099 710 4181 μὴ
722 4091 799 4162 εἶναι.
812 4101 881 4160 Τότι
926 4117 981 4163 stus
991 4115 1038 4170 est,
1051 4125 1131 4176 quum
1144 4111 1197 4176 ipse
1209 4109 1298 4175 agendi
1308 4112 1458 4174 potestatem
1469 4109 1554 4171 habet,
1571 4123 1616 4160 nee
1626 4122 1714 4174 aquo·

92 4189 145 4269 γὰρ
169 4189 257 4257 ἄδικός
278 4193 368 4264 ἐστιν,
386 4191 448 4250 ὅταν
471 4195 489 4262 ἡ
509 4191 601 4270 πρᾶξις
622 4193 663 4250 ἐπ’
689 4193 761 4270 αὐτῷ
782 4181 817 4268 ᾖ,
834 4190 880 4250 καί
925 4215 1002 4266 quam
1023 4199 1129 4264 cogitur,
1147 4203 1191 4250 aut
1211 4199 1444 4265 temporaignorat,
1459 4197 1504 4250 sed
1522 4199 1627 4263 cognitis
1640 4198 1715 4250 rebus

94 4277 187 4354 μηδείς
198 4279 330 4352 βιάζηται,
341 4278 467 4346 καίείδὼς
478 4278 524 4340 καί
539 4278 576 4356 μὴ
590 4282 690 4361 ἀγνοῶν
704 4279 738 4339 ria
750 4301 880 4358 πιριστα-
925 4289 1106 4352 omnibusagit.
1116 4288 1191 4340 Verbi
1201 4288 1290 4353 gratia,
1304 4301 1380 4354 quem
1392 4286 1466 4339 feriat
1477 4291 1562 4352 etqua
1574 4287 1605 4338 de
1617 4299 1693 4337 eausa
1706 4302 1712 4332 z

94 4367 156 4426 τικδι
169 4367 266 4429 πάντα.
280 4358 357 4446 Oios,
369 4367 428 4428 τίνα
442 4366 543 4442 τόπτει,
555 4366 679 4435 saisire<
694 4367 779 4428 ίνεκα·
795 4373 878 4427 ταῦτα
925 4379 979 4430 haee
995 4382 1079 4430 autem
1101 4380 1127 4431 in
1147 4378 1270 4444 superiori
1290 4377 1322 4430 de
1335 4379 1411 4430 rebus
1424 4382 1479 4428 tum
1495 4377 1640 4428 voluntariis
1658 4379 1713 4426 tum

95 4457 125 4516 δὲ
139 4459 166 4515 ἐν
189 4459 226 4537 τῷ
246 4460 306 4538 περί
329 4458 449 4518 ἑκουσίου
473 4458 520 4518 καί
539 4458 662 4519 ἀκουσίου
686 4457 876 4538 διωρισάμεθα.
925 4483 975 4520 uon
1000 4469 1145 4522 voluntariis
1158 4468 1328 4534 disputatione
1350 4465 1514 4518 definivimus.
1539 4465 1632 4517 Eadem
1654 4477 1715 4516 vero

94 4545 210 4623 Ὁμοίως
224 4548 308 4608 δίκαθ
323 4547 367 4608 tei
382 4552 433 4608 τῶν
449 4549 539 4609 δίκαια
558 4553 701 4610 ποιούντων
726 4547 793 4608 ἔστί·
820 4549 879 4608 τότε
924 4559 1000 4608 etiam
1022 4559 1152 4610 hominum
1169 4558 1236 4623 juste
1260 4556 1387 4622 agentium
1410 4555 1475 4606 ratio
1490 4557 1529 4606 est
1547 4573 1554 4604 ι
1574 4558 1629 4605 tum
1645 4552 1713 4604 enirn

92 4637 145 4718 γάρ
156 4661 193 4702 τις
206 4637 304 4706 δίκαιός
312 4639 380 4716 ίστι,
396 4637 442 4698 καί
454 4638 484 4698 τδ
498 4639 572 4720 ἔργον
584 4637 804 4718 δικαιοπράγημα
818 4641 879 4698 καθ’
922 4649 1007 4712 justus
1023 4651 1061 4699 est
1076 4647 1167 4714 aliquis
1180 4651 1205 4698 et
1219 4661 1260 4699 res
1273 4659 1332 4712 quo
1347 4645 1430 4710 agitur
1441 4657 1486 4710 per
1504 4657 1531 4696 se
1544 4643 1614 4707 justa
1631 4643 1711 4704 setio,

93 4727 171 4804 αὑτό,
180 4725 372 4796 δτανὲκουοίως
381 4728 497 4806 γίνηται·
508 4732 522 4788 ὁ
533 4727 637 4808 γάρτὴν
648 4726 878 4808 παρακαταθήκην
923 4734 1024 4800 quando
1032 4740 1119 4800 sponte
1131 4735 1283 4801 suscipiturr
1296 4749 1355 4786 nam
1372 4733 1418 4800 qui
1431 4736 1532 4798 propter
1545 4735 1640 4782 metum
1652 4731 1712 4782 red-

93 4817 207 4888 ἀποδοίις
227 4817 271 4879 διθ
293 4817 373 4901 ρόόον
390 4818 449 4878 οὔτε
471 4819 671 4899 δικαιοπραγεῖ,
694 4816 754 4879 οὗτε
780 4817 880 4885 δίκαιός
923 4823 959 4876 dit
979 4823 1134 4890 depositum,
1154 4839 1234 4891 neque
1240 4825 1308 4890 juste
1320 4823 1396 4883 tacit,
1415 4837 1495 4888 neque
1507 4821 1593 4886 justus
1606 4824 1652 4880 est,
1667 4820 1712 4872 sed

95 4910 183 4984 toris,
196 4909 266 4970 ἀλλὰ
279 4907 349 4969 κατθ
365 4907 534 4988 συμόεόηκθς
551 4909 668 4988 λέγεται.
687 4910 782 4970 Ταῦτα
797 4904 825 4968 δθ
840 4906 879 4966 ἔτι
925 4917 1022 4965 tantum
1041 4927 1084 4979 per
1098 4914 1212 4966 aeeidens
1228 4914 1265 4964 ita
1275 4916 1387 4964 vocatur.
1408 4913 1503 4962 Verum
1517 4911 1659 4962 haeeetiam
1670 4924 1712 4962 ae·

91 4997 234 5080 διαιρετίον
248 4997 444 5082 ἀκριόίστερον.
925 5003 1037 5055 curatius
1048 5009 1107 5055 sunt
1124 5003 1307 5070 distinguenda.

103 5249 183 5322 *Gap¹
199 5263 222 5309 8.
232 5257 311 5310 ὄντων
328 5258 356 5309 δὲ
372 5259 423 5309 τῶν
435 5257 536 5309 δικαίων
549 5257 591 5308 καὶ
608 5257 698 5310 ἀδίκων
711 5259 761 5312 τῶν
780 5258 913 5327 εἰρημένων
926 5259 978 5312 κτλ.
