3958 5942
252 448 311 509 2³0
758 439 905 502 EUDEMI
927 438 1062 499 ΠΠΟΠΠ
1086 435 1355 499 ΡΕΙΠΡΛΤΕΤΙΠΙ

254 577 285 638 τδ
295 578 392 650 καλόν,
408 575 475 635 δλλδ
494 573 595 634 πολλοί·
608 571 638 632 τδ
653 571 701 652 μέν
714 573 766 652 γδρ
783 575 881 654 χρῶμα
903 572 983 633 καλδν
1007 570 1035 631 ί·
1082 571 1177 640 οὔτως·
1192 597 1204 624 ⁸
1218 568 1309 651 ὥσπερ
1331 569 1359 630 δέ
1381 571 1405 631 τί
1424 569 1511 630 πάντα
1533 573 1574 645 είη
1593 573 1625 633 τό
1645 573 1702 633 ὄντα
1715 578 1776 638 καλὰ
1793 603 1826 638 κει

255 691 332 738 στου,
355 665 384 724 τδ
404 664 431 724 δέ
453 662 630 739 ἐπιτήδευμα,
651 661 682 721 τδ
703 660 731 721 δέ
753 660 784 734 θ,
805 685 830 720 τι
850 660 966 737 δήποτε,
993 663 1035 739 (τδ
1081 657 1162 737 μηθέν
1181 657 1222 734 τίη
1240 657 1332 720 λαθεῖν
1353 658 1431 719 θοῦκ
1450 657 1507 720 ἔστι
1521 661 1618 736 καλόν,
1632 663 1753 740 καλδιμδν
1770 665 1828 726 ἔσται

255 757 278 816 δ’
294 755 356 814 αῦτδ
370 754 412 812 zai
426 757 472 812 τοῦ
486 755 578 811 λευκοῦ
594 749 687 820 έδειξεν
702 755 716 810 θ
733 750 946 830 Ἀριστοτέλης),
963 749 1032 810 οὔτω
1081 749 1181 823 πάντα,
1196 751 1225 808 οὔ
1240 747 1292 825 μὴν
1306 746 1334 808 έν
1348 770 1379 827 γι
1396 747 1426 808 τδ
1445 747 1526 808 καλδν
1548 750 1615 810 ἀλλὰ
1629 751 1723 810 πολλέ·
1733 755 1828 832 τόδιμίν

256 843 287 916 δὴ
305 842 349 902 καί
364 841 426 901 ὄντα
450 839 496 918 μὲν
516 839 602 898 πάντα
622 837 712 910 έσται,
732 840 790 896 ἀλλ’
806 840 856 918 οὔχ
878 837 905 898 έν
926 836 985 898 οὔδέ
1005 835 1035 896 τδ
1081 835 1133 918 γδρ
1151 835 1248 918 χρῶμα
1264 836 1344 897 καλόν
1367 837 1440 910 ἔστι,
1456 837 1515 896 τόδε
1534 837 1561 896 δέ
1584 839 1751 917 ἐπιτήδευμα,
1769 842 1829 902 τὸδί

257 929 334 988 αῦτό·
351 957 362 980 ι
377 927 422 988 καί
443 924 539 1007 Ιίιευδὴς
556 931 573 998 η
589 923 700 1006 έπιφορδ
722 929 739 998 ἡ
758 924 884 1002 λέγουσα,
899 923 927 985 έν
941 925 993 1004 ἄρα
1007 923 1036 984 τδ
1082 923 1111 998 8,
1125 947 1152 984 τι
1172 923 1285 997 δήποτε,
1301 923 1370 984 οὔτω
1393 923 1424 996 δὴ
1445 923 1491 984 κοιλ
1510 923 1575 984 ὄντα
1597 921 1644 1003 μέν
1660 926 1742 984 πέντα
1759 926 1828 1002 ίστιιι,

256 1017 298 1092 όν,
311 1026 356 1078 καί
366 1021 412 1076 οὔκ
424 1017 453 1075 έκ
466 1019 518 1074 τῶν
533 1016 660 1094 κειμένων
673 1015 834 1091 συνηγμένη.
858 1013 915 1074 Κᾶν
927 1013 979 1094 γδιρ
989 1037 1036 1092 μο-
1083 1013 1141 1074 ἀλλ’
1156 1013 1242 1094 οὔχθν
1257 1011 1315 1074 aaut
1327 1012 1357 1072 τδ
1372 1011 1452 1072 αὔτό·
1470 1012 1558 1095 ἕτερον
1572 1013 1620 1092 μέν
1634 1014 1684 1094 γδρ
1696 1014 1769 1096 ὔδωρ,
1780 1015 1830 1076 όλλο

257 1105 382 1186 ναχῶςτδ
396 1103 552 1178 ὔν,οὔκῆδη
566 1101 633 1162 ἓντδ
647 1101 685 1164 όν.
729 1104 862 1181 Μοναχῶς
873 1101 924 1186 γδιρ
934 1100 1038 1178 λέγεται
1082 1101 1110 1163 δί
1123 1101 1153 1162 τδ
1167 1107 1257 1182 πῦρ.ι
1298 1097 1378 1168 Ἴσως
1396 1098 1424 1160 δέ
1444 1105 1533 1161 τοῦτον
1548 1100 1767 1182 παρηττξσατοτδν
1786 1107 1830 1185 τρέ

257 1196 302 1252 καὶ
323 1193 392 1271 γένει
410 1192 454 1252 καλ
477 1189 557 1264 εέδει,
572 1191 700 1271 ἑκατέρως
714 1191 741 1250 δέ
756 1189 856 1263 πολλοί,
872 1191 916 1250 καί
932 1189 1037 1268 συμῦή·
1082 1213 1130 1251 πον
1144 1192 1191 1262 τῆς
1214 1187 1367 1258 ἀποδείξεως
1382 1186 1580 1269 Ἀριστοτέλης,
1597 1189 1661 1248 διότι
1679 1191 1701 1250 εί
1718 1193 1749 1258 ῶς
1766 1191 1829 1252 κοιιδι

259 1303 332 1340 σεται
351 1279 381 1340 τδ
402 1281 446 1339 ίπί
464 1283 509 1340 τοῦ
528 1277 596 1340 κατὰ
615 1279 644 1338 τὸ
663 1279 744 1340 καλδν
759 1279 970 1358 παραδείγματος
986 1277 1038 1337 θττδ
1083 1276 1111 1336 έν
1125 1273 1258 1336 ὑπετίθετο
1276 1275 1305 1334 τὸ
1320 1274 1348 1335 δν
1365 1274 1474 1352 ahaja<
1486 1273 1574 1356 γένος,
1588 1277 1648 1336 είτι·
1660 1280 1694 1344 ιὀς
1711 1269 1780 1350 εἶδος,
1792 1279 1830 1338 ιίτε

257 1373 302 1428 τοῦ
320 1367 445 1446 Εὔδημον
466 1370 617 1448 εἰρημένον,
632 1369 671 1427 ότι
694 1369 762 1428 καλδ
778 1367 825 1444 μέν
848 1368 922 1426 ἔσται
938 1366 1037 1439 πάντα,
1082 1367 1117 1432 ὡς
1128 1363 1265 1442 ὁμώνυμος
1280 1362 1370 1443 φωνή,
1386 1362 1459 1431 εὔθῦς
1476 1363 1521 1422 καλ
1535 1362 1569 1424 τό
1582 1365 1667 1424 πολλὰ
1680 1366 1830 1446 σινιισηγετο·

257 1459 286 1515 οὔ
306 1455 357 1533 μὴν
375 1455 403 1516 έν
422 1455 452 1517 τδ
465 1457 546 1516 καλδν
559 1460 597 1537 τῷ
613 1459 732 1537 ἀριθμῷ·
748 1454 782 1515 τδ
795 1453 848 1536 γὰρ
864 1459 901 1534 τῷ
917 1455 988 1534 λόγῳ
1010 1453 1038 1512 έν
1083 1454 1113 1512 τὸ
1126 1453 1177 1533 γδρ
1188 1453 1272 1512 κοινδν
1282 1451 1409 1512 πλειόνων
1423 1443 1489 1512 εἶναι
1502 1452 1587 1513 κοινδν
1603 1452 1713 1534 όνέγκη.
1751 1455 1831 1517 Auni

258 1545 369 1618 οὔκῆδη
384 1545 596 1626 καλτῶθριθμῷ
611 1545 648 1608 έν.
692 1545 735 1605 Tu
750 1543 777 1604 δέ
790 1543 857 1604 αὐτὰ
870 1545 912 1604 ἐπὶ
927 1547 972 1602 τοῦ
981 1544 1038 1602 λευ-
1083 1545 1119 1610 ὡς
1136 1543 1239 1623 ἀριθμῷ
1256 1539 1284 1600 έν
1298 1540 1455 1615 ὑποθέμενος
1474 1542 1566 1616 ἐπειδὴ
1585 1541 1832 1616 τδτοιοῦτονδνῆὔις

258 1637 304 1692 κοῦ
319 1631 463 1711 συνήγαγεν
477 1632 689 1712 θἈριστοτέλης,
700 1631 745 1691 καί
754 1631 828 1691 οῦδὲν
843 1623 874 1704 ἦν
889 1631 1039 1707 θαυμαστὸν
1084 1628 1191 1710 τωνεχές
1205 1631 1275 1688 ίστιν
1289 1627 1316 1688 έν
1328 1629 1345 1700 ἢ
1357 1633 1393 1697 ὡς
1406 1633 1444 1711 τῷ
1458 1631 1529 1712 λόγῳ
1546 1631 1576 1692 τδ
1591 1631 1654 1693 αὔτδ
1666 1630 1682 1705 ἣ
1695 1635 1728 1702 ὣς
1741 1633 1832 1714 έδιαίρε·

258 1717 317 1786 τοῦς
341 1719 450 1786 κανόνας
471 1724 523 1778 τῶν
548 1721 633 1798 λόγων
658 1719 739 1796 μήπω
765 1719 823 1778 τότε
845 1717 1039 1797 διακεκρίσθαι,
1084 1741 1143 1792 τον,
1157 1717 1252 1786 έδειξεν
1265 1716 1307 1778 ὅτι
1322 1717 1380 1778 οὔτε
1401 1719 1437 1786 όνς
1452 1719 1560 1799 συνεχές
1573 1720 1630 1782 οὔτε
1648 1723 1682 1789 ὔνς
1698 1721 1832 1802 τῶλόγῳτῦ

260 1803 328 1863 ἀλλδι
348 1806 513 1886 φωραθέντος
527 1803 635 1884 ὔστερον
657 1804 682 1874 ἐξ
700 1807 786 1864 αὐτῶν
806 1810 857 1866 τῶν
876 1804 1041 1885 πραγμάτων
1085 1805 1162 1880 αὔτό,
1175 1804 1206 1865 τὸ
1219 1806 1246 1866 δὲ
1258 1807 1293 1873 ῶς
1306 1805 1453 1886 ἀδιαίρετον
1465 1809 1500 1875 ῶς
1512 1809 1627 1888 ἐναργῶς
1638 1808 1727 1870 ότοπον
1740 1814 1831 1890 παρῆκεν

259 1893 339 1960 οὔτως
349 1892 512 1972 ἐξενεχθῆναι
522 1891 585 1972 πρὸς
594 1894 700 1954 πλείονα
709 1892 1040 1972 συντελοῦνταςᾶκρίῦειαν,
1085 1893 1198 1954 ιῦθῦνειν
1212 1895 1248 1962 ῶς
1262 1901 1414 1973 σωματικοῦ
1425 1894 1538 1976 πέρατος
1549 1896 1708 1966 ὑποτιθέντα
1721 1901 1761 1956 τοῦ
1769 1899 1833 1956 ίδιαι·

260 1981 294 2046 ὡς
310 1979 354 2038 καί
368 1983 382 2037 θ
397 1977 519 2055 Εὔδημος
534 1983 659 2060 μαρτυρεῖ
672 1977 768 2058 λέγων·
782 2005 795 2034 ι
813 1978 978 2059 Παρμενίδου
993 1978 1040 2058 μέν
1086 1979 1184 2064 ρίτου).

261 2059 305 2126 οὔν
331 2065 458 2145 ἀγασθείη
485 2065 515 2124 δίν
539 2091 577 2134 τις
603 2066 793 2136 ἀναξιοπίστοις
820 2068 1041 2140 ἀκολουθήσαντος
1127 2091 1163 2130 ιε.
1185 2069 1354 2132 Ἀλλδτοῦτο
1367 2071 1538 2150 Παρμενίδης
1551 2071 1710 2155 οὔπωέόνρα.
1745 2071 1833 2148 Ἀνέγκη

259 2155 346 2234 λόγοις
369 2155 415 2216 καλ
433 2154 484 2214 ὔττδ
502 2154 624 2217 τοιοῦτων
648 2157 824 2230 ἀπατηθέντος
850 2157 867 2216 θ
887 2156 961 2218 οὔπω
981 2158 1040 2218 τότε
1086 2157 1117 2232 δὴ
1137 2158 1227 2219 λαῦιῗν
1251 2157 1289 2236 μὴ
1311 2157 1430 2237 μένονὲν
1451 2161 1592 2236 σημαίνειν
1609 2163 1638 2222 τδ
1651 2161 1692 2236 δν,
1711 2161 1762 2223 καθ’
1777 2152 1833 2220 aiu

262 2243 455 2324 διασεσοίφητο·
471 2242 529 2302 οὔτε
551 2243 601 2324 γδιρ
623 2243 653 2304 τδ
673 2246 813 2325 πολλαχῶς
834 2243 921 2324 ἔλεγεν
941 2244 1035 2318 οὔδείς,
1086 2251 1271 2329 κατηγορηθῇ,
1288 2245 1357 2307 ιίλλδ
1375 2247 1422 2306 καλ
1444 2248 1509 2330 ὅπερ
1523 2247 1555 2310 δν
1579 2251 1624 2311 καλ
1638 2249 1699 2331 όιτερ
1715 2250 1751 2310 έν·
1762 2249 1785 2307 ιδ
1796 2247 1833 2326 γλρ

261 2331 330 2390 ἀλλὰ
350 2330 465 2392 Πλοίτων
482 2335 584 2411 πρῶτον
603 2331 632 2391 τδ
652 2333 739 2392 δισσδν
758 2335 910 2413 εἰσήγαγεν,
928 2333 987 2393 οὔτε
1012 2335 1042 2393 τδ
1086 2335 1251 2413 συμῦεῦηκδς
1266 2337 1324 2396 καθ’
1339 2335 1512 2413 ὔποκειμίνου
1527 2338 1598 2408 τινδς
1618 2338 1725 2417 λέγεται.
1740 2327 1833 2416 ’Πυττῷ

260 2423 320 2480 καθ’
336 2418 399 2480 αὔτδ
421 2418 465 2478 καὶ
485 2419 517 2478 εδ
530 2419 599 2480 κατὰ
618 2420 799 2496 συμῦεῦηκός·
811 2421 930 2505 φαίνεται
950 2421 977 2481 δὲ
992 2423 1041 2482 ὔπδ
1086 2423 1237 2504 συμῦίῦηκε
1255 2424 1285 2483 τδ
1309 2423 1354 2496 όν,
1370 2425 1418 2483 οὔκ
1432 2423 1522 2484 ἔσται·
1542 2426 1629 2508 έτερον
1646 2426 1694 2508 γδρ
1711 2431 1750 2485 τοῦ
1768 2424 1833 2490 όντυς·

260 2507 358 2568 τούτων
380 2509 579 2588 διαψευσθῆναι.
623 2511 715 2568 Ταῦτα
734 2509 761 2568 δέ
781 2509 811 2568 ίκ
829 2513 880 2568 τῶν
900 2509 1042 2590 λόγωνκαὶ
1085 2511 1161 2572 ἔσται
1179 2535 1204 2572 τι
1218 2513 1269 2593 ἄρα
1292 2513 1340 2571 οὔκ
1355 2510 1396 2570 όν·
1421 2513 1450 2572 οὔ
1470 2513 1502 2586 δὴ
1523 2513 1601 2574 ἔσται
1615 2515 1685 2596 δλλῳ
1700 2514 1800 2594 θπέρχσν
1813 2511 1834 2570 τὸ

260 2601 311 2656 τῶν
325 2598 478 2675 ἀντιλογιῶν
490 2597 621 2677 ίθεωρήθη
632 2597 677 2657 καλ
689 2599 718 2657 τδ
729 2598 924 2676 συλλογιστικέν
932 2619 941 2637 ·
950 2599 979 2658 οὔ
990 2598 1041 2680 γὰρ
1086 2598 1150 2681 ῦπαρ
1165 2600 1206 2661 όν.

260 2692 433 2765 συνεχωρεῖτο
447 2687 469 2742 εἰ
484 2683 521 2759 μὴ
536 2683 653 2765 φαίνοιτο
667 2687 823 2763 ἀναγκαῖον,
842 2688 866 2746 ui
881 2685 909 2746 δέ
920 2685 1041 2769 πρότεροι
1126 2687 1312 2768 (Aristoteles
1325 2688 1414 2766 Phys.
1438 2688 1489 2748 lib.
1509 2690 1522 2750 i
1543 2711 1607 2771 cap.
1625 2694 1642 2750 3
1661 2711 1719 2772 pag.
1739 2691 1793 2750 186.
1811 2708 1830 2747 a.

262 2771 455 2836 ἀναποδείκτοις
483 2771 669 2853 ἀπεφαίνοντο.
699 2799 711 2826 ν
766 2773 836 2834 Ἀλλ’
864 2775 1041 2856 Ἀριστοτέλης
1086 2777 1183 2836 31ed.
1206 2777 1323 2838 Bekker.
1341 2775 1509 2856 Simplicius
1525 2779 1577 2838 sol·
1595 2779 1688 2857 α9καλ
1707 2781 1720 2837 θ
1736 2776 1834 2852 Εὔδημος

263 2859 406 2938 βιαιότερόν
417 2882 472 2924 πως
481 2857 610 2930 ἔδουλήθη
622 2861 666 2919 καὶ
679 2859 723 2920 lai
734 2866 780 2921 τοῦ
791 2864 869 2922 αὔτοῦ
881 2867 914 2935 τῆ
924 2863 1040 2922 ὔποστοί-
1087 2863 1114 2923 δδ
1129 2869 1167 2946 τῷ
1179 2862 1352 2944 Ἀριστοτέλει
1366 2864 1454 2924 πάντα
1470 2869 1670 2928 κατακολουθῶν
1683 2871 1724 2926 τοῦ
1737 2865 1791 2945 ότερ
1803 2862 1834 2921 όν-

260 2971 317 3018 σει,
332 2951 367 3014 ὡς
381 2947 425 3008 ἐπί
438 2953 483 3006 τοῦ
498 2950 589 3007 λευκοῦ
605 2948 727 3026 σώματος
742 2949 840 3025 δεῖξαι,
853 2951 892 3010 ότι
906 2951 936 3011 τδ
949 2949 1039 3010 λευκδν
1084 2977 1126 3021 τος
1138 2955 1233 3020 έκῗενος
1247 2953 1319 3034 (leg.
1332 2953 1436 3034 ίκείνῳ)
1451 2956 1498 3014 οὔτε
1509 2955 1623 3028 ἤκουσεν
1634 2959 1667 3024 ὡς
1678 2955 1764 3034 γένους.
1800 2951 1833 3011 Ἐν

258 3036 345 3095 πολλοί
359 3037 413 3095 ἔστι
434 3039 472 3109 τῷ
486 3035 556 3116 λόγῳ
570 3037 599 3096 τό
619 3061 647 3097 τε
668 3041 702 3106 ὡς
717 3041 884 3117 ὔποκείμενον
903 3041 947 3099 καὶ
962 3039 991 3098 τὸ
1005 3043 1039 3105 ῶς
1084 3045 1144 3120 γοῦν
1160 3046 1196 3123 τῷ
1212 3041 1309 3122 πρώτῳ
1324 3044 1376 3100 τῶν
1388 3044 1514 3102 Φυσικῶν
1528 3044 1590 3126 περλ
1605 3042 1759 3124 Παρμενίδου
1769 3039 1832 3118 λέγων

257 3125 282 3182 ἒν
308 3123 483 3205 ὑποκειμένῳ.
528 3127 622 3186 Καίτοι
652 3129 710 3188 οῦδὲ
740 3127 855 3204 τοῦνομα
882 3129 981 3190 τοῦτιυν
1007 3131 1038 3188 τδ
1084 3133 1167 3188 ταῦτα
1179 3130 1308 3210 γέγραφεν
1321 3128 1531 3210 ὔνςἈλέξανδρός
1543 3154 1632 3210 φησιν.
1674 3129 1833 3208 Ἐγόυγόροῦχ

259 3209 337 3269 αὐτό·
353 3211 383 3269 τδ
394 3211 445 3288 γδιρ
460 3211 630 3287 ὑποκείμενον
642 3215 734 3274 λευκὸν
747 3217 794 3274 οὐκ
810 3215 878 3274 έστιν
893 3217 950 3276 οῦδὲ
963 3215 1037 3294 λέγε·
1084 3209 1157 3296 εὔρον
1173 3219 1199 3275 έν
1221 3219 1258 3298 τῷ
1277 3217 1404 3299 Εὔδημίῳ
1419 3218 1488 3296 (leg.
1512 3219 1655 3300 Εὔδημείῳ
1672 3233 1717 3278 aut
1731 3215 1832 3296 Εὔδιίμῳ)

258 3321 302 3356 ται
317 3301 375 3356 καθ’
392 3299 470 3366 αὑτό,
488 3299 533 3357 ε’διν
547 3299 583 3375 μὴ
599 3300 641 3360 ὅτε
656 3301 726 3382 (leg.
742 3300 820 3380 όταν)
835 3302 880 3362 σῦν
896 3309 928 3382 τῇ
943 3304 1038 3364 λευκό-
1083 3303 1130 3376 την
1148 3303 1214 3374 λέξιν
1232 3305 1347 3378 ταύτην·
1361 3333 1373 3358 ι
1393 3304 1423 3365 τὸ
1438 3305 1486 3382 μὲν
1499 3297 1547 3365 οὔν
1567 3307 1650 3368 κοινδν
1668 3310 1712 3368 οὔκ
1725 3306 1753 3365 δν
1766 3305 1832 3382 λέγει·

258 3409 316 3458 τητι
335 3386 439 3466 ληφθῇ,
452 3385 520 3446 ὥστε
542 3389 615 3466 εἴπερ
630 3389 681 3468 ίίρα
703 3389 733 3448 τὸ
754 3391 817 3450 αὔτδ
830 3391 913 3466 όνσμοί
927 3395 996 3451 ἐστιν
1011 3396 1037 3452 ἐν
1083 3391 1142 3454 οὔτε
1158 3393 1209 3473 γδρ
1234 3392 1350 3465 ἐζητεῖτέ
1365 3417 1408 3452 πω
1428 3393 1461 3452 οδ
1480 3402 1608 3472 τοιαῦτα,
1626 3397 1692 3456 ἀλλδ
1710 3393 1832 3472 impu&

258 3473 388 3554 διαφόροις
399 3472 499 3552 λόγοις,
510 3475 568 3553 οὔχλ
583 3483 626 3536 τοῦ
637 3479 663 3534 έν
678 3478 841 3560 ὑποκειμένῳ
852 3480 897 3538 καὶ
910 3485 956 3540 τοῦ
971 3483 1036 3540 ὔπσ-
1082 3485 1134 3540 τῶν
1155 3482 1238 3560 λόγων
1260 3485 1404 3562 προῆλθεν,
1420 3481 1480 3542 οὔτε
1498 3485 1647 3566 ίπιδέχσιτο
1668 3485 1698 3544 θν
1716 3484 1731 3543 δ
1746 3487 1777 3564 τῷ
1791 3481 1832 3540 ίντι

257 3562 392 3640 κειμένου,
409 3561 477 3622 ἀλλὰ
488 3568 535 3622 τοῦ
551 3563 760 3645 συναμφοτέρου,
802 3568 875 3627 Διότε
889 3569 934 3628 καὶ
948 3570 977 3630 τδ
990 3595 1035 3650 με·
1083 3569 1206 3649 ἐπιλέγει.
1250 3573 1312 3638 Πῶς
1330 3569 1381 3652 γὰρ
1401 3570 1476 3630 έσται
1500 3578 1582 3633 τοῦτο
1597 3572 1717 3652 μεσσόθεν
1736 3563 1832 3630 ίσοταλές

257 3649 333 3730 τέχον
348 3649 563 3733 λευκὸνιλέξομεν
584 3651 650 3727 μετὰ
664 3657 711 3725 τῆς
725 3654 849 3729 μεθέξεως
863 3656 908 3714 καὶ
926 3659 990 3718 αὐτὸ
1007 3661 1037 3720 τὸ
1081 3657 1127 3718 καλ
1141 3659 1173 3718 τδ
1190 3665 1315 3732 τοιαῦτα;
1331 3663 1368 3740 τῷ
1384 3659 1410 3718 δέ
1430 3662 1552 3741 οὐρανῷ,
1567 3662 1647 3743 φησί,
1663 3659 1748 3742 σχεδὸν
1760 3655 1832 3718 πάντες

257 3743 352 3820 χρῶμα
372 3739 401 3798 τδ
421 3738 608 3818 μετεχόμενον.
654 3739 906 3825 Ἀκριῦολογσυμένῳ
929 3744 957 3804 δὲ
979 3747 1036 3808 οὐδὲ
1082 3749 1274 3829 ἐφαρμόσουσιν
1288 3751 1312 3807 οί
1328 3753 1440 3808 τοιοῦτοι
1454 3749 1528 3826 λόγοι
1546 3749 1585 3830 ν).

257 3826 354 3888 τούτων
370 3825 400 3886 τδ
412 3827 476 3886 αιἰτό
488 3829 557 3886 ἐστιν
570 3826 664 3905 ὄνομα,
679 3829 752 3909 εἴπερ
764 3829 794 3888 τδ
807 3829 854 3908 μέν
869 3831 998 3894 λευκδντδ
1009 3835 1036 3896 δέ
1122 3857 1157 3898 τε.
1180 3840 1221 3898 Οὔ
1242 3836 1292 3918 γδρ
1312 3839 1388 3897 ἔσται
1402 3837 1457 3897 ὔντι
1480 3841 1552 3920 αὐτῷ
1569 3827 1648 3914 εἶναι,
1667 3839 1688 3898 εί
1711 3835 1744 3917 μὴ
1765 3829 1830 3893 πολλό

256 3915 392 3988 λευκότης,
407 3914 451 3975 καὶ
466 3913 495 3975 τὸ
516 3913 562 3992 μέν
577 3915 650 3976 ποιδν
673 3917 702 3976 τδ
718 3915 746 3977 δδ
766 3918 880 3992 ποιότης.
921 3921 969 3982 Διδ
990 3925 1035 3985 κοιλ
1080 3925 1110 3985 τδ
1128 3925 1156 3985 δν
1171 3926 1294 4003 σημαίνει
1313 3926 1394 3994 οὔτως
1411 3926 1480 3986 ὥστε
1495 3916 1564 3988 εἶναί
1584 3951 1610 3988 τι
1625 3925 1740 3988 ἕκαστον.
1775 3919 1828 3982 Ἀλλ’

255 4002 395 4080 θριζόμεθοι
421 4000 469 4072 τὴν
500 4001 547 4078 μέν
577 4003 722 4076 λευκότητα
749 4011 846 4087 χρῶμα
875 4008 1034 4088 διακριτικὸν
1080 4014 1215 4073 ὑπόκειται
1229 4013 1299 4073 τδθν
1315 4014 1454 4090 σημαίνειν
1469 4015 1507 4076 fa.
1556 4005 1830 4094 Είοῦντδῦπερθνμη·

255 4086 356 4165 όψεως,
386 4087 416 4146 τὸ
446 4089 475 4146 δέ
503 4089 701 4169 λευκὸν-σῶμα
729 4095 882 4168 λευκότητος
911 4098 1030 4176 μετέχον.
1080 4101 1133 4161 &ui
1147 4101 1335 4178 συμῦέῦηκεν,
1355 4104 1414 4160 ἀλλ’
1432 4103 1581 4184 έκείνερ,τί
1598 4093 1829 4184 μᾶλλοντδόπερθν

255 4179 349 4236 Ταῦτα
368 4175 400 4247 δὴ
415 4166 459 4234 οὔν
475 4173 536 4234 ίδιλν
550 4179 585 4244 ῶς
602 4178 684 4240 ίοικεν
702 4181 825 4261 Εὔδημος
845 4186 892 4243 οὔκ
906 4186 1033 4246 έῦιέσατο
1080 4188 1202 4264 σημαίνει
1215 4192 1246 4250 τὸ
1262 4189 1290 4250 δν
1304 4191 1321 4262 ἢ
1344 4189 1382 4267 μὴ
1397 4189 1441 4267 ὔν;

255 4261 298 4322 ίπλ
313 4266 358 4321 τοῦ
372 4262 428 4328 ένδς
443 4265 475 4341 τῇ
489 4263 634 4326 ὔποστοίσει
647 4267 728 4336 δεῖξαι
742 4271 790 4342 τλν
804 4273 855 4330 τῶν
870 4273 953 4350 λόγιον
975 4276 1032 4332 δια·
1119 4277 1307 4356 (Aristoteles
1323 4279 1412 4357 Phys.
1434 4279 1485 4340 lib.
1506 4282 1597 4359 lcap.
1623 4282 1717 4359 δρας.
1741 4275 1795 4334 185·
1805 4269 1827 4328 b·

255 4349 354 4429 φορόν,
378 4351 437 4409 ἀλλ’
458 4352 511 4410 ἀπὸ
530 4357 618 4412 κοινοῦ
639 4377 706 4422 τινος
728 4361 773 4414 τοῦ
790 4357 872 4414 καλοῦ
890 4357 936 4429 τὴν
957 4358 1033 4429 δεῖξιν
1080 4385 1109 4422 α.
1125 4365 1290 4446 Simplicius
1310 4367 1341 4426 in
1357 4369 1444 4432 Arist.
1460 4369 1551 4448 Phys.
1569 4371 1619 4430 fol.
1638 4371 1670 4428 δι
1690 4365 1727 4426 ότι
1741 4362 1781 4444 μέν
1796 4347 1829 4417 οὔν

255 4437 399 4510 ἐποιήσατο
418 4438 523 4505 πολλοῖς
541 4439 609 4498 κατδι
624 4441 698 4520 λόγον
718 4442 880 4524 διαφέρουσιν
902 4447 1022 4526 ἐφαρμότ
1078 4453 1107 4512 οὔ
1120 4457 1171 4514 τῶν
1186 4455 1328 4535 γινομένων
1344 4481 1370 4517 τι
1382 4457 1427 4516 καλ
1438 4459 1612 4540 φθειρομένων
1625 4463 1639 4518 δ
1654 4445 1828 4538 Πυιρμενίδηεέί

254 4548 357 4600 τσντος,
373 4523 441 4584 ὥστε
456 4527 485 4587 τὸ
498 4527 587 4587 δοκοῦν
599 4529 677 4590 πόλιν
692 4529 719 4588 έν
736 4522 889 4594 εἶναιτοῦτο
904 4535 973 4594 κατόι
984 4535 1032 4607 τὴν
1078 4541 1108 4599 τδ
1122 4539 1150 4600 δν
1166 4544 1280 4618 τίθεται,
1304 4546 1379 4620 δηλοῖ
1390 4545 1419 4606 τδ
1434 4548 1541 4624 σημεῖον
1560 4550 1637 4607 αὐτοῦ
1654 4544 1680 4605 έν
1690 4545 1718 4605 τὸ
1729 4540 1829 4622 δγένητον

254 4613 394 4689 κοινότητα
405 4616 491 4675 πολλὰ
508 4605 573 4675 εἶναι
588 4615 656 4677 κατδι
670 4617 727 4687 τοῦς
741 4619 841 4698 λόγους.
885 4623 985 4706 Γράφει
1006 4623 1032 4684 δέ
1079 4629 1124 4690 καὶ
1147 4631 1277 4714 ἄφθαρτον
1294 4633 1378 4713 λέγων
1394 4638 1419 4695 ίν
1439 4628 1476 4704 οἷς
1493 4659 1573 4718 φησι·
1590 4636 1667 4717 μόνης
1683 4633 1704 4696 δ
1722 4631 1830 4708 laquo<

270 4789 1824 4824 ...Ἥ

251 4899 255 4919 τ
284 4896 320 4945 12.
338 4892 387 4947 sod
408 4891 456 4944 hou
471 4893 629 4946 Parmenides
648 4896 756 4948 nondum
772 4898 879 4952 videbat.
924 4905 1029 4957 Νευσσεο
1076 4911 1115 4960 est
1125 4909 1189 4960 enim
1203 4910 1328 4964 diversum
1341 4913 1373 4964 ab
1386 4926 1415 4965 οο
1430 4914 1499 4978 quod
1512 4917 1559 4968 eat.
1593 4914 1645 4966 Erit
1658 4925 1713 4978 ergo
1726 4904 1829 4977 (ῙΠῙΡΠΠ

250 4981 376 5047 igiturest
389 4993 432 5033 σοι
443 4995 540 5034 sumere
551 4982 595 5050 qui
606 4983 632 5034 id
645 4985 713 5049 quod
726 4989 764 5038 συί
775 5001 851 5039 unum
864 5003 918 5041 asse
930 4991 1029 5058 dicunt,
1075 4997 1143 5059 quod
1160 5009 1208 5049 uun
1225 5001 1265 5050 ast
1285 5020 1292 5050 ι
1313 5000 1518 5068 haudquaquam.
1534 5016 1592 5068 ergo
1613 5001 1653 5064 id,
1669 4999 1731 5066 quod
1751 4989 1829 5062 pmpria

250 5081 299 5120 nun
310 5069 389 5120 aulum
402 5084 479 5119 unum
496 5071 633 5136 siguificare
652 5073 676 5124 id
690 5075 758 5140 quod
771 5079 822 5139 eat,
836 5078 868 5129 de
879 5093 1031 5146 quoeunque
1076 5086 1114 5136 οεί
1127 5097 1183 5147 eus,
1198 5087 1240 5138 alii
1250 5088 1333 5142 luerit.

250 5158 440 5226 ρτσναίυεθθυτς
457 5161 500 5211 aad
518 5163 592 5214 ctiam
602 5166 669 5230 quod
685 5167 782 5232 proprie
798 5171 837 5220 ast
849 5184 905 5232 aus,
921 5175 947 5223 et
964 5173 1030 5237 quod
1108 5178 1145 5225 1³.
1162 5175 1249 5240 Neque
1264 5177 1330 5228 euim
1345 5178 1411 5232 antis
1429 5180 1549 5232 rationem
1566 5179 1671 5242 subibit,
1683 5177 1726 5230 uisi
1740 5176 1762 5226 id
1775 5167 1826 5234 (ΠΜ

249 5248 350 5317 proprie
366 5257 441 5296 uuum
461 5252 508 5298 εει.
540 5251 662 5306 Δοιαδοιιι
683 5255 750 5306 αιτιοι
768 5256 800 5306 da
819 5257 930 5320 subjecto
946 5261 1030 5325 aliquo
1074 5268 1113 5316 ast
1127 5265 1199 5330 plura
1216 5267 1336 5332 signifieat
1349 5270 1397 5321 huc
1415 5273 1504 5336 pacta,
1516 5275 1546 5324 ut
1562 5269 1739 5335 unumquidque
1752 5257 1827 5324 ssiqffi

249 5333 347 5388 affluas.
381 5339 463 5392 Quare
476 5330 600 5398 mulsea}
615 5341 639 5390 id
651 5345 717 5404 quud
731 5347 769 5394 εει
781 5345 885 5406 accidit.
901 5361 950 5400 αυο
964 5351 1029 5402 σείει
1074 5351 1115 5404 ait.
1147 5355 1181 5407 Δί
1201 5353 1227 5407 ld
1250 5357 1318 5422 quud
1342 5361 1395 5422 σει,
1418 5373 1495 5413 mum
1519 5361 1655 5426 signifiare
1679 5357 1774 5423 punitur.
1805 5345 1825 5397 ⁵¹
