3976 5948
772 413 822 474 DE
844 415 1087 482 XENOGRATE.

167 539 214 619 (ts)
229 539 289 618 πιρί
303 543 349 598 τοῦ
360 537 468 599 παιδίου
481 540 518 618 α’,
533 545 570 598 de
581 561 669 618 puero
680 541 757 603 liber
772 565 857 608 nnus.

168 630 215 704 (οε)
229 627 289 708 περί
304 630 432 706 μαθητῶν
444 629 470 685 α’
484 628 526 706 β’,
540 633 576 688 dc
589 635 734 710 discipulis
749 634 819 694 libri
837 639 907 699 duo.

378 810 406 866 V.
431 808 548 889 Scripta
568 813 660 874 varia.
762 787 765 796 .

169 989 213 1068 (st)
231 987 292 1068 περί
306 987 369 1068 βίων
387 988 420 1061 α’,
434 993 471 1046 de
484 997 550 1048 vitis
566 989 642 1050 liber
658 1013 739 1050 unus.

166 1078 200 1136 ln
216 1078 272 1136 hoc
285 1077 435 1136 volumine
446 1077 598 1157 probabile
610 1093 653 1138 est
666 1100 731 1139 eum
743 1082 779 1142 de
789 1083 910 1146 Platone

126 1187 243 1246 quoque
255 1180 283 1226 et
297 1167 461 1242 Pythagora
472 1169 585 1243 egisse,
596 1170 741 1246 siquidem
754 1173 907 1254 utriusque

125 1256 293 1335 philosophi
309 1257 399 1314 vitam
414 1275 431 1314 a
449 1255 608 1315 Xenocrate
624 1257 729 1319 litteris
744 1263 907 1324 mandatam

127 1347 215 1406 luisse
228 1358 340 1405 veteres
354 1345 557 1406 testificantur.
570 1345 741 1424 Simplicius
751 1351 782 1408 in
798 1353 909 1428 Aristo·¹

126 1435 191 1493 telis
205 1433 332 1511 Physica
344 1432 399 1493 lib.
413 1430 494 1504 Vlll,
509 1454 539 1512 p.
556 1433 613 1492 265
625 1434 658 1494 B.
673 1436 733 1512 (Cl.
748 1437 863 1500 Scholia
878 1443 906 1500 in

126 1523 247 1580 Aristot.
265 1539 332 1599 pag.
347 1530 402 1594 ηυγ
416 1521 460 1580 ed.
472 1520 625 1599 Brandis.)
641 1520 681 1582 ἔτι
696 1524 723 1583 δὲ
737 1530 813 1585 τοῦτο
829 1530 908 1610 espi-

126 1632 218 1690 στερον
233 1607 361 1680 πεποίηκε
375 1609 541 1687 Ξενοκράτης
551 1612 565 1667 θ
577 1609 755 1686 γνησιώτατος
769 1617 821 1674 τῶν
834 1619 910 1677 Πλά.

127 1717 206 1764 τωνος
222 1698 359 1776 ἀκροατῶν
374 1697 401 1755 ts
416 1701 453 1778 τῷ
467 1699 528 1776 περί
545 1702 591 1756 τοῦ
608 1698 749 1768 Πλάτωνος
770 1701 828 1779 βίου
844 1705 905 1764 τοίδε

125 1777 262 1864 γεγραριίις
286 1787 343 1844 κτλ.
376 1783 554 1844 lamblichus
582 1785 618 1844 de
652 1791 711 1846 vita
737 1790 908 1868 Pythagora

126 1891 190 1950 cap.
209 1871 248 1944 ll,
266 1893 281 1944 7
295 1872 466 1952 πσραιτητθοε
480 1872 531 1952 γὰρ
546 1873 719 1950 Ἐπιμενίδης
735 1876 781 1936 καί
793 1877 907 1949 Εὔδοξος

123 1958 168 2018 καί
184 1959 351 2039 Ξενοκράτης
372 1963 583 2042 δπονοοῦντεςτῇ
600 1963 739 2041 ίΙαρθτνίδι
753 1964 812 2026 τότε
827 1973 906 2046 μιγῆ-

125 2069 168 2109 ναι
188 2047 231 2106 τδν
250 2045 387 2126 Ἀπόλλω,
414 2047 460 2108 καλ
480 2047 595 2109 κύουσαν
616 2049 697 2124 αὐτὴν
724 2053 754 2112 lx
769 2053 806 2130 μὴ
827 2054 907 2124 οὕτως

124 2134 236 2216 ἐχούσης
252 2137 420 2209 καταστῆσαί
435 2161 463 2196 τε
475 2137 520 2196 καί
532 2139 705 2219 προαγγεῖλαι
719 2141 762 2200 διίι
773 2147 819 2216 τῆς
835 2169 906 2224 προ-

125 2226 245 2302 φήτιδος·
259 2232 336 2287 τοῦτο
355 2227 403 2304 μὲν
424 2217 469 2286 οὖν
491 2227 613 2303 οὐδαμῶς
635 2227 797 2306 προσίεσθαι.
820 2233 904 2296 cont.

124 2313 363 2392 Wyttenbachius
376 2315 451 2378 Bibl.
470 2316 542 2377 Crit.
555 2329 635 2376 oarte
648 2317 716 2377 Vlll
752 2341 817 2400 pag.
839 2345 914 2385 rao..

164 2402 212 2483 (σε)
224 2402 316 2483 Ἀρκὰς
331 2401 366 2464 α’.

166 2491 215 2570 (σε)
232 2493 381 2564 Καλλικλῆς
400 2491 436 2552 α’.

163 2578 211 2661 (79)
229 2581 379 2661 Κεφάλαιον
392 2580 427 2639 α’.

163 2667 282 2728 Inutilis
307 2679 350 2726 est
386 2665 512 2726 Fabricii
538 2669 707 2746 conjectura
744 2673 795 2749 qui
826 2675 902 2736 Bibl.

124 2759 219 2816 Graec.
236 2756 294 2817 vol.
312 2753 367 2827 lll,
386 2777 413 2834 p.
437 2778 491 2834 ¹9²
510 2758 556 2818 ed.
579 2758 658 2818 tlarl.
681 2761 722 2819 ait
738 2781 793 2839 pro
816 2765 905 2846 Κοροί-

121 2849 197 2905 λαιον
211 2845 365 2922 legendum
391 2845 485 2904 videri
508 2843 645 2925 Κέφαλος,
661 2848 730 2925 quia
750 2847 904 2932 Speusippi

120 2935 200 2994 liber
214 2933 331 3012 quidam
348 2934 391 2992 sic
405 2934 566 3013 inscriptus
585 2935 684 2995 luerit.

164 3023 213 3100 (71)
226 3023 394 3104 Πυθαγόρεια
411 3021 447 3082 α’.

166 3111 315 3186 hlenagius
330 3113 365 3170 ad
391 3111 478 3188 Diog.
501 3109 594 3172 Laert
621 3113 673 3170 lib.
701 3113 750 3185 lV,
770 3117 803 3172 εδ
827 3129 905 3175 ratus

1677 441 1733 502 ttt

957 568 1085 631 oportet,
1102 557 1154 633 qui
1168 559 1276 634 legitur
1295 560 1349 620 lib.
1364 562 1397 638 V,
1412 584 1447 636 27
1461 565 1498 623 de
1510 566 1654 643 Stagirites
1664 575 1736 630 scri-

956 641 1037 718 ptis:
1055 641 1170 721 γίνονται
1189 648 1217 704 αἱ
1238 655 1340 721 πᾶσαι,
1357 651 1482 730 μυριάδες
1496 653 1594 732 στίχων
1611 656 1735 739 τέτταρες

955 729 1000 787 καί
1013 731 1207 812 τετταράκοντα
1226 733 1291 815 πρὸς
1306 745 1359 804 τοῖς
1374 741 1598 821 πεντακισχιλίοις
1616 745 1661 804 καί
1679 749 1735 806 δια-

955 817 1053 888 κοσίοις
1068 819 1260 898 tesselatum.
1279 823 1379 903 ltaque
1389 831 1414 886 si
1430 829 1566 890 librarios
1585 831 1633 893 hic
1647 833 1737 915 στίχοι

955 905 983 981 μ’
997 927 1052 984 pro
1060 908 1157 990 στίχων
1172 911 1294 988 μυριάδες
1309 917 1458 992 scripsisse
1468 917 1652 995 conjicimus,
1665 942 1734 980 cun·

954 997 991 1051 cti
1008 994 1178 1057 Xenocratis
1191 998 1261 1058 libri
1275 1001 1424 1062 ducenties
1443 1009 1529 1065 vicies
1544 1011 1738 1085 quatermille

955 1074 1097 1136 ducentos
1116 1080 1234 1154 triginta
1254 1100 1360 1140 novem
1385 1103 1487 1144 versus
1508 1086 1664 1150 habebant.
1687 1093 1738 1149 Sin

954 1163 1036 1222 aliter
1057 1179 1176 1244 propter
1190 1171 1341 1248 scriptoris
1361 1174 1584 1234 inconstantiam
1603 1189 1630 1234 et
1645 1176 1737 1236 libra-

954 1255 1065 1312 riorum
1080 1255 1289 1333 indiligentiam
1304 1258 1340 1316 de
1355 1273 1456 1319 nostro
1468 1261 1533 1320 loco
1543 1260 1736 1338 judicandum

953 1353 1013 1413 est,
1032 1347 1128 1420 possis
1144 1343 1226 1404 facile
1246 1366 1388 1425 reponere
1404 1349 1492 1428 στίχοι
1509 1348 1537 1425 μ’
1550 1348 1576 1427 β’
1591 1349 1616 1407 α’
1630 1354 1652 1409 λ’
1675 1353 1697 1408 θ
1714 1357 1734 1417 i.

953 1448 978 1488 e.
1001 1429 1172 1506 quadragies
1194 1432 1240 1493 bis
1256 1434 1335 1492 mille
1356 1435 1474 1494 ducenti
1495 1436 1612 1514 triginta
1627 1458 1736 1499 novem

953 1516 996 1576 Cf.
1009 1537 1097 1597 supra
1109 1519 1268 1600 Speusippi
1290 1527 1379 1582 vitam
1401 1538 1462 1588 not.
1479 1526 1545 1594 134.
1561 1527 1670 1586 Verum
1691 1529 1737 1588 hic

953 1609 983 1662 in
995 1606 1111 1666 lubrico
1123 1627 1286 1671 versamur.

992 1694 1122 1754 Transeo
1138 1697 1174 1756 ad
1188 1698 1381 1778 philosophiae
1394 1701 1517 1759 formam
1536 1721 1553 1760 a
1571 1702 1736 1764 Xenocrate

952 1787 1122 1846 institutam.
1148 1787 1328 1862 Quamquam
1354 1789 1566 1850 Chalcedonius
1590 1799 1737 1872 sapientise

953 1872 1054 1932 doctor
1068 1874 1199 1938 Platonis
1214 1876 1396 1955 disciplinam
1411 1881 1551 1957 explicuit
1565 1894 1593 1939 et
1607 1883 1735 1944 illustra-

952 1965 1011 2030 vit,
1030 1975 1126 2022 tamen
1150 1967 1280 2040 magistri
1304 1970 1617 2046 vestigiapersecutus
1640 1975 1669 2030 in
1691 1994 1734 2032 re·

952 2069 1017 2106 rum
1035 2053 1280 2130 contemplatione
1297 2054 1419 2114 ulterius
1436 2075 1609 2134 progressus
1630 2074 1673 2120 est
1687 2066 1734 2120 in-

952 2137 1080 2215 sitasque
1104 2142 1258 2217 opiniones
1289 2141 1415 2200 evellere
1438 2156 1467 2201 et
1493 2164 1585 2204 novas
1608 2150 1735 2208 inserere

951 2227 1071 2288 studuit.
1099 2227 1163 2286 Jam
1188 2231 1317 2304 primum
1338 2235 1466 2290 omnium
1488 2237 1586 2292 statuit
1607 2235 1734 2313 philoso-

952 2314 1027 2391 phiae
1040 2319 1178 2392 mysteria
1192 2317 1270 2375 tradi
1286 2321 1395 2376 nemini
1410 2340 1513 2396 posse,
1529 2325 1586 2380 nisi
1603 2327 1653 2399 qui
1667 2345 1731 2402 per·

952 2407 1042 2480 ceptis
1069 2407 1152 2482 prius
1178 2404 1290 2464 artibus
1313 2406 1523 2466 mathematicis
1549 2413 1676 2468 anirnnm
1699 2414 1735 2472 ad

952 2493 1121 2568 sapientiam
1137 2505 1330 2569 praeparatum
1350 2493 1468 2552 baberet
1482 2495 1554 2573 (ρο).
1572 2497 1636 2566 Qua
1652 2503 1682 2556 in
1705 2519 1736 2559 re

953 2581 1082 2655 magistri
1114 2583 1314 2638 auctoritatem
1340 2593 1455 2640 secutus
1480 2591 1524 2644 est
1547 2581 1733 2650 Xenocrates.

952 2667 1034 2726 Plato
1045 2667 1104 2747 (91)
1119 2671 1196 2726 enim
1207 2672 1304 2745 rnagni
1321 2673 1513 2730 aestimaverat
1523 2673 1733 2750 mathematica,

951 2775 1046 2834 neque
1067 2775 1242 2834 quemquam
1267 2762 1297 2816 in
1313 2758 1470 2818 dialecticis
1491 2779 1607 2820 omnem
1634 2783 1732 2824 curam

952 2864 1122 2904 consumere
1145 2848 1319 2923 patiebatur,
1337 2851 1393 2906 nisi
1418 2852 1469 2926 qui
1490 2849 1633 2910 doctrinis
1654 2853 1732 2927 illis,

951 2933 1057 3008 quibus
1081 2935 1203 3012 puerilis
1226 2947 1293 2994 astas
1317 2936 1464 3014 impertiri
1484 2936 1581 3014 debet,
1604 2942 1734 3002 eruditus

951 3035 1026 3079 esset
1050 3041 1083 3080 ac
1120 3023 1205 3083 simul
1230 3022 1556 3100 pulveremeruditum
1584 3033 1734 3106 attigisset.

950 3110 1027 3178 Quin
1051 3112 1136 3167 etiam
1161 3109 1236 3168 idem
1264 3109 1437 3188 Pythagoras
1457 3112 1551 3172 luerat
1569 3115 1732 3194 judicium,

121 3196 903 3274 librumClementiAlexandrinoStromatum,lib.Vll,
950 3201 1059 3276 quippe
1084 3201 1134 3276 qui
1156 3199 1439 3258 numerosomnium
1461 3222 1557 3260 rerum
1584 3206 1734 3287 principia

124 3309 153 3366 p.
170 3308 225 3360 7¹7
242 3290 357 3346 citatum
368 3287 429 3368 περί
443 3289 490 3358 τῆς
504 3287 557 3345 ἀπὸ
570 3291 623 3346 τῶν
638 3288 711 3369 ζῴων
723 3293 832 3370 τροφῆς,
846 3312 904 3352 non
950 3284 1110 3364 appellaret
1124 3298 1210 3362 atque
1227 3285 1299 3344 adeo
1316 3287 1436 3346 cuilibet
1458 3291 1612 3366 tquaesu'oni
1627 3295 1734 3354 mathe-

124 3377 216 3436 lnisse
235 3376 385 3436 diversum
399 3373 436 3434 ab
453 3375 554 3454 coqui
570 3375 740 3456 Πυθαγόρεια
760 3378 904 3440 inscribe·
951 3373 1068 3434 maticas
1076 3374 1247 3452 disciplinas
1259 3375 1420 3436 adhiberet.
1429 3376 1505 3447 Quid
1515 3381 1527 3435 ί
1538 3381 1618 3456 quod
1626 3384 1734 3444 scholae

121 3465 222 3537 batur,
247 3477 405 3542 utrumque
428 3462 625 3522 Chalcedonio
652 3464 826 3544 philosopho
852 3470 904 3528 tri·
950 3463 1136 3542 inscripserat
1153 3463 1268 3542 τμηθεὶς
1285 3465 1485 3545 ᾰγεωμίτρητνι
1502 3467 1598 3528 εἰσίτω.

122 3551 198 3612 buit.
210 3553 292 3611 Licet
303 3565 397 3610 autem
408 3571 498 3629 supra
509 3553 667 3612 Xenocrati
682 3553 904 3630 Aphrodisiensi
988 3553 1082 3611 Porro
1096 3572 1186 3632 quum
1201 3551 1238 3611 ab
1253 3556 1379 3632 antiquis
1392 3554 1576 3634 philosophis
1591 3562 1731 3637 usquead

122 3641 363 3700 commentarium
394 3639 474 3698 illum
503 3640 765 3717 assignaverimus,
792 3655 901 3720 nmen,
949 3642 1094 3700 Socratem
1117 3645 1231 3702 numeri
1246 3661 1405 3720 rerumque
1428 3648 1557 3720 origines
1573 3658 1733 3707 tractaren-

120 3749 213 3807 quum
233 3731 344 3790 incerta
365 3747 411 3788 res
433 3730 487 3802 sit,
510 3748 605 3807 neque
633 3729 797 3808 hienagium
820 3735 902 3794 resel-
950 3739 1007 3801 tur,
1030 3729 1217 3808 studioseque
1242 3729 1369 3790 siderum
1393 3731 1626 3808 magnitudines,
1643 3738 1732 3793 inter·

122 3818 199 3892 lere,
217 3837 312 3896 neque
327 3831 454 3878 nostram
477 3818 647 3877 sententiam
670 3820 764 3880 allatis
783 3823 904 3882 rationi·
948 3818 1041 3892 valla,
1059 3837 1162 3878 cursus
1176 3831 1204 3876 et
1226 3831 1329 3876 cuncta
1345 3821 1472 3878 coelestia
1494 3823 1728 3900 anquirerentur,

119 3903 178 3965 bus
193 3907 269 3965 tueri
283 3904 466 3965 conabimur.
948 3905 1080 3964 Socrates
1098 3909 1212 3984 primus
1229 3905 1443 3984 philosophiam
1459 3926 1475 3964 e
1489 3909 1564 3966 coelo
1579 3909 1730 3970 devocavit

163 3993 212 4072 (79)
238 3991 453 4070 ’λ’πομνημάτων
477 3993 513 4064 α’,
541 4003 803 4054 commentariorum
826 3996 902 4056 liber
947 4005 975 4052 et
988 3993 1024 4052 ad
1038 3993 1188 4053 hominum
1211 4011 1306 4052 mores
1321 3994 1463 4064 traduxit,
1483 3995 1567 4055 Plato
1586 3998 1622 4056 de
1636 4002 1731 4076 singu·

119 4101 209 4248 anilii
223 4169 287 4249 πρὸς
301 4167 413 4248 'aptent
426 4168 465 4247 α’,
481 4175 522 4226 ad
536 4174 665 4241 Arriam
680 4171 754 4230 liber
766 4193 850 4232 unus.

159 4255 210 4337 (71)
222 4257 286 4338 πρὸς
299 4256 481 4338 Ἡφαιστίωνα
492 4257 528 4332 α’,
538 4263 580 4316 ad
591 4262 812 4336 Hepltaestioncm
827 4261 902 4321 libet·

118 4367 203 4408 unus.

947 4081 982 4140 lis
993 4081 1184 4160 philosophiae
1195 4079 1327 4160 partibus
1339 4081 1430 4139 multa
1441 4082 1593 4156 disseruit3
1606 4085 1656 4146 sed
1666 4085 1731 4164 ejus

947 4168 1107 4247 discipulus
1121 4167 1296 4227 Xenocrates
1311 4172 1423 4246 primus
1438 4174 1586 4248 sapientiae
1599 4169 1730 4251 discipli·

947 4279 1013 4316 nam
1028 4261 1059 4315 in
1073 4269 1130 4316 tres
1143 4269 1259 4335 partes,
1276 4256 1444 4335 physicam,
1457 4259 1569 4318 ethicen
1580 4303 1589 4332 ,
1602 4260 1730 4321 dialecti·

946 4365 1007 4403 cam
1023 4345 1122 4404 divisit
1137 4342 1211 4424 (9²)·
1227 4339 1275 4404 Sic
1289 4348 1378 4420 igitur
1392 4344 1538 4406 Socratica
1549 4347 1730 4410 dubitatione

158 4433 341 4492 Haecomnia
355 4433 505 4493 volumina
525 4437 675 4494 continere
695 4455 796 4497 versus
814 4443 843 4514 μ’
858 4438 901 4496 κδ’
946 4437 1047 4493 relicta
1066 4433 1245 4494 Xenocrates
1274 4434 1458 4511 dogmaticus
1482 4440 1575 4496 evasit
1600 4437 1728 4516 philoco-

117 4519 140 4577 δ’
161 4517 227 4579 α’λ’
246 4518 269 4579 θ
290 4520 436 4598 Diogenes
461 4521 594 4582 [certius
617 4538 717 4583 auctor
739 4539 797 4598 est,
814 4545 899 4602 quem
945 4523 1030 4600 phas.
1055 4522 1211 4582 Verissime
1239 4535 1337 4582 autem
1359 4523 1461 4582 (icero
1497 4525 1586 4585 acad.
1618 4525 1726 4594 Quaest.

117 4627 256 4668 versuum
272 4627 425 4668 numerum
438 4610 575 4689 plerique
596 4614 694 4670 animo
713 4613 825 4690 assequi
841 4633 899 4672 non
946 4615 997 4674 lib.
1015 4613 1039 4686 l,
1056 4633 1120 4694 cap.
1135 4621 1152 4682 4
1168 4613 1204 4672 de
1218 4613 1397 4672 Academicis
1411 4627 1440 4672 et
1452 4614 1650 4692 Peripateticis
1671 4613 1728 4671 dis-

115 4709 286 4776 potuerunt.
301 4695 356 4756 Sed
370 4700 507 4780 componi
521 4719 585 4758 cum
598 4699 654 4758 hoc
665 4703 788 4760 similem
802 4703 898 4761 locum
944 4715 1048 4781 putans
1074 4722 1081 4760 ε
1110 4726 1123 4754 ι
1150 4701 1288 4780 Utrique,
1308 4704 1419 4779 inquit,
1441 4700 1568 4758 Platonis
1596 4698 1727 4758 ubertate

147 4913 200 4977 (9ο)
211 4913 333 4976 Diogenes
350 4915 461 4964 Laertius
477 4915 521 4974 tv,
544 4918 572 4962 to
585 4915 642 4978 πρὸς
658 4915 683 4964 tt
694 4916 735 4966 τὸν
748 4917 805 4977 μήτε
815 4933 899 4979 μουσι-
943 4917 1032 4964 Sextus
1042 4912 1181 4977 Empiricns
1191 4913 1247 4963 adv.
1263 4911 1342 4962 math.
1360 4913 1466 4992 911,16ι
1481 4909 1638 4994 cujnsrerba
1650 4921 1725 4972 sopra

113 4985 173 5044 τήν,
187 4985 246 5046 μήτε
256 4985 416 5048 γεωμετρίαν,
428 4985 487 5046 μήτε
498 4986 655 5048 ἀστρονομίαν
667 4987 832 5050 μεμαθηκότα,
845 4989 900 5052 βου-
943 4983 1021 5033 attuli.
1036 4983 1128 5034 Contra
1139 4982 1221 5032 minus
1229 4985 1295 5033 recte
1306 4983 1433 5032 Platonem
1445 4995 1498 5042 eJus
1506 4981 1634 5031 drmstoms
1644 4985 1726 5066 auctq·

113 5055 213 5116 λόμενον
225 5053 251 5104 u
260 5054 316 5118 παρ’
326 5055 397 5104 αὐτὸν
408 5059 503 5118 φοιτᾷν·
515 5055 637 5118 Πορεύου,
648 5055 689 5116 εφη
698 5067 703 5080 ·
713 5055 786 5112 teti<
798 5056 843 5119 γὰρ
854 5057 898 5105 οὐν
942 5070 994 5106 rem
1008 5056 1089 5107 dicere
1101 5055 1215 5106 ridentur
1230 5055 1316 5106 cicero
1327 5052 1403 5103 acad.
1419 5053 1514 5134 Quoest.
1533 5053 1554 5114 l,
1567 5051 1597 5112 5,
1609 5055 1725 5116 Augusti·

113 5123 178 5186 Ιχεις
195 5119 340 5188 φιλοσοφίας.
354 5127 385 5175 ot
398 5125 423 5176 δδ
438 5125 511 5174 τοῦτό
527 5141 598 5188 φασιν
614 5125 700 5186 εἰπεῖν,
711 5124 771 5189 nep·
783 5127 835 5187 ίμοὶ
853 5125 898 5190 γὰρ
942 5140 990 5177 nus
1001 5127 1033 5178 de
1047 5128 1096 5178 cir.
1116 5126 1156 5177 dei
1172 5125 1215 5176 lib.
1232 5121 1721 5206 vt11,csp.t;anstoclesspudttnsp·

112 5195 189 5251 πόαος
214 5195 243 5244 οιί
267 5193 406 5245 ινίπτιται.
424 5221 456 5231 -
476 5194 529 5258 (91)
551 5195 624 5245 Plato
645 5195 677 5246 de
698 5197 759 5261 ttep.
778 5195 820 5247 lib.
840 5197 896 5260 vlt,
941 5195 1009 5246 bium
1026 5199 1104 5260 Proep.
1119 5197 1212 5258 ttvsog.
1226 5195 1270 5246 lib.
1285 5195 1327 5254 xl,
1345 5206 1398 5255 cap.
1420 5199 1450 5252 23
1464 5191 1572 5243 Galenus
1586 5191 1646 5246 btst.
1663 5195 1722 5276 pbtl.

111 5277 170 5330 pag.
182 5267 235 5314 5911.
249 5266 280 5315 D.
300 5263 337 5316 Gt.
352 5264 481 5315 Plutarch.
493 5266 607 5328 sympos.
619 5277 675 5330 pag.
687 5267 741 5316 719.
757 5263 786 5316 (t.
798 5290 829 5304 -
845 5266 896 5330 (92)
941 5268 1000 5314 tom.
1016 5268 1047 5314 11.
1059 5279 1084 5330 p.
1096 5271 1133 5315 21.
1150 5267 1178 5314 c.
1191 5263 1230 5314 ed.
1242 5262 1321 5314 Paris.
1332 5261 1389 5312 aaut
1401 5263 1473 5324 1679;
1485 5264 1594 5314 ioannes
1607 5267 1632 5315 et
1641 5267 1721 5318 Sans·
