3958 5942
759 475 1012 542 FRAGMENTA.
1626 474 1685 536 267

78 613 140 692 παρ’
161 601 198 672 ὧν
221 603 354 682 ίπηυξήθη
377 605 412 666 τδι
430 604 591 688 θεωρήματα
607 603 653 665 καί
675 605 805 686 προῆλθεν
825 608 861 673 είς
906 627 935 663 τε
957 603 1011 670 τοῖς
1032 601 1185 680 μαθήμασιν
1210 598 1294 670 ἔδοξεν
1317 589 1383 660 ι’ίναι
1401 595 1530 680 διαφέρων
1551 597 1596 657 καί
1616 595 1685 658 κατθ

76 696 351 778 ἐπιστημονικωτέραν
367 694 505 756 σύστασιν.
548 691 741 772 Λεωδάμαντος
754 694 782 752 δὲ
796 694 859 753 νεώ·
905 692 953 766 τήν
965 693 1047 764 ἄλλην
1057 691 1224 774 φιλοσοφίαν·
1234 687 1339 771 καλγδρ
1351 687 1385 748 rh
1399 695 1519 768 στοιχεῖα
1530 689 1617 755 καλῶς
1627 709 1688 748 συν-

76 791 177 869 τεροςδ
197 785 358 856 Νεοκλείδης
371 783 416 844 καί
439 787 453 843 δ
474 782 567 844 τούτου
584 780 705 860 μαθητής
726 782 814 858 Λέων,
835 781 860 841 oi
905 781 979 848 ίταξε
1012 781 1058 840 καί
1092 781 1179 840 πολλὰ
1210 784 1262 840 τῶν
1304 782 1399 860 θρικῶν
1444 784 1456 814 '
1494 775 1687 856 καθολικιίτερα

75 875 162 936 πολλὰ
176 875 371 956 προσιπόρισαν
384 875 438 941 τοῖς
448 872 500 953 πρὸ
513 873 607 946 αὐτῶν,
621 870 689 930 ὥστε
700 869 744 930 τὸν
759 870 859 932 Λέοντα
905 869 1023 943 ἐποίησε.
1040 868 1094 931 Καί
1103 868 1191 948 μέντοι
1204 868 1273 928 καίδ
1288 866 1434 940 Κυζικηνὸς
1446 865 1580 939 Ἀθήναιος
1593 881 1605 910 ¹
1617 865 1686 925 κατδι

76 966 120 1026 καί
136 965 169 1026 τὰ
183 975 303 1046 usurpate
319 967 450 1024 συνθεῖναι
464 964 502 1042 τῷ
520 985 549 1022 τι
563 961 656 1034 πλήθει
671 962 715 1021 καί
734 965 767 1042 τῇ
782 963 860 1043 χρείη
904 959 962 1028 τοὺς
989 959 1081 1028 αὐτοὺς
1108 957 1220 1040 γεγονὼς
1252 959 1361 1040 χρόνους
1385 956 1431 1016 καί
1456 959 1482 1016 έν
1516 963 1570 1024 τοῖς
1597 955 1688 1022 ἄλλοις

76 1058 128 1114 τῶν
150 1054 323 1131 δεικνυμένων
344 1049 565 1130 ἐπιμελέστερον,
583 1050 628 1111 καί
650 1050 798 1131 δισρισμοίις
815 1055 861 1111 εὑ·
906 1047 954 1126 μὲν
979 1047 1138 1127 μαθήμασι,
1159 1047 1275 1125 μάλιστα
1300 1045 1328 1106 δέ
1352 1043 1421 1106 κοιτδι
1441 1044 1604 1126 γεωμετρίαν
1628 1045 1688 1104 ἔπι*

77 1152 129 1224 ρεῖν
151 1151 173 1219 θ,
195 1143 260 1203 τότε
275 1139 383 1202 δυνατόν
404 1143 460 1200 ἐστι
481 1139 511 1198 τδ
532 1137 689 1215 ζητούμενον
713 1138 858 1219 πρόθλημα
907 1135 989 1214 φανής
1007 1135 1108 1215 ἐγένετο
1122 1143 1144 1196 ¹.
1188 1139 1285 1216 Διῆγον
1302 1126 1346 1193 οὖν
1361 1126 1434 1194 οὗτοι
1449 1133 1506 1210 μετ’
1520 1133 1644 1205 ἀλλήλων
1660 1135 1687 1191 ἔν

76 1233 121 1291 καὶ
140 1232 204 1292 πότε
225 1233 365 1292 ἀδύνατον.
411 1227 522 1297 Εὔδοξος
541 1226 568 1286 δέ
588 1232 602 1286 θ
624 1227 729 1295 Κνίδιος
751 1227 861 1297 Λέοντος
907 1222 1069 1304 Ἀκαδημίᾳ,
1085 1223 1172 1291 κοινδις
1185 1223 1338 1300 ποιούμενοι
1354 1221 1401 1292 τθς
1418 1222 1549 1296 ζητήσεις.
1593 1220 1691 1302 Ἑρμά-

77 1320 125 1398 μέν
144 1320 223 1403 ὀλίγῳ
237 1319 377 1400 νεώτερος,
393 1321 496 1396 ἑταῖρος
508 1323 521 1352 ³·
533 1315 560 1375 δέ
574 1319 626 1376 τῶν
644 1315 704 1396 περί
726 1317 859 1376 Πλάτωνα
907 1335 981 1390 τιμος
997 1312 1025 1373 δέ
1044 1317 1058 1372 θ
1083 1314 1250 1394 Κολοφώνιος
1271 1310 1303 1370 τδι
1328 1313 1372 1370 ὑπ’
1394 1311 1532 1378 “Εὖδόξου
1552 1333 1689 1390 προηυπο-
1757 1367 1758 1370 ,

76 1410 222 1489 γενόμενος,
233 1414 334 1490 πρῶτος
347 1412 399 1468 τῶν
410 1405 522 1466 καθολου
532 1405 709 1485 θεωρημάτων
722 1404 752 1464 τδ
763 1407 861 1477 πλῆθος
908 1401 1010 1483 ρημένα
1025 1400 1070 1462 καί
1084 1401 1234 1475 Θεαιτήτου
1249 1399 1399 1482 προήγαγεν
1414 1399 1458 1461 tet
1470 1400 1558 1474 πλέον,
1574 1398 1619 1458 καὶ
1636 1402 1689 1459 τῶν

76 1489 177 1562 ηὔξησέ
192 1489 239 1552 καί
251 1497 307 1555 rai<
325 1487 407 1566 τρισίν
423 1485 573 1564 &mititatis
593 1485 675 1552 illm
691 1493 760 1566 τρεῖς
779 1509 860 1565 προσ·
908 1491 1044 1570 στοιχείων
1060 1489 1146 1550 πολλδι
1169 1491 1259 1570 ιἰνεῦρε
1280 1489 1325 1549 καί
1345 1493 1396 1549 τῶν
1420 1487 1508 1549 τόπων
1531 1487 1590 1547 τινδι
1610 1484 1689 1546 συνέ-

78 1579 176 1651 ἕίίηκῑ,
201 1576 246 1638 καί
275 1576 309 1636 τὰ
337 1577 395 1657 πῑρί
421 1574 469 1646 τί*
494 1573 578 1652 τομὴν
602 1581 613 1610 ⁸
637 1572 721 1654 ἀρχὴν
745 1573 860 1634 Mitte
908 1581 1017 1658 γραψεν.
1060 1580 1199 1648 Φίλιππος
1222 1579 1249 1640 δέ
1279 1582 1293 1639 δ
1316 1579 1453 1656 Μιδμαῖος
1475 1582 1514 1655 ⁸¹,
1545 1578 1689 1643 Πλάτωνος

77 1667 153 1747 παρὰ
172 1667 314 1735 Πλάτωνος
335 1667 368 1733 τίς
389 1665 486 1736 πλῆθος
502 1662 638 1746 προήγαγε
654 1662 699 1721 καί
716 1671 774 1732 ταῖς
794 1669 860 1724 ἀνα·
908 1663 944 1724 ὢν
967 1667 1103 1744 μαθητής,
1118 1668 1164 1727 καὶ
1185 1667 1229 1726 ὑπ’
1252 1666 1351 1727 ἐκείνου
1372 1663 1531 1747 προτραπείς
1552 1668 1587 1733 είς
1608 1667 1636 1702 ”h
1656 1665 1691 1725 τὰ

76 1756 183 1815 λύοεοιν
199 1755 241 1814 ἐπ’
252 1758 336 1815 αὐτῶν
347 1754 525 1834 χρησάμενος.
570 1751 700 1830 Ἀμύκλας
716 1753 742 1814 δέ
754 1756 768 1812 θ
779 1753 861 1834 Ἡρα·
911 1756 1071 1834 μαθήματα,
1085 1755 1131 1816 καί
1144 1753 1191 1823 τθις
1205 1755 1325 1828 ζητήσεις
1340 1758 1454 1815 έποιιῑτο
1465 1754 1535 1814 κατδι
1553 1753 1597 1822 ιδις
1614 1753 1692 1814 Πλά-

77 1843 206 1916 eludens,
216 1833 255 1904 εἷς
271 1848 322 1902 τῶν
335 1842 478 1910 Πλάτωνος
492 1840 611 1924 ἑταίρων,
622 1841 668 1900 καί
682 1842 837 1923 Μέναιχμος
853 1849 862 1882 ²
909 1869 990 1912 τωνος
1006 1845 1163 1925 θρηγήσεις,
1180 1845 1225 1906 καὶ
1245 1850 1327 1905 ταῦτα
1351 1843 1525 1925 προῦδαλλεν.
1538 1845 1624 1923 ἑαυτῷ
1642 1842 1692 1902 δσιι

78 1930 208 2011 ἀκροατής
220 1929 256 1990 ὢν
273 1930 386 2000 Εὐδόξου
400 1931 445 1991 καί
457 1931 583 1992 Πλάτωνι
597 1929 625 1990 δέ
638 1934 799 2011 συγγεγονὼς
814 1937 860 1994 καὶ
908 1932 973 2016 ᾤετο
985 1939 1019 2013 τῇ
1035 1935 1180 2004 Πλάτωνος
1194 1934 1333 2017 φιλοσοφίᾳ
1348 1935 1491 1994 συντελεῖν.
1533 1935 1569 1994 Ol
1589 1931 1635 2010 μέν
1647 1925 1692 1990 οὖν

76 2023 209 2101 δοὶδελρδς
223 2023 302 2081 αὐτοῦ
313 2020 502 2101 Δεινάστρατος
517 2019 555 2080 ἔτι
566 2021 724 2102 τελεωτέραν
736 2021 861 2094 ἐποίησαν
906 2023 954 2090 τὰς
972 2021 1155 2103 γεωμετρικάς
1180 2024 1296 2104 ίστορίας
1322 2024 1520 2105 ἀναγράψαντες
1536 2019 1659 2099 Εὔδημος
1680 2025 1696 2082 θ

75 2111 125 2184 τὴν
146 2111 210 2186 δλην
229 2112 403 2192 γεωμετρίαν.
461 2109 570 2178 Θεάδιος
585 2109 612 2172 δὲ
631 2115 644 2170 δ
665 2111 778 2191 Μάγνης
799 2122 810 2150 '¹
834 2113 861 2173 ἔν
908 2112 1119 2191 Περιπατητικὸς
1135 2112 1180 2172 καὶ
1198 2112 1273 2173 ἄλλοι
1287 2111 1367 2194 μέχρι
1381 2112 1471 2172 τούτου
1483 2111 1628 2192 προάγουσι
1646 2108 1694 2181 τήν

75 2333 145 2383 uices
166 2335 266 2398 propter
288 2335 454 2402 mercaturam
474 2311 504 2382 et
527 2332 717 2397 negotiationem
739 2333 863 2400 exquisita
909 2352 982 2403 porro
993 2339 1158 2390 Leodamaute
1169 2339 1253 2404 junior
1266 2339 1395 2389 Neoclides
1408 2341 1485 2404 atque
1496 2338 1573 2402 hujus
1585 2337 1696 2401 discipu-

75 2437 240 2474 numerorum
267 2421 369 2472 scientia
395 2425 479 2472 ortum
498 2419 587 2472 habult
613 2438 621 2472 ι
644 2421 681 2472 ita
703 2423 779 2474 etiam
797 2424 863 2488 apud
910 2427 949 2477 lus
959 2429 1021 2487 Leo,
1034 2427 1078 2492 qui
1097 2428 1177 2478 multa
1193 2426 1362 2492 superioribus
1377 2425 1533 2491 adjecerunt,
1550 2426 1585 2476 ita
1600 2427 1629 2475 ut
1645 2426 1695 2474 Leo

75 2511 208 2576 AEgyptios
222 2511 357 2574 geometria
370 2510 403 2562 ob
419 2523 474 2561 cam
487 2524 564 2575 quam
578 2508 630 2561 dixi
648 2524 748 2562 causam
764 2511 864 2564 iuventa
910 2516 1031 2567 elementa
1049 2531 1149 2582 quoque
1165 2529 1249 2567 rerum
1261 2516 1486 2566 demonstratarum
1497 2513 1659 2564 multitudine
1670 2519 1696 2564 et

75 2605 125 2652 est.
140 2601 231 2650 Thales
244 2602 328 2650 autam
346 2599 442 2664 primus
459 2599 485 2649 in
503 2602 637 2664 AEgpptum
655 2599 782 2665 proiectus
801 2602 865 2652 hanc
911 2603 1020 2656 utilitate
1047 2604 1191 2668 diligentius
1217 2604 1352 2669 composita
1377 2603 1475 2662 ederet,
1507 2616 1536 2653 ac
1563 2602 1694 2661 desmiret,

74 2703 165 2741 rerum
181 2688 311 2739 subtilium
329 2689 560 2754 contemplationem
576 2689 602 2740 in
615 2691 737 2741 Graeciam
751 2693 865 2742 transtu·
910 2692 1010 2758 quando
1027 2695 1152 2758 proposita
1170 2692 1278 2758 quaestio
1302 2691 1366 2742 solvi
1384 2693 1468 2756 posset
1488 2693 1514 2742 et
1533 2690 1634 2755 quando
1647 2705 1697 2741 non

73 2778 308 2842 lit,ipse1uetum
324 2779 404 2829 multa
424 2779 544 2843 repperit,
557 2781 613 2830 tum
630 2780 767 2830 multarum
781 2795 865 2832 rerum
911 2785 1002 2846 posset.
1022 2785 1086 2832 Tum
1118 2783 1238 2833 Eudorus
1257 2780 1360 2834 Ouidius
1383 2780 1469 2845 paucis
1495 2779 1597 2844 quidem
1627 2779 1697 2830 annis

74 2867 201 2933 principia
221 2870 336 2932 posteros
354 2866 451 2926 docuit,
469 2881 549 2932 quum
564 2867 619 2918 aliis
642 2869 756 2920 universe
768 2885 867 2921 omnem
911 2870 991 2921 minor
1002 2873 1106 2930 Leonte,
1121 2869 1165 2922 sed
1177 2869 1288 2921 Platonis
1299 2868 1390 2920 sodalis
1406 2867 1503 2934 priruns
1516 2867 1696 2924 universalium

76 2956 159 3006 aninri
175 2955 226 3005 vim
237 2955 397 3015 intendisset,
411 2955 473 3006 alias
489 2957 568 3020 magis
582 2957 695 3008 sensibus
708 2959 864 3023 percepisset.
912 2961 1094 3011 theorematum
1109 2959 1295 3011 multitudinem
1313 2957 1396 3018 aurit,
1412 2971 1442 3008 ac
1460 2957 1542 3008 tribus
1556 2961 1697 3022 proportio·

74 3048 141 3096 Post
153 3041 220 3094 hreno
231 3045 376 3104 Ameristus,
390 3045 524 3096 Stesichori
535 3047 614 3110 plectro
626 3045 711 3105 irater,
727 3049 756 3096 ut
769 3061 868 3110 geome-
912 3049 988 3100 nibus
998 3049 1059 3100 alias
1076 3053 1128 3100 tres
1145 3049 1246 3114 adjecit,
1266 3051 1292 3098 ct
1309 3049 1435 3111 segmenta
1452 3046 1555 3098 inducta
1567 3060 1582 3098 a
1594 3047 1698 3098 Platona

75 3135 138 3186 tries
149 3134 275 3185 studiosus
289 3138 447 3194 memoratur,
461 3150 537 3200 quum
551 3138 576 3186 et
590 3135 693 3200 Hippias
712 3137 787 3187 Eleus
806 3151 867 3200 geo·
913 3138 1063 3198 curnulavit,
1080 3139 1107 3188 in
1126 3138 1157 3189 iis
1169 3137 1351 3202 propositarum
1363 3136 1529 3202 quaestionum
1541 3135 1617 3187 etiam
1633 3135 1698 3186 solu·

74 3223 180 3274 rnetriaa
196 3223 333 3286 urgentiora
344 3222 488 3274 inclaruisse
508 3223 618 3276 tradidit.
641 3226 730 3276 Postea
742 3225 868 3290 Pythago·
914 3228 980 3278 tione
993 3241 1062 3280 usus.
1078 3227 1192 3294 Amyclas
1207 3241 1267 3278 roro
1280 3227 1451 3287 Heracleotes,
1468 3239 1533 3276 uuus
1553 3239 1568 3277 e
1587 3223 1699 3276 Platonis

75 3327 124 3363 ras
138 3313 192 3376 ejus
206 3312 317 3362 studium
337 3313 363 3362 in
384 3312 490 3362 sormam
504 3313 624 3364 doctrinae
635 3312 747 3365 liberalis
758 3314 867 3380 redegit,
914 3317 1053 3374 usualibus.
1076 3319 1102 3368 et
1125 3317 1306 3376 Heuuchmus,
1329 3315 1427 3366 Eudoxi
1448 3313 1555 3374 auditor,
1573 3313 1618 3378 qui
1641 3327 1698 3364 cum

75 3401 203 3468 principia
223 3401 276 3465 ejus
287 3401 359 3466 quasi
372 3415 386 3452 e
398 3401 499 3452 sublimi
511 3403 691 3467 mutenrplatus
707 3416 736 3454 ac
750 3403 803 3455 sine
814 3418 870 3454 rua·
913 3407 1016 3458 Platone
1027 3409 1187 3458 conversatus
1200 3409 1250 3466 est,
1267 3408 1370 3471 ejusque
1388 3403 1465 3455 trater
1485 3404 1644 3454 Dinostratus
1656 3404 1698 3452 to-

75 3491 161 3548 teria,
177 3489 228 3539 solo
239 3489 355 3540 videlicet
375 3489 502 3540 intellectu
515 3489 669 3542 theoremata
683 3495 867 3556 perscrutatus,
914 3501 968 3547 tam
977 3497 1137 3562 geometriam
1144 3495 1222 3560 magis
1235 3495 1311 3547 etiam
1322 3495 1491 3546 excoluerunt.
1505 3493 1699 3559 Insuperlheu·

75 3579 128 3644 qui
145 3578 220 3628 etiam
237 3591 319 3628 rerum
330 3577 486 3642 proportione
503 3577 704 3642 respondentium
717 3579 827 3631 studium
844 3583 870 3631 ot
914 3585 972 3638 dius
987 3588 1087 3650 Magnes
1101 3585 1128 3636 in
1144 3584 1241 3636 artibus
1261 3581 1444 3636 mathematicis
1460 3587 1536 3648 atquc
1553 3582 1580 3632 in
1597 3581 1700 3646 reliquae

76 3668 267 3719 mundanarum
292 3666 430 3717 ferrearum
460 3665 650 3731 descriptionem
679 3668 782 3719 invenit.
810 3672 870 3720 Post
915 3675 1041 3740 sapientiae
1057 3673 1185 3739 disciplina
1206 3673 1327 3724 excellere
1353 3671 1423 3723 visus
1443 3673 1482 3722 cst
1506 3685 1509 3692 ·
1536 3670 1626 3720 etenim
1647 3669 1700 3720 ele·

77 3757 153 3806 hunc
164 3757 320 3820 Anaxagoras
331 3754 502 3806 Clazomenius
516 3755 801 3820 multomingeomelria
812 3772 871 3810 ver·
914 3767 998 3815 menta
1023 3764 1085 3814 bena
1104 3761 1256 3828 composuit,
1278 3761 1420 3825 mrdtasque
1446 3758 1602 3809 definitiones
1624 3757 1700 3810 laum

79 3850 158 3898 satus
181 3847 231 3905 est,
248 3844 317 3896 haud
339 3857 411 3895 secus
428 3847 505 3909 atque
522 3845 658 3909 OEuopides
684 3846 761 3897 chius
783 3846 872 3912 [semi-
915 3856 1000 3918 patere
1019 3852 1107 3903 voluit.
1132 3853 1214 3916 Atque
1235 3852 1311 3900 etiam
1333 3847 1468 3898 athenaeus
1489 3845 1635 3910 Cyzicenus,
1655 3845 1700 3910 qul

80 3936 175 3987 circuli
195 3933 357 3999 quadraturas
375 3933 497 3993 inventor,
514 3936 539 3984 et
554 3933 699 3984 Theodorus
719 3934 870 4001 cyrenaeus]
915 3941 1005 3992 iisdem
1016 3939 1171 4004 temporibus
1182 3937 1259 3997 riait,
1279 3949 1337 3986 cum
1349 3934 1501 4000 reliquarum
1514 3932 1701 3997 disciplinarum

80 4025 171 4092 paullo
185 4024 268 4089 junior
285 4027 443 4088 Anaxagora,
461 4037 569 4089 quorum
584 4027 609 4075 et
626 4025 697 4075 Plato
707 4025 731 4075 in
743 4026 872 4077 Illvalibus
916 4035 971 4080 tima
984 4029 1092 4079 maxime
1106 4027 1247 4092 gmmetrina
1260 4023 1398 4088 cognitione
1409 4021 1510 4072 inclitus
1524 4019 1580 4073 tuit.
1599 4021 1630 4072 Hi
1651 4021 1701 4088 igi·

82 4112 239 4164 mentionem
254 4113 315 4162 iecit
327 4115 446 4177 tanquam
457 4112 586 4163 hominum
600 4112 626 4163 in
639 4113 821 4164 mathematicis
831 4129 873 4165 ar·
917 4123 961 4168 tur
972 4116 1061 4166 intima
1076 4113 1245 4166 familiaritate
1258 4112 1324 4162 inter
1341 4125 1368 4163 sa
1385 4109 1509 4176 conjuncti
1528 4110 1554 4160 in
1569 4109 1701 4162 Academia

83 4200 157 4252 tibus
172 4199 308 4262 clarorum;
327 4203 384 4264 post
398 4213 462 4265 quos
474 4201 635 4264 Hippocrates
651 4201 740 4261 chius.
761 4202 873 4253 sernicir-
917 4205 1089 4263 versabantur,
1113 4216 1192 4268 qumn
1207 4214 1350 4252 communes
1368 4199 1519 4266 questiones
1533 4199 1700 4252 instituerent.

81 4287 309 4352 culiquadraturaa
328 4287 450 4348 inventor,
465 4291 490 4340 et
504 4288 648 4340 Theodorus
664 4291 797 4354 Cyrenaeus
815 4305 874 4356 gco-
918 4297 949 4344 at
965 4291 1134 4344 Hermotimus
1155 4289 1321 4355 Colophonius
1334 4289 1393 4340 data
1413 4289 1484 4354 prius
1507 4288 1538 4339 ab
1558 4287 1663 4340 Eudoxo
1676 4291 1702 4340 ct

82 4375 186 4428 metriae
209 4376 346 4441 cognitione
362 4376 440 4426 incliti
459 4375 562 4427 fueruat
580 4393 585 4426 :
603 4377 726 4442 siquidem
747 4375 812 4429 inter
832 4392 874 4430 eos
917 4383 1045 4434 'rheateto
1056 4383 1179 4446 precepta
1192 4379 1338 4445 complevit,
1352 4378 1483 4444 multaque
1495 4377 1614 4429 doctrinar
1632 4377 1703 4428 inttia

82 4482 154 4533 quos
177 4467 371 4518 memoravimus
397 4467 493 4532 primus
520 4468 682 4534 Hippocrates
702 4472 728 4520 et
754 4471 874 4521 elemento
918 4472 1012 4524 invenit
1025 4473 1050 4522 et
1070 4469 1137 4520 locos
1156 4467 1286 4520 nonnullos
1304 4467 1394 4520 litteris
1406 4466 1566 4532 consignarit.
1590 4465 1703 4530 Denique

83 4556 190 4619 scriptis
203 4555 339 4608 mandarit.
354 4557 417 4608 Dein
432 4558 503 4608 Plato
516 4557 600 4622 paullo
609 4561 684 4609 aetate
699 4559 820 4623 posterior
829 4574 874 4611 sua
919 4561 1049 4625 Philippus
1064 4558 1215 4620 Medmrous,
1232 4557 1342 4608 Platonis
1360 4555 1508 4620 discipulus,
1522 4557 1597 4620 atque
1613 4554 1703 4604 abillo

82 4642 214 4695 industria
227 4641 324 4704 effecit,
341 4647 370 4694 ut
384 4659 442 4695 cum
459 4648 556 4696 caeteras
577 4645 726 4710 disciplinae,
740 4649 795 4698 tum
815 4662 875 4714 geo-
920 4651 953 4701 ad
974 4647 1118 4699 tractandas
1131 4649 1197 4696 artes
1212 4645 1402 4696 mathematicas
1415 4643 1538 4708 impulsus
1554 4641 1703 4708 queauoma

84 4731 181 4783 metria
197 4732 313 4782 maximis
327 4733 486 4784 incrementis
501 4738 673 4799 augescerent,
691 4749 767 4801 quem
783 4737 876 4788 scilicet
920 4738 995 4789 etiam
1017 4738 1090 4800 juata
1109 4732 1221 4784 Platonis
1237 4734 1361 4796 precepta
1378 4730 1537 4790 instituebat,
1554 4732 1581 4782 et
1601 4727 1702 4794 quidem

84 4818 253 4872 manifestum
269 4822 308 4872 est
324 4820 401 4871 libros
415 4822 490 4872 etiam
505 4835 564 4872 suos
576 4823 761 4874 mathematicis
771 4825 876 4874 rationi·
921 4825 969 4876 sihi
987 4821 1154 4890 proponebat,
1168 4833 1323 4884 quascunque
1343 4817 1375 4872 od
1390 4818 1500 4869 Platonis
1521 4815 1702 4883 philosophiam

87 4911 142 4960 bus
164 4907 307 4968 retersisse,
321 4911 348 4960 et
361 4909 455 4976 ubique
475 4909 663 4962 admirationem
679 4925 765 4963 οοιιιιιι
780 4913 825 4977 qui
845 4913 877 4964 ad
921 4913 1044 4981 pertinere
1063 4910 1235 4962 arbitraretur.
1260 4907 1383 4967 Quocirca
1409 4906 1521 4958 historica
1548 4903 1703 4972 geometrice

85 4996 276 5064 philosophiam
295 4999 494 5062 pertractandam
518 5013 545 5050 sa
568 4999 703 5060 dederuut,
730 5001 796 5052 circa
809 5001 878 5051 illam
923 4997 1205 5066 scriptorea,Eudemus
1220 4994 1399 5060 Peripateticus
1412 4994 1558 5059 ceterique,
1574 4993 1704 5058 hucusque

86 5085 251 5150 disciplinam
262 5087 391 5139 excitasse.
406 5087 455 5140 Sed
469 5091 616 5153 eotempore
631 5089 768 5143 Leodamas
779 5103 879 5156 quoque
923 5091 999 5154 huius
1018 5088 1128 5140 scientiae
1149 5087 1314 5144 incrementa,
1337 5085 1457 5148 tanquam
1477 5081 1510 5133 ad
1534 5081 1704 5134 maturitatem

86 5175 201 5228 Thasius
216 5175 264 5226 tuit
275 5179 300 5226 et
311 5177 432 5241 Archytas
444 5178 590 5242 Tarentinus
600 5181 625 5228 et
640 5179 784 5229 Theaetetus
801 5179 878 5229 Atho-
925 5179 1072 5244 perducunt.
1091 5175 1137 5228 His
1160 5177 1308 5225 autemnon
1325 5172 1405 5223 multo
1419 5171 1499 5230 minor
1517 5173 1577 5222 natu
1598 5173 1637 5224 est
1653 5173 1705 5224 ltu·

89 5264 201 5323 niensis,
218 5265 339 5331 aquibus
360 5267 466 5318 adaucta
488 5270 546 5318 sunt
564 5267 719 5318 theoremata
734 5267 805 5318 etad
820 5282 879 5332 pro-
925 5267 1009 5319 clides.
1412 5251 1415 5256 ¹

91 5355 223 5406 batianum
247 5355 356 5408 scientiae
378 5355 602 5410 convenientiorem
624 5358 748 5422 provecta.
769 5358 880 5408 Fuerant
