3958 5942
613 423 663 484 DE
685 423 853 497 SEVERO,
877 427 1011 489 nrrlco
1033 428 1082 488 ΕΤ
1102 428 1288 490 ΝΠΜΠΝΙΟ.
1697 437 1754 498 113

151 557 213 630 δοῦ,
228 556 288 634 περὶ
302 554 449 635 ἀφθαρσίας
467 559 553 637 ψυχῆς
569 559 655 616 citata
668 556 705 615 ab
719 558 843 633 Origene
858 557 930 636 (ιθ).
977 561 1068 639 ipsam
1088 581 1141 640 per
1153 581 1184 620 se
1198 563 1401 641 incorpoream
1416 577 1549 623 naturam
1563 579 1756 640 revertamur,

150 643 297 704 Praeterea
308 663 346 702 ex
362 644 505 722 opusculo
524 643 585 722 περὶ
599 649 646 717 τῆς
660 649 711 704 τῶν
728 645 930 721 Ἀκαδημαϊκῶν
978 650 1170 726 vulgaresque
1189 649 1226 708 de
1245 651 1310 722 illu,
1328 665 1472 728 quatenus
1497 651 1534 710 ad
1555 653 1680 711 animam
1694 675 1756 732 spe-

150 730 212 810 πρὸς
224 731 360 792 Πλάτωνα
375 733 537 798 διαστάσεως
549 753 653 810 magna
663 735 822 810 fragmenta
832 755 931 813 super·
977 749 1069 807 etant,
1084 737 1236 814 opiniones
1249 759 1349 798 omnes
1362 739 1513 800 distinctus
1527 739 1632 798 ordine
1653 741 1758 800 reiera-

149 835 217 879 sunt
235 821 312 898 apud
336 819 492 879 Eusebium
513 821 642 898 Praepcr.
671 822 781 898 Evang.
803 821 879 894 xit,
915 823 931 879 h
977 845 1051 884 mus.
1068 825 1142 884 Sunt
1156 826 1244 901 igitur
1267 829 1316 904 qui
1333 839 1420 886 totam
1439 827 1605 905 hujusmodi
1624 842 1756 888 nanuum

149 929 241 989 seqq.;
258 911 317 986 (εἰ.)
338 909 415 988 apud
437 910 561 970 eundem
576 912 717 972 nonnulle
730 931 766 970 ex
782 911 859 970 libro
873 911 932 990 περὶ
977 927 1073 992 partes
1091 915 1199 974 similes
1217 915 1342 986 habere,
1359 935 1482 993 eamque
1497 936 1584 975 unam
1597 929 1626 975 et
1637 916 1756 976 eandem

151 1002 267 1078 εάγαθοῦ
287 998 341 1071 lll,
358 1020 406 1072 10,
423 999 552 1079 us;(15l
571 999 630 1072 xv,
651 1022 699 1074 17,
720 1001 779 1077 (τό)
793 1002 843 1078 qui
857 1001 934 1059 vide-
977 1023 1041 1064 esse
1059 1003 1196 1078 doceant,
1216 1004 1300 1062 itaut
1319 1006 1348 1062 in
1361 1007 1464 1082 quavis
1484 1005 1548 1083 ejus
1568 1019 1651 1085 parte
1667 1019 1757 1065 totum

151 1100 199 1147 tur
216 1089 305 1148 luisse
316 1083 468 1164 dialogus,
476 1101 506 1148 et
517 1108 553 1147 cx
563 1089 804 1168 disputationibus
814 1089 847 1146 εδ
859 1088 932 1169 παρὰ
978 1105 1124 1154 cernetur.
1141 1093 1289 1170 iidemque
1301 1095 1386 1152 etiam
1400 1096 1430 1152 in
1441 1094 1535 1152 anime
1546 1095 1666 1154 dividuo
1677 1115 1760 1154 mun·

153 1176 279 1237 Πλάτωνι
303 1177 441 1258 ἀπόρρητα
463 1177 610 1257 inscriptis
629 1177 714 1250 lllll,
732 1181 748 1236 5
774 1178 844 1258 (ιγ).
867 1179 932 1237 Ηεεσ
978 1182 1047 1240 dum
1071 1180 1302 1256 intelligibilem,
1323 1179 1408 1254 deos,
1434 1181 1533 1258 genios
1553 1195 1582 1240 et
1603 1181 1715 1240 bonum
1730 1196 1758 1240 et

151 1264 247 1322 omnia
257 1265 375 1341 collegi,
388 1265 554 1338 emendavi,
568 1267 775 1345 interpretatus
785 1287 849 1325 sum
862 1269 930 1344 (νδ).
978 1268 1212 1348 prestantissima
1223 1269 1517 1346 quaequecollocent,
1528 1282 1616 1346 atque
1627 1270 1658 1328 in
1668 1271 1759 1328 omni·

191 1353 233 1412 Ex
257 1353 403 1413 universis
423 1353 557 1414 Numenii
581 1355 703 1414 decretis
728 1357 798 1412 olim
819 1368 934 1414 centum
978 1358 1033 1416 bus
1046 1355 1178 1415 similiter
1195 1359 1293 1415 omnia
1308 1358 1402 1416 inesse
1418 1359 1757 1435 statuunt,singulorum

154 1442 213 1500 sere
242 1442 515 1508 commentariorum
553 1442 645 1502 libros
680 1443 846 1522 Porphyris
870 1442 932 1524 (19)
979 1453 1073 1501 tamen
1101 1458 1212 1524 naturae
1234 1446 1450 1506 convenienter.
1476 1447 1513 1504 lit
1535 1447 1609 1505 hanc
1642 1447 1758 1524 quidem

154 1542 224 1589 teste
245 1545 446 1610 composuerat
470 1531 618 1608 hmelius,
645 1551 719 1608 quos
743 1531 836 1590 editos
855 1531 933 1589 dono
962 1531 1148 1589 'sententiam
1167 1532 1230 1590 sine
1245 1533 1335 1592 dubio
1355 1533 1515 1592 Numenius
1536 1545 1642 1597 tuetur.
1663 1534 1756 1604 Quam

154 1619 234 1678 dedit
247 1619 359 1678 Justiuo
384 1619 545 1698 Hesychio,
567 1621 629 1680 iilic
648 1621 796 1698 adoptivo.
824 1621 868 1677 lle
888 1619 933 1678 his
979 1618 1002 1676 si
1023 1621 1182 1695 sequimur,
1202 1635 1348 1694 amente,
1372 1622 1426 1680 diis
1452 1635 1482 1680 et
1501 1621 1599 1681 divina
1617 1623 1759 1701 progenie

153 1707 324 1785 Aptameosis
353 1708 519 1786 philosophi
548 1708 686 1779 decretis,
718 1727 783 1785 (μετα
809 1725 846 1765 ex
870 1706 935 1783 ejus
979 1709 1073 1766 anima
1084 1721 1144 1766 tota
1155 1729 1208 1768 sua
1224 1723 1328 1769 nature
1343 1710 1413 1768 nihil
1427 1710 1534 1771 differt.
1549 1710 1593 1770 td
1607 1711 1669 1785 hrec
1680 1711 1756 1769 idem

153 1795 341 1872 fragminibus
365 1809 393 1854 et
415 1797 539 1855 aliorum
556 1817 631 1874 quos
654 1796 738 1854 attuli
758 1796 933 1874 scriptorum
978 1797 1136 1856 Numenius
1150 1795 1207 1876 (ur)
1222 1817 1281 1856 non
1297 1811 1355 1857 tres
1367 1810 1463 1876 partes
1474 1800 1562 1860 unios
1573 1799 1694 1872 κτείνεται,
1709 1812 1759 1858 aut

152 1885 223 1946 locis
243 1900 470 1962 cognoscuntur,
494 1885 612 1944 uberius
633 1887 775 1944 disserere
789 1905 848 1943 non
869 1885 933 1942 atti·
979 1884 1051 1943 duas
1074 1885 1190 1962 utique,
1209 1886 1327 1946 rationis
1346 1885 1521 1965 participem
1541 1897 1569 1944 et
1590 1899 1757 1965 expertem,

152 1987 209 2032 net.
227 1973 323 2032 Unum
346 1969 460 2054 'excipio
480 1975 516 2034 de
534 1977 697 2033 animorum
719 1975 934 2032 immortalitate
980 1973 1030 2032 sed
1047 1974 1156 2052 animm
1177 1974 1249 2036 dues
1261 1994 1318 2034 nos
1330 1973 1438 2034 bebere
1451 1987 1563 2047 censet,
1579 1975 1698 2034 alteram
1713 1995 1758 2034 ra·

152 2063 300 2140 placitum.
317 2067 377 2141 Age
398 2085 491 2142 nunc,
518 2065 613 2143 inquit
636 2062 768 2121 Stobaeus
796 2062 867 2140 (τοι),
894 2061 930 2120 ad
979 2063 1066 2122 tionis
1076 2075 1418 2142 compotem,expertem
1431 2061 1760 2143 alteramQuidiquod

152 2253 344 2264 ——n
349 2251 581 2264 *nunu——

151 2382 207 2430 μσς·
223 2369 334 2417 homes
353 2368 380 2416 δὲ
400 2367 566 2429 Θεμιστοκλῆς
584 2367 626 2414 καὶ
639 2365 764 2422 oasim,
780 2363 803 2412 ci
824 2380 849 2412 τε
865 2363 933 2426 μέχρι
981 2365 1100 2427 είρημένα.
1115 2391 1145 2398 -
1162 2365 1211 2426 (14)
1229 2363 1286 2414 Vid.
1307 2357 1392 2427 iritgtn.
1410 2368 1431 2412 1.
1448 2391 1476 2399 -
1500 2363 1619 2426 (15)Vid.
1637 2364 1722 2428 fragm.
1746 2367 1761 2412 9

151 2437 234 2500 πρώην
244 2437 397 2501 ἀκμάσαντος
407 2437 499 2492 Ἀννιός
511 2453 538 2484 τε
551 2438 592 2484 set
613 2436 719 2493 Μήδιος,
737 2437 934 2496 Περιπατητικῶν
980 2437 1005 2484 et
1022 2433 1232 2497 11.-(16)ῖ1ῖι1.
1248 2434 1333 2497 fragm.
1354 2437 1376 2483 tt.
1391 2461 1422 2470 -
1438 2435 1488 2496 (17)
1502 2433 1558 2482 vid.
1575 2433 1661 2498 fragm.
1678 2441 1715 2484 εν.
1729 2461 1760 2470 -

150 2511 203 2559 did
221 2507 547 2572 ἎλιξανδρείιςἮλιόδωρος·
564 2509 644 2556 τοῦδδ
663 2507 770 2568 δευτέρου
783 2504 934 2554 Πλατωνικοί
980 2503 1030 2565 (18)
1045 2501 1102 2552 vid.
1119 2503 1205 2568 fragm.
1233 2508 1299 2553 1⁶22.
1317 2528 1348 2539 -
1362 2502 1413 2566 (te)
1431 2503 1581 2568 Porphyrius
1601 2504 1644 2555 vit.
1669 2505 1759 2556 rtotin.

151 2582 194 2642 μὲν
207 2579 338 2642 ’beedmot
354 2579 394 2628 καὶ
407 2579 540 2642 Ὦριγένης,
560 2577 594 2632 vlt
618 2581 686 2637 ἡμεῖς
707 2576 747 2624 τδι
762 2577 873 2623 πλεῖστοι
893 2577 935 2622 τοῦ
980 2589 1033 2638 ευρ.
1048 2579 1063 2625 θ
1077 2577 1197 2630 Πλωτῖνος
1209 2576 1233 2624 u
1247 2573 1302 2639 άχρι
1318 2577 1359 2638 μιν
1371 2577 1459 2625 πολλοῦ
1473 2577 1566 2638 γραρων
1579 2577 1644 2626 οὐδὲν
1661 2578 1759 2627 διετέλε-

152 2650 239 2713 χρόνου
266 2651 503 2713 πρασεφοιτήσαμεν,
527 2649 638 2712 ἀνδράσιν
663 2647 707 2696 οὐκ
726 2646 798 2708 ὀλίγῳ
818 2651 865 2694 τῶν
883 2644 936 2692 καθ’
980 2663 1034 2706 σεν,
1050 2647 1077 2696 ts
1089 2647 1114 2696 δὲ
1124 2652 1166 2705 τῆς
1181 2647 1315 2708 Ἀμμωνίου
1326 2647 1452 2704 συνουσίας
1466 2648 1658 2710 ποιούμενοςτόις
1671 2649 1761 2712 διατρε-

153 2723 252 2778 ίαυτοθς
262 2723 294 2778 είς
305 2723 399 2772 σύνεσιν
412 2723 578 2783 διενεγκοῦσαν.
594 2719 680 2768 Paucis
691 2720 774 2767 autem
786 2715 937 2780 interpositis
980 2715 1037 2777 δός,
1051 2717 1091 2764 καὶ
1106 2717 1181 2771 οὕτως
1196 2715 1258 2766 όλων
1270 2717 1329 2765 ἑτῶν
1342 2717 1400 2766 δέκα
1414 2717 1546 2782 διετέλεσε,
1560 2718 1637 2766 συνὼν
1649 2719 1761 2780 μάντεσι,

153 2795 190 2844 ite
207 2792 310 2856 pergil:
335 2795 357 2842 ol
376 2793 456 2842 δὲκαὶ
479 2791 561 2848 πλήθει
576 2789 785 2854 πρυόλημάτωνᾶ
809 2787 936 2853 μετεχειρί-
980 2784 1076 2848 γράρων
1095 2785 1314 2837 διεδείκνυεν
1334 2791 1350 2845 ὴ
1368 2788 1489 2851 δεατρεόή,
1509 2791 1541 2844 ὡς
1557 2789 1673 2838 σἐνιεύτοῦ
1687 2794 1763 2850 ζητεῖν

154 2881 228 2914 σαντα
245 2865 288 2921 τήν
304 2865 410 2922 σπουδήν
426 2867 469 2912 τοῦ
483 2860 578 2924 γράφειν
592 2860 786 2922 άποδειξσίμενσι,
798 2861 838 2909 καὶ
855 2859 936 2922 τρόπῳ
980 2859 1169 2921 προτρεπομένου
1189 2860 1244 2916 τοὺς
1262 2859 1386 2920 συνόντας,
1400 2859 1495 2916 ἀταξίας
1509 2861 1597 2922 πλήρης
1616 2861 1656 2908 καὶ
1674 2862 1761 2920 πολλῆς

154 2935 208 2996 ίδίῳ
220 2934 364 2998 χρησάμενοι
377 2932 496 2988 Πλωτῖνός
508 2933 554 2981 τίσι
569 2931 609 2980 καὶ
624 2930 897 2994 Γεντιλιανόςᾋμίλεος,
912 2927 937 2984 δς
981 2929 1107 2992 φλυαρίας,
1119 2932 1151 2985 ὡς
1165 2928 1269 2992 Ἀμόλιος
1285 2934 1342 2993 ἡμῖν
1357 2931 1469 2992 διηγεῖτο.
1489 2932 1613 2994 Προσήλθε
1625 2931 1651 2980 δὲ
1662 2931 1762 2994 eorpus

155 3007 198 3068 μὲν
212 3007 255 3062 τός
272 2999 446 3070 Πυθαγορείους
463 3004 537 3066 ἀρχὰς
557 3004 598 3051 καί
614 3002 782 3062 Πλατωνικός,
796 3005 828 3057 ὡς
847 2999 935 3059 ἐδόκεε,
981 2998 1097 3062 Ἆμελιος,
1116 3000 1193 3063 τρίταν
1209 3001 1260 3058 Ιτσς
1279 3001 1361 3065 ἀγοντε
1372 3002 1395 3050 ἐν
1406 3002 1489 3064 Ῥώμη
1507 3002 1610 3052 κατὰτὸ
1629 3003 1709 3066 τρίτον
1721 3009 1762 3062 τῆς

154 3079 212 3142 πρὸς
225 3077 371 3140 σαφεστέραν
383 3082 431 3125 τῶν
445 3076 490 3138 πρδ
504 3075 576 3123 αὐτοῦ
588 3072 802 3134 καταστησάμενος
817 3071 935 3132 δὶήγησιν,
982 3070 1104 3122 Φιλίππου
1121 3070 1241 3133 βασιλείας
1259 3072 1324 3133 ίτος,
1339 3074 1380 3122 καὶ
1392 3073 1447 3136 άχρε
1462 3077 1505 3122 τοῦ
1523 3074 1620 3137 πρώτου
1636 3073 1703 3130 troo<
1720 3080 1762 3133 τῆς

155 3149 210 3199 οὐδὲ
223 3147 267 3210 γὰρ
280 3148 349 3208 ἐγγύς
361 3164 384 3195 τι
404 3146 435 3194 τά
450 3145 587 3206 Πσυμηείου
601 3144 642 3192 καί
662 3142 762 3206 Κρανίον
776 3143 815 3192 καί
831 3139 936 3202 Μοδερό-
983 3141 1100 3191 Κλαυδίου
1114 3143 1238 3206 βασιλείας
1251 3144 1411 3207 παραμείνας,
1426 3143 1469 3202 ῖτη
1479 3144 1523 3193 όλα
1535 3145 1674 3208 συγγέγονεν
1685 3145 1762 3197 εῖκοσε

154 3237 198 3270 του
214 3221 253 3268 καὶ
274 3219 412 3282 Θρασύλλου
429 3221 480 3272 τοῖς
500 3215 620 3264 ῖΙλωτίνσσ
634 3215 686 3278 περὶ
709 3219 758 3262 τῶν
780 3213 859 3262 αὐτῶν
877 3227 935 3272 συγ·
982 3214 1022 3262 καὶ
1033 3215 1153 3276 τέσσαρα,
1166 3213 1210 3268 δίεν
1222 3215 1262 3276 μλν
1275 3215 1352 3277 ίχων,
1363 3214 1404 3263 ότε
1419 3217 1561 3276 προσῆλθεν,
1571 3217 1618 3264 dud
1629 3223 1670 3276 τῆς
1686 3220 1761 3266 Λυσι-

154 3291 336 3355 γράμμασινεῖς
351 3287 478 3352 δκρίόειαν.
495 3286 524 3336 ‘0
537 3287 561 3334 δὲ
577 3285 679 3348 Ἀμόλιος
695 3284 752 3334 κατ’
764 3285 820 3348 ίχνη
834 3283 876 3344 μὲν
886 3282 938 3330 τού·
985 3284 1063 3346 μάχου
1084 3284 1224 3346 συνουσίας,
1245 3285 1367 3348 φιλοπονίᾳ
1382 3285 1407 3334 δὲ
1426 3285 1627 3347 θπερδαλλόμενσς
1645 3290 1694 3335 τῶν
1709 3285 1762 3348 κατ’

156 3381 201 3414 του
215 3357 317 3424 βαδίζειν
329 3359 514 3422 προαιρούμενος
529 3358 570 3405 καὶ
594 3356 715 3405 τὰπολλὰ
732 3355 773 3415 μὲν
794 3357 842 3402 τῶν
859 3352 938 3400 αὐτῶν
983 3354 1055 3403 αὐτὸν
1075 3353 1225 3404 πάντωνδιά
1243 3356 1327 3405 τδκοιὶ
1344 3357 1430 3419 σχεδόν
1456 3355 1535 3406 πάντα
1555 3363 1599 3405 τοῦ
1626 3357 1763 3419 Νουμηνίσυ

155 3433 281 3494 δογμάτων
294 3433 423 3494 ἱκόμενος,
438 3435 468 3492 τῇ
483 3426 785 3491 testamenmentum,
801 3425 841 3472 ναὶ
854 3429 884 3486 νδ
897 3428 938 3481 τῆς
982 3427 1022 3474 καὶ
1036 3427 1123 3489 γράψαι
1139 3428 1179 3474 καὶ
1194 3432 1352 3490 συναγαγεῖν,
1363 3429 1403 3476 καί
1420 3428 1507 3491 σχεδόν
1525 3428 1556 3476 τὰ
1571 3429 1670 3477 πλεῖστα
1688 3429 1761 3490 ἐκμα-

156 3505 277 3570 έρμηνείας
288 3504 400 3565 trepiduli]
415 3502 472 3564 πρὸς
489 3501 530 3548 τόν
544 3497 649 3548 ἐναντίον
663 3496 747 3559 ἐκείνῳ
762 3496 830 3554 ζῆλον
848 3492 938 3555 ῦπαγό-
983 3498 1041 3546 θεῖν.
1056 3498 1145 3560 Σχόλια
1162 3498 1186 3546 δὲ
1207 3500 1294 3548 ἐκτῶν
1314 3505 1448 3548 συνουσιῶν
1461 3499 1603 3561 ποιούμενος
1616 3500 1701 3548 ἑκατόν
1717 3517 1763 3550 που

157 3591 242 3637 μενος,
263 3575 349 3622 bissi
365 3571 443 3635 μόνων
463 3571 529 3628 ἡμεῖς
543 3569 608 3625 άξιαν
623 3569 682 3617 εἶναι
700 3569 822 3628 νομίζομεν
840 3567 938 3616 ἑπεσκο·
984 3569 1065 3630 βιόλία
1087 3569 1197 3634 συνέταξε
1220 3573 1268 3617 τῶν
1288 3570 1410 3630 σχολίων,
1429 3572 1445 3618 ά
1462 3569 1585 3632 Ἰοῦστίιῳ
1599 3571 1708 3633 ’ίῖσοχίῳ
1728 3575 1763 3630 τῷ

157 3648 252 3695 νεῖσθαι
267 3645 296 3692 τὰ
309 3641 492 3705 wiredum·
509 3637 576 3688 Idem
591 3639 607 3688 l·
629 3652 650 3687 0·
668 3651 721 3701 089·
737 3643 774 3687 21·
791 3636 831 3686 Ἐν
844 3637 872 3694 ὅθ
884 3637 938 3684 τού·
987 3639 1097 3700 Ἆπαμεῖ,
1106 3640 1132 3688 όν
1143 3641 1194 3689 νῖὸν
1206 3640 1286 3701 ἔθετο,
1297 3640 1443 3704 κεχάρισται.
1454 3667 1485 3679 -
1497 3643 1504 3692 ί
1508 3639 1548 3702 20)
1557 3641 1670 3689 Slobteus
1680 3639 1761 3704 Eclog.

156 3733 206 3774 τοις
217 3716 272 3765 τότε
284 3713 424 3778 ὡμολόγησε
435 3714 477 3774 μὲν
487 3710 583 3763 πάντων
597 3715 644 3759 τῶν
656 3709 694 3758 ἐπ’
707 3710 782 3758 αὐτοῦ
796 3709 938 3769 γεγονότων,
959 3731 963 3760 ,-
985 3707 1058 3771 Phys.
1073 3707 1115 3756 lib.
1132 3710 1152 3767 l,
1168 3721 1220 3771 cap.
1233 3713 1272 3768 il,
1285 3712 1325 3772 ut,
1336 3723 1391 3772 pag.
1401 3713 1445 3758 θόδ
1455 3709 1494 3758 ed.
1504 3711 1607 3758 Heeren.
1619 3709 1653 3771 [p.
1665 3713 1710 3757 369
1723 3709 1762 3759 ed.

157 3789 238 3846 πλήθει
252 3803 278 3834 τε
292 3784 464 3847 πρσόλημάτων
477 3783 603 3841 διενεγκεῖν
617 3778 739 3829 Πλωτῖνόν
761 3796 789 3828 τε
810 3781 850 3826 καὶ
868 3778 937 3839 'eph
985 3777 1127 3843 Gtislord.]
1141 3780 1185 3828 Ἰθε
1197 3781 1227 3837 δὴ
1242 3779 1284 3829 οὖν
1298 3781 1335 3829 ἐπὶ
1358 3782 1401 3838 τὴν
1417 3780 1470 3829 καθ’
1491 3781 1564 3837 αθτήν
1578 3781 1708 3841 ἀσώματον
1723 3779 1764 3829 οδ-

157 3863 225 3909 lior·
242 3857 323 3921 τρόπον
336 3857 360 3904 δὲ
378 3854 475 3918 θεωρίας
489 3853 542 3915 ἰδίῳ
562 3852 665 3914 μάλιστα
681 3849 781 3905 witot<
796 3850 938 3912 tritossius.
985 3850 1039 3898 σίαν
1052 3849 1198 3913 ἑπανίωμεν,
1218 3849 1378 3912 διακρίνοντες
1394 3852 1435 3899 καὶ
1452 3849 1489 3899 ἐπ’
1507 3849 1578 3908 αὐτῆς
1598 3851 1621 3898 ἐν
1639 3849 1703 3905 τάξει
1723 3851 1765 3906 τὰς

158 3933 197 3980 Τὰ
210 3929 345 3990 Νουμηνίσυ
360 3927 385 3975 δὲ
397 3925 442 3988 οὐχ
456 3924 494 3972 ότι
504 3922 677 3972 ῦπσδάλλεσθαι
690 3921 730 3970 καὶ
745 3921 776 3969 τὰ
786 3921 876 3968 ἐκεινου
884 3935 938 3983 πρε·
985 3922 1038 3984 περὶ
1054 3922 1131 3983 ψυχῆς
1150 3920 1228 3975 πάσας
1252 3923 1329 3977 δόξας.
1350 3922 1405 3970 etet
1431 3921 1461 3978 δή
1477 3936 1551 3980 τινες,
1576 3921 1598 3970 el
1619 3924 1698 3970 πεῖσαν
1723 3921 1765 3979 τήν

160 4001 253 4050 omem
267 4001 391 4062 δόγματα,
403 3996 462 4044 ἀλλὰ
476 3995 508 4042 τά
517 3997 565 4042 τῶν
585 3991 751 4053 Πυθαγορείων
762 3991 835 4039 αὐτοῦ
847 4006 873 4038 τε
883 3991 942 4050 iro·
984 3991 1094 4050 τοιαύτην
1106 3991 1187 4040 οδσίαν
1200 3992 1327 4053 ὁμοιομερῆ
1341 3992 1382 4040 καὶ
1394 3991 1437 4048 τὴν
1452 3991 1526 4048 αὐτὴν
1538 3993 1579 4040 καλ
1593 3991 1651 4054 μίαν
1664 3991 1765 4051 ἀπαραί-

160 4073 230 4134 μὲνου
243 4069 298 4132 (leg.
323 4069 397 4115 αὐτοῦ
418 4083 445 4114 τε
464 4063 611 4126 Πλάτωνος)
627 4065 730 4124 turim
754 4062 880 4122 δόγματα,
901 4059 941 4107 καὶ
985 4081 1077 4124 νοντας,
1093 4066 1124 4119 ὡς
1139 4064 1179 4110 καὶ
1194 4063 1217 4110 ἐν
1232 4063 1321 4124 ὁτῳοῦν
1335 4061 1482 4124 αῦτῆςμίρει
1495 4061 1555 4110 εἶναι
1569 4063 1599 4110 τὰ
1612 4061 1668 4110 ὅλα·
1684 4062 1765 4118 αἳτινες

160 4143 208 4192 οὐδ’
221 4141 290 4202 ίγγὺς
306 4138 412 4188 εἶναιτὰ
428 4135 561 4199 Νουμηνίου
576 4136 617 4182 καῖ
635 4133 733 4194 Κρανίου
749 4133 789 4181 καὶ
802 4132 942 4185 Μοδεράτου
986 4137 1026 4185 χαὶ
1044 4135 1067 4184 ht
1082 4139 1112 4196 τη
1126 4137 1224 4195 μεριστῄ
1242 4135 1307 4194 ψυχή
1321 4133 1361 4180 τὸν
1375 4133 1459 4190 νοητὸν
1478 4131 1569 4192 κόσμον
1584 4133 1625 4181 καί
1644 4132 1709 4190 θεοὺς
1725 4136 1765 4184 καὶ

161 4217 202 4264 καί
217 4213 355 4276 θρασύλλσυ
376 4216 427 4265 τοῖς
441 4207 565 4258 Πλωτίνου
583 4207 635 4268 περὶ
658 4209 706 4254 τῶν
723 4205 801 4254 αὐτῶν
821 4219 940 4266 συγγραμ·
986 4209 1098 4268 δαίμονας
1121 4205 1163 4254 καί
1180 4203 1281 4264 τδιγαδδν
1295 4204 1336 4251 καὶ
1348 4203 1425 4252 πάντα
1444 4202 1475 4252 τίς
1496 4204 1642 4266 πρεσδάτερσ
1662 4204 1686 4253 ἐν
1708 4205 1767 4270 αὐτῇ

162 4302 234 4346 μασιν
244 4282 413 4344 είςάκρίόειαν.
425 4306 450 4315 -
462 4279 512 4342 (ts)
524 4279 642 4340 Origenes
653 4273 843 4325 eoniracelsum
852 4272 895 4323 lib.
910 4275 943 4323 lv
987 4278 1130 4340 ἐνεδρεύουσι,
1147 4275 1188 4323 καί
1203 4279 1226 4323 δν
1240 4279 1313 4323 πᾶσιν
1328 4273 1442 4331 ὡσαύτως
1460 4273 1539 4323 πάντα
1550 4275 1610 4323 sirau
1630 4275 1768 4336 ἀποφαίνον-

162 4369 217 4420 png.
248 4357 291 4403 tut
313 4353 360 4414 ἐγὼ
379 4352 399 4400 δ’
415 4352 469 4400 otta
490 4351 531 4398 καὶ
548 4349 682 4408 Νουμήνιον
705 4347 746 4396 τδν
766 4345 942 4408 Πυθαγόρειον,
987 4367 1040 4410 ται,
1064 4345 1157 4402 οἰκείως
1174 4345 1254 4407 μέντοι
1269 4345 1331 4394 κατὰ
1349 4347 1391 4404 τήν
1414 4345 1491 4394 αὐτῶν
1510 4346 1592 4395 οὐσίαν
1607 4347 1631 4395 lu
1651 4347 1766 4404 ίκάαεσις.

162 4428 237 4490 ἄνδρα
250 4427 330 4487 πολλῷ
343 4427 449 4485 κρεῖττον
461 4421 637 4482 διηγησάμενον
649 4419 690 4468 τόν
704 4417 823 4467 Πλάτωνα
838 4417 877 4464 καί
891 4419 941 4478 περί
989 4423 1035 4472 Καὶ
1047 4420 1133 4477 ςαδτης
1146 4422 1188 4478 τῆς
1202 4417 1267 4474 δόξης
1284 4417 1498 4478 δναμρεσόητήτως
1511 4417 1551 4480 μέν
1563 4417 1614 4467 ίστε
1626 4419 1767 4480 Νουμήνιος.

162 4503 211 4548 τῶν
233 4494 400 4558 Πνθαῖνρῖίῖνν
420 4494 546 4556 δογμάτων
560 4491 736 4548 omnivm·
752 4490 873 4552 πολλαχοῦ
894 4493 943 4538 τῶν
989 4495 1057 4545 Κατὰ
1073 4493 1101 4551 δὴ
1121 4491 1210 4548 ταότην
1229 4494 1272 4539 νοῦ
1288 4489 1329 4538 καί
1343 4491 1401 4538 θεῶν
1415 4490 1455 4537 καί
1473 4494 1520 4537 τῶν
1539 4488 1680 4552 κρειττόνων
1696 4495 1769 4550 γενῶν

162 4566 354 4630 συγγραμμάτων
376 4565 451 4613 αὐτοῦ
471 4563 618 4622 ίατεθέμενον
636 4561 667 4610 τὰ
690 4561 813 4616 Μωῦσίως
830 4563 869 4610 καί
896 4565 944 4611 τῶν
988 4567 1078 4623 αδδδνή
1091 4564 1157 4627 ψυχή
1169 4561 1289 4623 διενήνοχε
1301 4562 1364 4609 κατὰ
1377 4563 1419 4618 τήν
1433 4559 1488 4616 θλην
1501 4558 1637 4608 otiolum·
1651 4559 1701 4620 (21)
1711 4563 1768 4608 sio.

161 4640 302 4704 προηητῶν,
321 4633 361 4684 καὶ
375 4635 419 4684 οῦκ
429 4633 548 4690 ἀπιθάνως
560 4633 621 4682 sisi
640 4633 848 4696 τραπολογσῦντα,
864 4633 945 4697 ὥσπερ
989 4636 1060 4686 haeus
1071 4632 1153 4694 Eclcg.
1167 4631 1241 4690 Ρίεγε.
1254 4629 1297 4680 lib.
1310 4632 1329 4689 l,
1348 4643 1401 4692 esp.
1415 4633 1453 4690 il,
1467 4633 1506 4684 25,
1522 4631 1634 4690 trogisii
1648 4627 1686 4677 ed.
1700 4631 1769 4679 lira.

162 4711 188 4760 ίν
203 4713 238 4771 τῷ
249 4708 388 4770 καλουμένῳ
404 4705 475 4756 inem
487 4706 528 4754 καὶ
545 4705 568 4754 ίν
582 4704 695 4764 τοῖςπερὶ
711 4702 795 4752 τόπου.
809 4701 850 4750 *Er
871 4704 896 4752 δὲ
910 4707 945 4766 τῷ
971 4719 1041 4756 ‚ren
1054 4704 1120 4767 [pag.
1132 4705 1180 4758 Ἰ353
1192 4700 1231 4750 ed.
1246 4699 1381 4763 Gaislord]
1395 4700 1461 4748 ἄλλοι
1475 4698 1514 4757 δί,
1527 4697 1561 4745 ὧν
1574 4699 1614 4745 καῖ
1628 4699 1769 4760 Νουμήνιος,

163 4781 237 4845 τρίτῳ
249 4781 300 4841 περί
312 4779 402 4840 ἀγαθοῦ
419 4776 538 4826 ἐκτίθεται
554 4775 659 4838 καὶπερὶ
678 4779 721 4822 τσῦ
740 4772 825 4831 Ἰησοῦ
837 4773 946 4838 ἱστορίαν
990 4777 1018 4826 οδ
1028 4773 1080 4838 τρία
1092 4772 1149 4834 μίρη
1164 4772 1241 4834 ψυχῆς
1258 4773 1313 4833 μιᾶς
1329 4771 1342 4827 h
1355 4769 1396 4816 δύο
1409 4781 1450 4826 γε,
1464 4766 1493 4814 τδ
1505 4766 1601 4826 λογικὸν
1613 4767 1654 4848 καί
1666 4766 1768 4828 άλσγον,

165 4853 230 4911 τινά,
246 4854 274 4902 τθ
293 4849 369 4911 δνομα
381 4849 455 4896 αὐτοῦ
467 4847 495 4895 σὺ
516 4847 599 4906 λέγων.
622 4843 690 4894 Idem
703 4843 746 4894 lib.
768 4848 799 4903 V,
821 4857 877 4907 pag.
900 4847 946 4894 268
990 4846 1050 4898 ἀλλὰ
1067 4845 1110 4893 δύο
1126 4842 1204 4904 ψυχὰς
1221 4841 1283 4904 ἔχειν
1298 4843 1358 4900 ἡμᾶς
1372 4839 1478 4896 σῖονται,
1496 4837 1577 4896 ὥσπερ
1589 4836 1630 4885 καῖ
1640 4836 1717 4899 αλλοι,
1728 4837 1770 4896 τήν

164 4924 245 4986 ὥσπερ
256 4921 321 4984 παρὰ
337 4922 373 4976 τῷ
386 4921 505 4982 Χαιρωνεῖ
519 4915 668 4982 Πλουτάρχῳ
681 4916 704 4964 δν
721 4921 771 4972 τοῖς
787 4917 839 4980 περὶ
854 4918 945 4978 ψυχῆς,
991 4919 1032 4984 μὲν
1047 4913 1145 4978 λογικήν
1159 4913 1202 4970 τὴν
1218 4912 1244 4960 δὲ
1258 4912 1353 4974 άλαγσν.
1370 4907 1417 4958 Ὧν
1428 4905 1497 4958 πάλιν
1509 4910 1532 4957 οῖ
1544 4908 1587 4968 μὲν
1597 4907 1669 4969 drapo
1680 4905 1769 4956 ἀθανά-

164 4997 204 5044 aet
218 4999 255 5056 τῷ
267 4990 422 5054 Πυθαγορείερ
435 4989 565 5054 Νουμηνίῳ
580 4989 605 5038 ἐν
618 4992 654 5051 τῷ
673 4989 775 5052 δευτέρῳ
790 4989 843 5047 περὶ
858 4988 945 5051 ἀφθαρ-
991 5001 1061 5048 τους,
1075 4986 1098 5032 σῖ
1115 4983 1196 5040 δὲτὴν
1209 4977 1445 5044 λογικὴνδθάνατον.
1461 4978 1510 5036 Τήν
1528 4976 1553 5025 δὲ
1565 4977 1653 5064 ἄλογον
1666 4977 1694 5025 σὺ
1708 4978 1771 5047 καρὰ

164 5067 322 5128 simut-,ne
346 5064 418 5111 llunc
436 5061 519 5124 ipsum
538 5059 629 5110 librum
642 5057 750 5122 respexit
768 5056 898 5107 Nemeeius
917 5056 948 5106 de
992 5057 1034 5113 τὰς
1049 5055 1163 5118 ἐνεργείας
1176 5052 1249 5116 μόνον
1260 5051 1406 5109 ἀφίστασθαι
1420 5055 1461 5107 τῆς
1479 5052 1550 5130 παγάς
1570 5049 1771 5108 κινησεως,δλλὰ

166 5141 257 5186 nalurtt
266 5117 374 5183 hominis
386 5145 440 5195 dep.
454 5137 467 5182 θ
483 5135 550 5193 κοινῇ
568 5131 609 5192 μὲν
620 5127 660 5178 οὖν
673 5130 729 5191 πρός
741 5129 832 5184 πάντας
841 5129 896 5184 τοὺς
907 5129 947 5176 ’λά-
992 5128 1032 5175 καλ
1046 5125 1100 5174 κατ’
1116 5124 1199 5173 σ’ὺσίαν
1216 5122 1360 5171 διαλύεσθαι.
1375 5121 1433 5174 Τοῖς
1447 5119 1474 5167 dl
1485 5119 1576 5176 ίδοκει,
1587 5117 1629 5166 δάε
1643 5119 1727 5182 ψυχῶν
1740 5122 1771 5176 είς

165 5225 251 5270 γοντσς
265 5211 336 5268 σῶμα
348 5206 391 5274 τήν
402 5197 482 5266 ψῖιχὴν
495 5202 590 5265 &puiset
611 5201 641 5248 τά
653 5199 718 5262 παρὰ
736 5198 889 5261 Ἀμμωνίου,
904 5201 948 5246 τσῦ
992 5197 1063 5244 ταύτό
1079 5195 1265 5255 συμπλακεισῶν
1279 5190 1402 5249 ἀλλήλαις,
1425 5188 1550 5244 διπλασίας
1573 5189 1632 5238 eluat
1652 5189 1695 5248 τὰς
1707 5179 1770 5248 κενοί-

165 5279 311 5329 tatanem
335 5273 472 5334 Πλωτίνσυ,
497 5269 537 5321 διαὶ
557 5271 693 5332 Πσνμηνίου
718 5275 759 5318 τοῦ
781 5271 948 5331 Πυθαγορικοῦ
994 5281 1058 5326 σεις,
1073 5263 1235 5327 δμοιουμίνων
1249 5260 1358 5317 λλλήλαες
1368 5258 1395 5308 ίκ
1406 5263 1448 5312 τοῦ
1460 5259 1587 5312 διπαλαάειν
1601 5261 1714 5324 ίκατίραν
1725 5265 1772 5309 τῶν
