<?xml version="1.0" encoding="UTF-8"?>
<!DOCTYPE html PUBLIC "-//W3C//DTD XHTML 1.0 Transitional//EN"
    "http://www.w3.org/TR/xhtml1/DTD/xhtml1-transitional.dtd">
<html xmlns="http://www.w3.org/1999/xhtml" xml:lang="en" lang="en">
 <head>
  <title>
</title>
<meta http-equiv="Content-Type" content="text/html;charset=utf-8" />
  <meta name='ocr-system' content='tesseract 3.04.00' />
  <meta name='ocr-capabilities' content='ocr_page ocr_carea ocr_par ocr_line ocrx_word'/>
</head>
<body>
  <div class='ocr_page' id='page_1' title='image "./fragmentaphilos01mullgoog/fragmentaphilos01mullgoog_0289.png"; bbox 0 0 3958 5942; ppageno 0'>
   <div class='ocr_carea' id='block_1_1' title="bbox 259 374 1363 442">
    <p class='ocr_par' dir='ltr' id='par_1_1' title="bbox 259 374 1363 442">
     <span class='ocr_line' id='line_1_1' title="bbox 259 374 1363 442; baseline -0.005 -1"><span class='ocrx_word' id='word_1_1' title='bbox 259 380 320 442; x_wconf 72' lang='lat'>272</span> <span class='ocrx_word' id='word_1_2' title='bbox 766 377 916 441; x_wconf 79' lang='lat' dir='ltr'><strong>EUDEMI</strong></span> <span class='ocrx_word' id='word_1_3' title='bbox 936 377 1073 442; x_wconf 84' lang='lat' dir='ltr'>RHODII</span> <span class='ocrx_word' id='word_1_4' title='bbox 1095 374 1363 440; x_wconf 80' lang='lat' dir='ltr'><strong>PERIPATETIGI</strong></span> 
     </span>
    </p>
   </div>
   <div class='ocr_carea' id='block_1_2' title="bbox 155 505 1976 5298">
    <p class='ocr_par' dir='ltr' id='par_1_2' title="bbox 155 505 1976 5298">
     <span class='ocr_line' id='line_1_2' title="bbox 259 505 1972 595; baseline -0.002 -25"><span class='ocrx_word' id='word_1_5' title='bbox 259 509 383 592; x_wconf 88' lang='grc' dir='ltr'>ρουμίνου</span> <span class='ocrx_word' id='word_1_6' title='bbox 403 509 431 570; x_wconf 83' lang='grc' dir='ltr'>δδ</span> <span class='ocrx_word' id='word_1_7' title='bbox 451 510 547 580; x_wconf 88' lang='grc' dir='ltr'>παντὸς</span> <span class='ocrx_word' id='word_1_8' title='bbox 563 511 598 580; x_wconf 86' lang='grc' dir='ltr'>ιίς</span> <span class='ocrx_word' id='word_1_9' title='bbox 617 510 761 589; x_wconf 71' lang='grc' dir='ltr'><strong>μηνίσκους</strong></span> <span class='ocrx_word' id='word_1_10' title='bbox 775 511 854 572; x_wconf 93' lang='grc' dir='ltr'>πάλιν</span> <span class='ocrx_word' id='word_1_11' title='bbox 874 535 1037 594; x_wconf 93' lang='grc' dir='ltr'>τετραγωνι-</span> <span class='ocrx_word' id='word_1_12' title='bbox 1086 515 1213 595; x_wconf 82' lang='grc' dir='ltr'>τῆλοιιτῇ</span> <span class='ocrx_word' id='word_1_13' title='bbox 1235 514 1270 580; x_wconf 85' lang='grc' dir='ltr'>είς</span> <span class='ocrx_word' id='word_1_14' title='bbox 1283 510 1332 584; x_wconf 81' lang='grc' dir='ltr'>τήν</span> <span class='ocrx_word' id='word_1_15' title='bbox 1348 506 1428 589; x_wconf 78' lang='grc' dir='ltr'>ὀρθήν</span> <span class='ocrx_word' id='word_1_16' title='bbox 1444 508 1477 587; x_wconf 81' lang='grc' dir='ltr'>τῇ</span> <span class='ocrx_word' id='word_1_17' title='bbox 1493 505 1654 585; x_wconf 87' lang='grc' dir='ltr'>κερατοειδεῖ</span> <span class='ocrx_word' id='word_1_18' title='bbox 1666 505 1801 588; x_wconf 82' lang='grc' dir='ltr'>λεγομένη</span> <span class='ocrx_word' id='word_1_19' title='bbox 1823 505 1876 586; x_wconf 78' lang='grc' dir='ltr'>γέ-</span> <span class='ocrx_word' id='word_1_20' title='bbox 1971 522 1972 578; x_wconf 70' lang='grc' dir='ltr'>γ</span> 
     </span>
     <span class='ocr_line' id='line_1_3' title="bbox 258 556 1972 684; baseline 0.001 -24"><span class='ocrx_word' id='word_1_21' title='bbox 258 601 393 676; x_wconf 90' lang='grc' dir='ltr'>σθήσεται,</span> <span class='ocrx_word' id='word_1_22' title='bbox 409 601 442 660; x_wconf 82' lang='grc' dir='ltr'>δν</span> <span class='ocrx_word' id='word_1_23' title='bbox 452 605 659 683; x_wconf 85' lang='grc' dir='ltr'>συγχωρηθῶσιν</span> <span class='ocrx_word' id='word_1_24' title='bbox 678 605 702 663; x_wconf 85' lang='grc' dir='ltr'>οἱ</span> <span class='ocrx_word' id='word_1_25' title='bbox 714 602 775 680; x_wconf 82' lang='grc' dir='ltr'>περί</span> <span class='ocrx_word' id='word_1_26' title='bbox 789 601 836 670; x_wconf 83' lang='grc' dir='ltr'>τὸς</span> <span class='ocrx_word' id='word_1_27' title='bbox 847 609 892 662; x_wconf 83' lang='grc' dir='ltr'>τοῦ</span> <span class='ocrx_word' id='word_1_28' title='bbox 909 601 1041 684; x_wconf 84' lang='grc' dir='ltr'>ίξαγώνου</span> <span class='ocrx_word' id='word_1_29' title='bbox 1059 556 1067 650; x_wconf 79' lang='grc' dir='ltr'>ί</span> <span class='ocrx_word' id='word_1_30' title='bbox 1087 624 1156 662; x_wconf 90' lang='grc' dir='ltr'>νοιτσ</span> <span class='ocrx_word' id='word_1_31' title='bbox 1170 601 1200 660; x_wconf 86' lang='grc' dir='ltr'>ἀν</span> <span class='ocrx_word' id='word_1_32' title='bbox 1217 601 1400 680; x_wconf 76' lang='grc' dir='ltr'>εὐθύγραμμος</span> <span class='ocrx_word' id='word_1_33' title='bbox 1413 593 1459 668; x_wconf 68' lang='grc' dir='ltr'>ἴση</span> <span class='ocrx_word' id='word_1_34' title='bbox 1476 593 1578 673; x_wconf 63' lang='grc' dir='ltr'>γωνία,</span> <span class='ocrx_word' id='word_1_35' title='bbox 1600 591 1646 653; x_wconf 62' lang='grc' dir='ltr'>καί</span> <span class='ocrx_word' id='word_1_36' title='bbox 1661 593 1704 653; x_wconf 70' lang='grc' dir='ltr'>δῑίῑ</span> <span class='ocrx_word' id='word_1_37' title='bbox 1718 599 1796 652; x_wconf 71' lang='grc' dir='ltr'>τῠῧτῠ</span> <span class='ocrx_word' id='word_1_38' title='bbox 1810 595 1876 662; x_wconf 67' lang='grc' dir='ltr'>ἴσως</span> <span class='ocrx_word' id='word_1_39' title='bbox 1971 599 1972 612; x_wconf 64' lang='grc'>’</span> 
     </span>
     <span class='ocr_line' id='line_1_4' title="bbox 258 682 1874 774; baseline -0.004 -26"><span class='ocrx_word' id='word_1_40' title='bbox 258 695 305 750; x_wconf 81' lang='grc' dir='ltr'>τοῦ</span> <span class='ocrx_word' id='word_1_41' title='bbox 320 693 355 758; x_wconf 87' lang='grc' dir='ltr'>είς</span> <span class='ocrx_word' id='word_1_42' title='bbox 366 691 410 750; x_wconf 86' lang='grc' dir='ltr'>τὸν</span> <span class='ocrx_word' id='word_1_43' title='bbox 425 688 521 751; x_wconf 87' lang='grc' dir='ltr'>κύκλον</span> <span class='ocrx_word' id='word_1_44' title='bbox 538 693 735 774; x_wconf 77' lang='grc' dir='ltr'>ἐγγραφομένου</span> <span class='ocrx_word' id='word_1_45' title='bbox 749 691 864 774; x_wconf 85' lang='grc' dir='ltr'>πλιυρδς</span> <span class='ocrx_word' id='word_1_46' title='bbox 879 696 1043 774; x_wconf 90' lang='grc' dir='ltr'>περιγραφό-</span> <span class='ocrx_word' id='word_1_47' title='bbox 1088 689 1153 770; x_wconf 84' lang='grc' dir='ltr'>φησί</span> <span class='ocrx_word' id='word_1_48' title='bbox 1168 690 1213 749; x_wconf 86' lang='grc' dir='ltr'>καί</span> <span class='ocrx_word' id='word_1_49' title='bbox 1228 688 1278 747; x_wconf 91' lang='grc' dir='ltr'>ὑπὸ</span> <span class='ocrx_word' id='word_1_50' title='bbox 1293 687 1363 748; x_wconf 84' lang='grc' dir='ltr'>ούτω</span> <span class='ocrx_word' id='word_1_51' title='bbox 1377 687 1485 744; x_wconf 77' lang='grc' dir='ltr'>κλεινῶν</span> <span class='ocrx_word' id='word_1_52' title='bbox 1501 685 1602 764; x_wconf 87' lang='grc' dir='ltr'>ἀνδρῶν</span> <span class='ocrx_word' id='word_1_53' title='bbox 1618 683 1729 756; x_wconf 81' lang='grc' dir='ltr'>ζητηθδν</span> <span class='ocrx_word' id='word_1_54' title='bbox 1745 682 1874 762; x_wconf 87' lang='grc' dir='ltr'>θεώρημα</span> 
     </span>
     <span class='ocr_line' id='line_1_5' title="bbox 259 775 1874 866; baseline 0.003 -26"><span class='ocrx_word' id='word_1_55' title='bbox 259 803 331 856; x_wconf 89' lang='grc' dir='ltr'>μενοι</span> <span class='ocrx_word' id='word_1_56' title='bbox 348 780 471 857; x_wconf 89' lang='grc' dir='ltr'>μηνίσκοι</span> <span class='ocrx_word' id='word_1_57' title='bbox 486 783 736 862; x_wconf 84' lang='grc' dir='ltr'>τετραγωνίζεοθαι,</span> <span class='ocrx_word' id='word_1_58' title='bbox 753 781 844 859; x_wconf 81' lang='grc' dir='ltr'>καὶμὴ</span> <span class='ocrx_word' id='word_1_59' title='bbox 857 781 932 860; x_wconf 90' lang='grc' dir='ltr'>μόνοι</span> <span class='ocrx_word' id='word_1_60' title='bbox 948 782 1043 862; x_wconf 81' lang='grc' dir='ltr'>οἱπερὶ</span> <span class='ocrx_word' id='word_1_61' title='bbox 1089 785 1155 866; x_wconf 84' lang='grc' dir='ltr'>ἀχρι</span> <span class='ocrx_word' id='word_1_62' title='bbox 1175 789 1221 844; x_wconf 78' lang='grc' dir='ltr'>νῶν</span> <span class='ocrx_word' id='word_1_63' title='bbox 1246 784 1296 863; x_wconf 83' lang='grc' dir='ltr'>οὐχ</span> <span class='ocrx_word' id='word_1_64' title='bbox 1321 779 1423 862; x_wconf 82' lang='grc' dir='ltr'>εὑρέθη,</span> <span class='ocrx_word' id='word_1_65' title='bbox 1443 776 1500 840; x_wconf 68' lang='grc' dir='ltr'>οὐδέ</span> <span class='ocrx_word' id='word_1_66' title='bbox 1514 775 1558 836; x_wconf 85' lang='grc' dir='ltr'>ὑπ’</span> <span class='ocrx_word' id='word_1_67' title='bbox 1581 779 1663 837; x_wconf 79' lang='grc' dir='ltr'>αὐτοῦ</span> <span class='ocrx_word' id='word_1_68' title='bbox 1682 777 1874 858; x_wconf 65' lang='grc' dir='ltr'>Ἀρχιμήθννς·</span> 
     </span>
     <span class='ocr_line' id='line_1_6' title="bbox 257 859 1973 952; baseline -0.002 -25"><span class='ocrx_word' id='word_1_69' title='bbox 257 869 305 934; x_wconf 85' lang='grc' dir='ltr'>τὸς</span> <span class='ocrx_word' id='word_1_70' title='bbox 319 873 363 927; x_wconf 83' lang='grc' dir='ltr'>τοῦ</span> <span class='ocrx_word' id='word_1_71' title='bbox 384 868 559 950; x_wconf 87' lang='grc' dir='ltr'>τετραγώνου.</span> <span class='ocrx_word' id='word_1_72' title='bbox 603 871 747 930; x_wconf 82' lang='grc' dir='ltr'>Κάνταῦθα</span> <span class='ocrx_word' id='word_1_73' title='bbox 769 859 814 928; x_wconf 79' lang='grc' dir='ltr'>οὐν</span> <span class='ocrx_word' id='word_1_74' title='bbox 832 876 879 928; x_wconf 82' lang='grc' dir='ltr'>τοῦ</span> <span class='ocrx_word' id='word_1_75' title='bbox 896 872 1042 952; x_wconf 83' lang='grc' dir='ltr'>ψευδογρα-</span> <span class='ocrx_word' id='word_1_76' title='bbox 1088 869 1203 952; x_wconf 85' lang='grc' dir='ltr'>Ἔλεγον</span> <span class='ocrx_word' id='word_1_77' title='bbox 1224 871 1250 932; x_wconf 84' lang='grc' dir='ltr'>δῖ</span> <span class='ocrx_word' id='word_1_78' title='bbox 1273 869 1324 950; x_wconf 83' lang='grc' dir='ltr'>έγεὸ</span> <span class='ocrx_word' id='word_1_79' title='bbox 1338 869 1403 949; x_wconf 86' lang='grc' dir='ltr'>πρὸς</span> <span class='ocrx_word' id='word_1_80' title='bbox 1421 870 1466 928; x_wconf 88' lang='grc' dir='ltr'>τὸν</span> <span class='ocrx_word' id='word_1_81' title='bbox 1478 863 1661 945; x_wconf 85' lang='grc' dir='ltr'>καθηγεμόνα,</span> <span class='ocrx_word' id='word_1_82' title='bbox 1677 869 1714 932; x_wconf 84' lang='grc' dir='ltr'>ῶς</span> <span class='ocrx_word' id='word_1_83' title='bbox 1728 865 1805 946; x_wconf 86' lang='grc' dir='ltr'>είπερ</span> <span class='ocrx_word' id='word_1_84' title='bbox 1821 891 1878 942; x_wconf 82' lang='grc' dir='ltr'>μη·</span> <span class='ocrx_word' id='word_1_85' title='bbox 1972 870 1973 900; x_wconf 70' lang='lat'><em>³</em></span> 
     </span>
     <span class='ocr_line' id='line_1_7' title="bbox 261 953 1877 1043; baseline -0.002 -26"><span class='ocrx_word' id='word_1_86' title='bbox 261 955 381 1038; x_wconf 85' lang='grc' dir='ltr'>ρήματος</span> <span class='ocrx_word' id='word_1_87' title='bbox 403 957 486 1017; x_wconf 83' lang='grc' dir='ltr'>αίτιον</span> <span class='ocrx_word' id='word_1_88' title='bbox 507 959 538 1018; x_wconf 89' lang='grc' dir='ltr'>τὸ</span> <span class='ocrx_word' id='word_1_89' title='bbox 559 957 636 1037; x_wconf 90' lang='grc' dir='ltr'>μόνον</span> <span class='ocrx_word' id='word_1_90' title='bbox 655 959 898 1040; x_wconf 89' lang='grc' dir='ltr'>τετραγωνίσαντας</span> <span class='ocrx_word' id='word_1_91' title='bbox 915 960 1043 1039; x_wconf 89' lang='grc' dir='ltr'>μηνίοκον</span> <span class='ocrx_word' id='word_1_92' title='bbox 1089 961 1176 1029; x_wconf 88' lang='grc' dir='ltr'>νίσκος</span> <span class='ocrx_word' id='word_1_93' title='bbox 1200 961 1416 1043; x_wconf 72' lang='grc' dir='ltr'>τετραγωνίζοιτο</span> <span class='ocrx_word' id='word_1_94' title='bbox 1439 963 1452 1019; x_wconf 87' lang='grc' dir='ltr'>ὑ</span> <span class='ocrx_word' id='word_1_95' title='bbox 1479 957 1532 1017; x_wconf 87' lang='grc' dir='ltr'>ἀπὸ</span> <span class='ocrx_word' id='word_1_96' title='bbox 1559 959 1608 1028; x_wconf 83' lang='grc' dir='ltr'>τῆς</span> <span class='ocrx_word' id='word_1_97' title='bbox 1633 959 1679 1014; x_wconf 82' lang='grc' dir='ltr'>τοῦ</span> <span class='ocrx_word' id='word_1_98' title='bbox 1706 953 1877 1036; x_wconf 77' lang='grc' dir='ltr'>τετραγώνου</span> 
     </span>
     <span class='ocr_line' id='line_1_8' title="bbox 259 1042 1880 1130; baseline -0.001 -27"><span class='ocrx_word' id='word_1_99' title='bbox 259 1043 304 1103; x_wconf 85' lang='grc' dir='ltr'>τὸν</span> <span class='ocrx_word' id='word_1_100' title='bbox 318 1043 379 1125; x_wconf 83' lang='grc' dir='ltr'>περὶ</span> <span class='ocrx_word' id='word_1_101' title='bbox 399 1045 446 1118; x_wconf 76' lang='grc' dir='ltr'>τήν</span> <span class='ocrx_word' id='word_1_102' title='bbox 471 1050 518 1104; x_wconf 76' lang='grc' dir='ltr'>τοῦ</span> <span class='ocrx_word' id='word_1_103' title='bbox 540 1048 704 1128; x_wconf 85' lang='grc' dir='ltr'>τετραγώνου</span> <span class='ocrx_word' id='word_1_104' title='bbox 728 1049 860 1130; x_wconf 91' lang='grc' dir='ltr'>πλευράν,</span> <span class='ocrx_word' id='word_1_105' title='bbox 881 1053 916 1116; x_wconf 83' lang='grc' dir='ltr'>ῶς</span> <span class='ocrx_word' id='word_1_106' title='bbox 939 1048 1044 1118; x_wconf 88' lang='grc' dir='ltr'>πάντως</span> <span class='ocrx_word' id='word_1_107' title='bbox 1089 1051 1217 1128; x_wconf 73' lang='grc' dir='ltr'>πλευρᾶς·</span> <span class='ocrx_word' id='word_1_108' title='bbox 1230 1055 1308 1108; x_wconf 79' lang='grc' dir='ltr'>τοῦτο</span> <span class='ocrx_word' id='word_1_109' title='bbox 1321 1048 1373 1128; x_wconf 84' lang='grc' dir='ltr'>γάρ</span> <span class='ocrx_word' id='word_1_110' title='bbox 1383 1043 1584 1117; x_wconf 78' lang='grc' dir='ltr'>ἀνεξαπαιήτως</span> <span class='ocrx_word' id='word_1_111' title='bbox 1594 1048 1733 1119; x_wconf 76' lang='grc' dir='ltr'>συνῆκται,</span> <span class='ocrx_word' id='word_1_112' title='bbox 1746 1042 1880 1124; x_wconf 78' lang='grc' dir='ltr'>ὑμογενής</span> 
     </span>
     <span class='ocr_line' id='line_1_9' title="bbox 259 1127 1877 1214; baseline 0 -24"><span class='ocrx_word' id='word_1_113' title='bbox 259 1133 520 1214; x_wconf 80' lang='grc' dir='ltr'>τετραγωνιζομένων</span> <span class='ocrx_word' id='word_1_114' title='bbox 540 1136 675 1214; x_wconf 89' lang='grc' dir='ltr'>μηνίσκων</span> <span class='ocrx_word' id='word_1_115' title='bbox 692 1137 779 1197; x_wconf 88' lang='grc' dir='ltr'>ὑποῖοί</span> <span class='ocrx_word' id='word_1_116' title='bbox 790 1140 850 1198; x_wconf 88' lang='grc' dir='ltr'>ποτ’</span> <span class='ocrx_word' id='word_1_117' title='bbox 863 1136 894 1197; x_wconf 83' lang='grc' dir='ltr'>ἀν</span> <span class='ocrx_word' id='word_1_118' title='bbox 910 1127 987 1212; x_wconf 85' lang='grc' dir='ltr'>ώσιν,</span> <span class='ocrx_word' id='word_1_119' title='bbox 1004 1141 1040 1208; x_wconf 90' lang='grc' dir='ltr'>είς</span> <span class='ocrx_word' id='word_1_120' title='bbox 1091 1137 1119 1198; x_wconf 77' lang='grc' dir='ltr'>δέ</span> <span class='ocrx_word' id='word_1_121' title='bbox 1134 1143 1148 1199; x_wconf 88' lang='grc' dir='ltr'>ὑ</span> <span class='ocrx_word' id='word_1_122' title='bbox 1167 1137 1294 1214; x_wconf 88' lang='grc' dir='ltr'>μηνίοκος</span> <span class='ocrx_word' id='word_1_123' title='bbox 1308 1140 1347 1211; x_wconf 82' lang='grc' dir='ltr'>τῷ</span> <span class='ocrx_word' id='word_1_124' title='bbox 1360 1135 1450 1210; x_wconf 84' lang='grc' dir='ltr'>κύκλῳ</span> <span class='ocrx_word' id='word_1_125' title='bbox 1463 1139 1492 1195; x_wconf 83' lang='grc' dir='ltr'>ἐκ</span> <span class='ocrx_word' id='word_1_126' title='bbox 1506 1135 1678 1212; x_wconf 73' lang='grc' dir='ltr'>περιφερειῶν</span> <span class='ocrx_word' id='word_1_127' title='bbox 1691 1133 1877 1211; x_wconf 87' lang='grc' dir='ltr'>συγκείμενος,</span> 
     </span>
     <span class='ocr_line' id='line_1_10' title="bbox 261 1220 1974 1309; baseline -0.007 -29"><span class='ocrx_word' id='word_1_128' title='bbox 261 1220 334 1288; x_wconf 80' lang='grc' dir='ltr'>οθεὺ</span> <span class='ocrx_word' id='word_1_129' title='bbox 355 1221 447 1290; x_wconf 83' lang='grc' dir='ltr'>κύκλος</span> <span class='ocrx_word' id='word_1_130' title='bbox 469 1225 619 1306; x_wconf 79' lang='grc' dir='ltr'>διαιρεῖται,</span> <span class='ocrx_word' id='word_1_131' title='bbox 643 1225 711 1286; x_wconf 87' lang='grc' dir='ltr'>οὐτω</span> <span class='ocrx_word' id='word_1_132' title='bbox 731 1231 863 1286; x_wconf 90' lang='grc' dir='ltr'>ποιεῖσθαι</span> <span class='ocrx_word' id='word_1_133' title='bbox 886 1226 933 1300; x_wconf 85' lang='grc' dir='ltr'>τήν</span> <span class='ocrx_word' id='word_1_134' title='bbox 954 1225 1042 1296; x_wconf 78' lang='grc' dir='ltr'>δεῖξιν.</span> <span class='ocrx_word' id='word_1_135' title='bbox 1091 1238 1114 1296; x_wconf 67' lang='lat' dir='ltr'>t(</span> <span class='ocrx_word' id='word_1_136' title='bbox 1138 1237 1234 1296; x_wconf 65' lang='grc' dir='ltr'>χωλός,</span> <span class='ocrx_word' id='word_1_137' title='bbox 1258 1235 1303 1294; x_wconf 69' lang='grc' dir='ltr'>καὶ</span> <span class='ocrx_word' id='word_1_138' title='bbox 1322 1233 1366 1293; x_wconf 62' lang='grc' dir='ltr'>τήν</span> <span class='ocrx_word' id='word_1_139' title='bbox 1392 1229 1487 1290; x_wconf 58' lang='lat' dir='ltr'>amm</span> <span class='ocrx_word' id='word_1_140' title='bbox 1512 1229 1556 1288; x_wconf 64' lang='lat' dir='ltr'>lul</span> <span class='ocrx_word' id='word_1_141' title='bbox 1579 1227 1666 1309; x_wconf 61' lang='grc' dir='ltr'>τούτῳ</span> <span class='ocrx_word' id='word_1_142' title='bbox 1684 1225 1875 1306; x_wconf 50' lang='lat' dir='ltr'>mmmm.</span> <span class='ocrx_word' id='word_1_143' title='bbox 1973 1220 1974 1228; x_wconf 76' lang='grc'>’</span> 
     </span>
     <span class='ocr_line' id='line_1_11' title="bbox 261 1311 1874 1398; baseline -0.003 -19"><span class='ocrx_word' id='word_1_144' title='bbox 261 1311 339 1379; x_wconf 64' lang='grc' dir='ltr'>Τινὲς</span> <span class='ocrx_word' id='word_1_145' title='bbox 354 1311 394 1384; x_wconf 72' lang='grc' dir='ltr'>δέ,</span> <span class='ocrx_word' id='word_1_146' title='bbox 417 1313 496 1394; x_wconf 70' lang='grc' dir='ltr'>φησίν</span> <span class='ocrx_word' id='word_1_147' title='bbox 521 1313 700 1395; x_wconf 66' lang='grc' dir='ltr'>Ἀλέξανδρος,</span> <span class='ocrx_word' id='word_1_148' title='bbox 718 1319 863 1396; x_wconf 74' lang='grc' dir='ltr'>θγθῧνταε,</span> <span class='ocrx_word' id='word_1_149' title='bbox 888 1318 910 1378; x_wconf 77' lang='grc' dir='ltr'>εί</span> <span class='ocrx_word' id='word_1_150' title='bbox 934 1315 1044 1385; x_wconf 68' lang='grc' dir='ltr'>δείξαιεν</span> <span class='ocrx_word' id='word_1_151' title='bbox 1089 1330 1163 1383; x_wconf 90' lang='grc' dir='ltr'>σθαι·</span> <span class='ocrx_word' id='word_1_152' title='bbox 1187 1327 1209 1383; x_wconf 88' lang='grc' dir='ltr'>εί</span> <span class='ocrx_word' id='word_1_153' title='bbox 1224 1321 1251 1381; x_wconf 88' lang='grc' dir='ltr'>δῖ</span> <span class='ocrx_word' id='word_1_154' title='bbox 1267 1321 1389 1398; x_wconf 84' lang='grc' dir='ltr'>ἀνόμοιον</span> <span class='ocrx_word' id='word_1_155' title='bbox 1412 1319 1443 1378; x_wconf 89' lang='grc' dir='ltr'>τὸ</span> <span class='ocrx_word' id='word_1_156' title='bbox 1466 1323 1511 1378; x_wconf 78' lang='grc' dir='ltr'>τοῦ</span> <span class='ocrx_word' id='word_1_157' title='bbox 1528 1315 1655 1393; x_wconf 91' lang='grc' dir='ltr'>μηνίσκου</span> <span class='ocrx_word' id='word_1_158' title='bbox 1683 1316 1811 1374; x_wconf 75' lang='grc' dir='ltr'>ἐπίπεδον</span> <span class='ocrx_word' id='word_1_159' title='bbox 1836 1317 1874 1390; x_wconf 71' lang='grc' dir='ltr'>τῷ</span> 
     </span>
     <span class='ocr_line' id='line_1_12' title="bbox 260 1395 1879 1486; baseline -0.006 -25"><span class='ocrx_word' id='word_1_160' title='bbox 260 1401 423 1482; x_wconf 91' lang='grc' dir='ltr'>τετράγωνον</span> <span class='ocrx_word' id='word_1_161' title='bbox 448 1402 560 1482; x_wconf 85' lang='grc' dir='ltr'>ἀριθμὸν</span> <span class='ocrx_word' id='word_1_162' title='bbox 582 1403 706 1463; x_wconf 84' lang='grc' dir='ltr'>κυκλικὸν</span> <span class='ocrx_word' id='word_1_163' title='bbox 729 1406 775 1464; x_wconf 90' lang='grc' dir='ltr'>καλ</span> <span class='ocrx_word' id='word_1_164' title='bbox 798 1408 824 1464; x_wconf 77' lang='grc' dir='ltr'>ἐν</span> <span class='ocrx_word' id='word_1_165' title='bbox 846 1413 900 1474; x_wconf 87' lang='grc' dir='ltr'>τοῖς</span> <span class='ocrx_word' id='word_1_166' title='bbox 922 1405 1044 1484; x_wconf 80' lang='grc' dir='ltr'>μεγέθεσι</span> <span class='ocrx_word' id='word_1_167' title='bbox 1093 1403 1183 1486; x_wconf 85' lang='grc' dir='ltr'>κύκλῳ</span> <span class='ocrx_word' id='word_1_168' title='bbox 1198 1403 1242 1464; x_wconf 81' lang='grc' dir='ltr'>διὸ</span> <span class='ocrx_word' id='word_1_169' title='bbox 1256 1399 1289 1460; x_wconf 86' lang='grc' dir='ltr'>τὸ</span> <span class='ocrx_word' id='word_1_170' title='bbox 1300 1401 1410 1482; x_wconf 86' lang='grc' dir='ltr'>κέρατα,</span> <span class='ocrx_word' id='word_1_171' title='bbox 1427 1397 1496 1456; x_wconf 83' lang='grc' dir='ltr'>ἀλλά</span> <span class='ocrx_word' id='word_1_172' title='bbox 1512 1397 1608 1476; x_wconf 76' lang='grc' dir='ltr'>κολεῷ</span> <span class='ocrx_word' id='word_1_173' title='bbox 1622 1399 1807 1474; x_wconf 77' lang='grc' dir='ltr'>εὐθυγράμμῳ</span> <span class='ocrx_word' id='word_1_174' title='bbox 1820 1395 1879 1452; x_wconf 86' lang='grc' dir='ltr'>ἀνύ-</span> 
     </span>
     <span class='ocr_line' id='line_1_13' title="bbox 260 1483 1881 1573; baseline -0.005 -23"><span class='ocrx_word' id='word_1_175' title='bbox 260 1489 358 1550; x_wconf 90' lang='grc' dir='ltr'>κύκλου</span> <span class='ocrx_word' id='word_1_176' title='bbox 375 1493 588 1572; x_wconf 78' lang='grc' dir='ltr'>τετραγωνισμὸν</span> <span class='ocrx_word' id='word_1_177' title='bbox 607 1491 755 1573; x_wconf 84' lang='grc' dir='ltr'>εὑρηκέναι.</span> <span class='ocrx_word' id='word_1_178' title='bbox 798 1489 881 1556; x_wconf 85' lang='grc' dir='ltr'>Ἔστι</span> <span class='ocrx_word' id='word_1_179' title='bbox 898 1495 941 1566; x_wconf 90' lang='grc' dir='ltr'>δέ,</span> <span class='ocrx_word' id='word_1_180' title='bbox 966 1493 1045 1573; x_wconf 86' lang='grc' dir='ltr'>φησί,</span> <span class='ocrx_word' id='word_1_181' title='bbox 1094 1516 1168 1572; x_wconf 86' lang='grc' dir='ltr'>μοιος</span> <span class='ocrx_word' id='word_1_182' title='bbox 1183 1491 1310 1572; x_wconf 89' lang='grc' dir='ltr'>μηνίσκος</span> <span class='ocrx_word' id='word_1_183' title='bbox 1324 1497 1375 1556; x_wconf 75' lang='grc' dir='ltr'>πᾶς</span> <span class='ocrx_word' id='word_1_184' title='bbox 1394 1487 1439 1548; x_wconf 81' lang='grc' dir='ltr'>καί</span> <span class='ocrx_word' id='word_1_185' title='bbox 1455 1485 1527 1564; x_wconf 81' lang='grc' dir='ltr'>ὅμως</span> <span class='ocrx_word' id='word_1_186' title='bbox 1545 1483 1633 1564; x_wconf 82' lang='grc' dir='ltr'>ὑπερί</span> <span class='ocrx_word' id='word_1_187' title='bbox 1653 1483 1701 1554; x_wconf 81' lang='grc' dir='ltr'>τήν</span> <span class='ocrx_word' id='word_1_188' title='bbox 1716 1487 1765 1543; x_wconf 81' lang='grc' dir='ltr'>τοῦ</span> <span class='ocrx_word' id='word_1_189' title='bbox 1788 1503 1881 1564; x_wconf 81' lang='grc' dir='ltr'>τετρα-</span> 
     </span>
     <span class='ocr_line' id='line_1_14' title="bbox 261 1570 1975 1662; baseline -0.006 -22"><span class='ocrx_word' id='word_1_190' title='bbox 261 1579 424 1662; x_wconf 84' lang='grc' dir='ltr'>τετράγωνος</span> <span class='ocrx_word' id='word_1_191' title='bbox 444 1581 492 1658; x_wconf 80' lang='grc' dir='ltr'>μὲν</span> <span class='ocrx_word' id='word_1_192' title='bbox 511 1583 618 1662; x_wconf 88' lang='grc' dir='ltr'>ἀριθμὸς</span> <span class='ocrx_word' id='word_1_193' title='bbox 639 1587 653 1640; x_wconf 86' lang='grc' dir='ltr'>θ</span> <span class='ocrx_word' id='word_1_194' title='bbox 674 1582 760 1650; x_wconf 78' lang='grc' dir='ltr'>ἰσάκις</span> <span class='ocrx_word' id='word_1_195' title='bbox 776 1581 841 1658; x_wconf 85' lang='grc' dir='ltr'>ἴσος,</span> <span class='ocrx_word' id='word_1_196' title='bbox 855 1581 994 1650; x_wconf 86' lang='grc' dir='ltr'>κυκλικοὸς</span> <span class='ocrx_word' id='word_1_197' title='bbox 1017 1583 1044 1641; x_wconf 80' lang='grc' dir='ltr'>δέ</span> <span class='ocrx_word' id='word_1_198' title='bbox 1093 1583 1176 1661; x_wconf 92' lang='grc' dir='ltr'>γώνου</span> <span class='ocrx_word' id='word_1_199' title='bbox 1196 1580 1311 1662; x_wconf 80' lang='grc' dir='ltr'>πλευρὸν</span> <span class='ocrx_word' id='word_1_200' title='bbox 1337 1576 1462 1658; x_wconf 87' lang='grc' dir='ltr'>μηνίσκος</span> <span class='ocrx_word' id='word_1_201' title='bbox 1483 1572 1718 1656; x_wconf 80' lang='grc' dir='ltr'>τετραγωνίζεται·</span> <span class='ocrx_word' id='word_1_202' title='bbox 1746 1574 1777 1631; x_wconf 81' lang='grc' dir='ltr'>αἱ</span> <span class='ocrx_word' id='word_1_203' title='bbox 1797 1571 1884 1648; x_wconf 80' lang='grc' dir='ltr'>μένεα</span> <span class='ocrx_word' id='word_1_204' title='bbox 1974 1570 1975 1644; x_wconf 70' lang='grc' dir='ltr'>ί</span> 
     </span>
     <span class='ocr_line' id='line_1_15' title="bbox 261 1662 1884 1752; baseline -0.006 -26"><span class='ocrx_word' id='word_1_205' title='bbox 261 1666 349 1746; x_wconf 78' lang='grc' dir='ltr'>έλεγον</span> <span class='ocrx_word' id='word_1_206' title='bbox 374 1668 500 1748; x_wconf 76' lang='grc' dir='ltr'>ἀριθμούς</span> <span class='ocrx_word' id='word_1_207' title='bbox 516 1669 575 1738; x_wconf 83' lang='grc' dir='ltr'>τούς</span> <span class='ocrx_word' id='word_1_208' title='bbox 597 1671 795 1748; x_wconf 81' lang='grc' dir='ltr'>συντιθεμένους</span> <span class='ocrx_word' id='word_1_209' title='bbox 816 1675 846 1732; x_wconf 73' lang='grc' dir='ltr'>ἐκ</span> <span class='ocrx_word' id='word_1_210' title='bbox 865 1675 918 1732; x_wconf 90' lang='grc' dir='ltr'>τῶν</span> <span class='ocrx_word' id='word_1_211' title='bbox 938 1671 1046 1743; x_wconf 79' lang='grc' dir='ltr'>καθεξῆς</span> <span class='ocrx_word' id='word_1_212' title='bbox 1093 1671 1189 1752; x_wconf 90' lang='grc' dir='ltr'>γωνίαι</span> <span class='ocrx_word' id='word_1_213' title='bbox 1215 1669 1244 1728; x_wconf 83' lang='grc' dir='ltr'>αῖ</span> <span class='ocrx_word' id='word_1_214' title='bbox 1258 1693 1286 1728; x_wconf 89' lang='grc' dir='ltr'>τε</span> <span class='ocrx_word' id='word_1_215' title='bbox 1300 1673 1346 1728; x_wconf 79' lang='grc' dir='ltr'>τοῦ</span> <span class='ocrx_word' id='word_1_216' title='bbox 1366 1665 1525 1744; x_wconf 77' lang='grc' dir='ltr'>ἡμικυκλίου</span> <span class='ocrx_word' id='word_1_217' title='bbox 1543 1663 1588 1724; x_wconf 80' lang='grc' dir='ltr'>καί</span> <span class='ocrx_word' id='word_1_218' title='bbox 1609 1664 1637 1721; x_wconf 85' lang='grc' dir='ltr'>αῖ</span> <span class='ocrx_word' id='word_1_219' title='bbox 1653 1662 1834 1742; x_wconf 85' lang='grc' dir='ltr'>κερατοειδεῖς</span> <span class='ocrx_word' id='word_1_220' title='bbox 1855 1662 1884 1718; x_wconf 79' lang='grc' dir='ltr'>ἐκ</span> 
     </span>
     <span class='ocr_line' id='line_1_16' title="bbox 261 1747 1885 1842; baseline -0.002 -26"><span class='ocrx_word' id='word_1_221' title='bbox 261 1760 404 1836; x_wconf 79' lang='grc' dir='ltr'>περιττῶν,</span> <span class='ocrx_word' id='word_1_222' title='bbox 421 1747 475 1818; x_wconf 78' lang='grc' dir='ltr'>οἷον</span> <span class='ocrx_word' id='word_1_223' title='bbox 499 1757 563 1836; x_wconf 81' lang='grc' dir='ltr'>ἐνὸς,</span> <span class='ocrx_word' id='word_1_224' title='bbox 581 1763 670 1838; x_wconf 84' lang='grc' dir='ltr'>τριῶν,</span> <span class='ocrx_word' id='word_1_225' title='bbox 688 1761 774 1834; x_wconf 90' lang='grc' dir='ltr'>πέντε,</span> <span class='ocrx_word' id='word_1_226' title='bbox 794 1759 879 1838; x_wconf 78' lang='grc' dir='ltr'>ἑπτά,</span> <span class='ocrx_word' id='word_1_227' title='bbox 894 1759 980 1833; x_wconf 78' lang='grc' dir='ltr'>ἀννία,</span> <span class='ocrx_word' id='word_1_228' title='bbox 1002 1764 1044 1818; x_wconf 89' lang='grc' dir='ltr'>εὑ·</span> <span class='ocrx_word' id='word_1_229' title='bbox 1095 1759 1261 1842; x_wconf 89' lang='grc' dir='ltr'>περιφερείας</span> <span class='ocrx_word' id='word_1_230' title='bbox 1281 1757 1327 1816; x_wconf 81' lang='grc' dir='ltr'>καί</span> <span class='ocrx_word' id='word_1_231' title='bbox 1355 1755 1453 1824; x_wconf 84' lang='grc' dir='ltr'>εὐθείας</span> <span class='ocrx_word' id='word_1_232' title='bbox 1473 1754 1554 1835; x_wconf 82' lang='grc' dir='ltr'>ἄμφω</span> <span class='ocrx_word' id='word_1_233' title='bbox 1569 1751 1736 1830; x_wconf 81' lang='grc' dir='ltr'>συγκείμενοι</span> <span class='ocrx_word' id='word_1_234' title='bbox 1752 1753 1785 1810; x_wconf 86' lang='grc' dir='ltr'>οὐ</span> <span class='ocrx_word' id='word_1_235' title='bbox 1804 1748 1885 1825; x_wconf 68' lang='grc' dir='ltr'>μόνον</span> 
     </span>
     <span class='ocr_line' id='line_1_17' title="bbox 264 1837 1888 1928; baseline -0.005 -25"><span class='ocrx_word' id='word_1_236' title='bbox 264 1845 349 1924; x_wconf 87' lang='grc' dir='ltr'>ρόντες</span> <span class='ocrx_word' id='word_1_237' title='bbox 364 1847 397 1904; x_wconf 87' lang='grc' dir='ltr'>δι’</span> <span class='ocrx_word' id='word_1_238' title='bbox 410 1850 528 1926; x_wconf 81' lang='grc' dir='ltr'>ἀριθμῶν</span> <span class='ocrx_word' id='word_1_239' title='bbox 538 1846 701 1928; x_wconf 88' lang='grc' dir='ltr'>τετράγωνόν</span> <span class='ocrx_word' id='word_1_240' title='bbox 716 1873 774 1908; x_wconf 90' lang='grc' dir='ltr'>τινα</span> <span class='ocrx_word' id='word_1_241' title='bbox 790 1849 848 1925; x_wconf 87' lang='grc' dir='ltr'>θίμα</span> <span class='ocrx_word' id='word_1_242' title='bbox 864 1848 909 1908; x_wconf 81' lang='grc' dir='ltr'>καί</span> <span class='ocrx_word' id='word_1_243' title='bbox 921 1847 1046 1908; x_wconf 76' lang='grc' dir='ltr'>κυκλικὸν</span> <span class='ocrx_word' id='word_1_244' title='bbox 1097 1854 1287 1926; x_wconf 87' lang='grc' dir='ltr'>ἀνομοιογενεῖς</span> <span class='ocrx_word' id='word_1_245' title='bbox 1309 1848 1360 1905; x_wconf 86' lang='grc' dir='ltr'>είσι</span> <span class='ocrx_word' id='word_1_246' title='bbox 1383 1849 1415 1923; x_wconf 84' lang='grc' dir='ltr'>τῇ</span> <span class='ocrx_word' id='word_1_247' title='bbox 1431 1841 1626 1922; x_wconf 76' lang='grc' dir='ltr'>εὐθυγράμμῳ,</span> <span class='ocrx_word' id='word_1_248' title='bbox 1643 1839 1706 1900; x_wconf 85' lang='grc' dir='ltr'>ἀλλά</span> <span class='ocrx_word' id='word_1_249' title='bbox 1719 1839 1767 1898; x_wconf 86' lang='grc' dir='ltr'>καί</span> <span class='ocrx_word' id='word_1_250' title='bbox 1788 1837 1888 1914; x_wconf 81' lang='grc' dir='ltr'>ἀσύμ-</span> 
     </span>
     <span class='ocr_line' id='line_1_18' title="bbox 264 1918 1976 2014; baseline -0.003 -25"><span class='ocrx_word' id='word_1_251' title='bbox 264 1931 339 2002; x_wconf 89' lang='grc' dir='ltr'>όντα,</span> <span class='ocrx_word' id='word_1_252' title='bbox 364 1920 419 1992; x_wconf 83' lang='grc' dir='ltr'>οἷον</span> <span class='ocrx_word' id='word_1_253' title='bbox 435 1931 479 1992; x_wconf 91' lang='grc' dir='ltr'>τὸν</span> <span class='ocrx_word' id='word_1_254' title='bbox 496 1935 558 2008; x_wconf 92' lang='grc' dir='ltr'>λστ,</span> <span class='ocrx_word' id='word_1_255' title='bbox 575 1934 737 2014; x_wconf 88' lang='grc' dir='ltr'>τετράγωνον</span> <span class='ocrx_word' id='word_1_256' title='bbox 757 1936 804 2014; x_wconf 88' lang='grc' dir='ltr'>μὲν</span> <span class='ocrx_word' id='word_1_257' title='bbox 824 1937 888 1995; x_wconf 86' lang='grc' dir='ltr'>ὄντα</span> <span class='ocrx_word' id='word_1_258' title='bbox 911 1936 976 1994; x_wconf 81' lang='grc' dir='ltr'>διότι</span> <span class='ocrx_word' id='word_1_259' title='bbox 995 1933 1048 1994; x_wconf 87' lang='grc' dir='ltr'>ἀπὸ</span> <span class='ocrx_word' id='word_1_260' title='bbox 1095 1936 1198 2011; x_wconf 77' lang='grc' dir='ltr'>ύλητοι.</span> <span class='ocrx_word' id='word_1_261' title='bbox 1264 1937 1326 2014; x_wconf 87' lang='grc' dir='ltr'>Οὐχ</span> <span class='ocrx_word' id='word_1_262' title='bbox 1350 1931 1440 1992; x_wconf 83' lang='grc' dir='ltr'>ἱκανὸν</span> <span class='ocrx_word' id='word_1_263' title='bbox 1464 1922 1508 1991; x_wconf 79' lang='grc' dir='ltr'>οὐν</span> <span class='ocrx_word' id='word_1_264' title='bbox 1532 1921 1609 2008; x_wconf 75' lang='grc' dir='ltr'>ὀἶμαι</span> <span class='ocrx_word' id='word_1_265' title='bbox 1631 1927 1661 1988; x_wconf 90' lang='grc' dir='ltr'>τὸ</span> <span class='ocrx_word' id='word_1_266' title='bbox 1682 1927 1824 2008; x_wconf 71' lang='grc' dir='ltr'>εἰρημένον</span> <span class='ocrx_word' id='word_1_267' title='bbox 1854 1929 1891 1992; x_wconf 86' lang='grc' dir='ltr'>εἰς</span> <span class='ocrx_word' id='word_1_268' title='bbox 1975 1918 1976 1984; x_wconf 45' lang='lat' dir='ltr'>f</span> 
     </span>
     <span class='ocr_line' id='line_1_19' title="bbox 263 2019 1891 2106; baseline -0.001 -28"><span class='ocrx_word' id='word_1_269' title='bbox 263 2026 310 2078; x_wconf 82' lang='grc' dir='ltr'>τοῦ</span> <span class='ocrx_word' id='word_1_270' title='bbox 327 2043 360 2078; x_wconf 92' lang='grc' dir='ltr'>στ</span> <span class='ocrx_word' id='word_1_271' title='bbox 379 2019 419 2100; x_wconf 76' lang='grc' dir='ltr'>ἐφ’</span> <span class='ocrx_word' id='word_1_272' title='bbox 442 2022 535 2081; x_wconf 79' lang='grc' dir='ltr'>ἑαυτὸν</span> <span class='ocrx_word' id='word_1_273' title='bbox 557 2023 692 2100; x_wconf 85' lang='grc' dir='ltr'>γινομένου</span> <span class='ocrx_word' id='word_1_274' title='bbox 717 2035 849 2104; x_wconf 80' lang='grc' dir='ltr'>γεννᾶται,</span> <span class='ocrx_word' id='word_1_275' title='bbox 873 2023 997 2084; x_wconf 88' lang='grc' dir='ltr'>κυκλικὸν</span> <span class='ocrx_word' id='word_1_276' title='bbox 1020 2023 1047 2082; x_wconf 74' lang='grc' dir='ltr'>δέ</span> <span class='ocrx_word' id='word_1_277' title='bbox 1095 2026 1242 2106; x_wconf 78' lang='grc' dir='ltr'>ἀπόγνωσιν</span> <span class='ocrx_word' id='word_1_278' title='bbox 1268 2027 1434 2096; x_wconf 83' lang='grc' dir='ltr'>καταστῆσαι</span> <span class='ocrx_word' id='word_1_279' title='bbox 1459 2025 1506 2093; x_wconf 76' lang='grc' dir='ltr'>τῆς</span> <span class='ocrx_word' id='word_1_280' title='bbox 1526 2020 1654 2100; x_wconf 87' lang='grc' dir='ltr'>εὑρέσεως</span> <span class='ocrx_word' id='word_1_281' title='bbox 1672 2022 1719 2076; x_wconf 76' lang='grc' dir='ltr'>τοῦ</span> <span class='ocrx_word' id='word_1_282' title='bbox 1743 2039 1891 2096; x_wconf 83' lang='grc' dir='ltr'>τετραγω-</span> 
     </span>
     <span class='ocr_line' id='line_1_20' title="bbox 264 2106 1889 2195; baseline 0.005 -27"><span class='ocrx_word' id='word_1_283' title='bbox 264 2109 330 2168; x_wconf 90' lang='grc' dir='ltr'>δεότι</span> <span class='ocrx_word' id='word_1_284' title='bbox 346 2107 400 2168; x_wconf 88' lang='grc' dir='ltr'>ἀπὸ</span> <span class='ocrx_word' id='word_1_285' title='bbox 413 2114 459 2181; x_wconf 83' lang='grc' dir='ltr'>τῆς</span> <span class='ocrx_word' id='word_1_286' title='bbox 472 2113 525 2168; x_wconf 91' lang='grc' dir='ltr'>τῶν</span> <span class='ocrx_word' id='word_1_287' title='bbox 543 2113 673 2192; x_wconf 88' lang='grc' dir='ltr'>περιττῶν</span> <span class='ocrx_word' id='word_1_288' title='bbox 691 2115 798 2190; x_wconf 82' lang='grc' dir='ltr'>αγεζθια</span> <span class='ocrx_word' id='word_1_289' title='bbox 818 2113 962 2182; x_wconf 79' lang='grc' dir='ltr'>συνθέσεως</span> <span class='ocrx_word' id='word_1_290' title='bbox 981 2117 1048 2174; x_wconf 83' lang='grc' dir='ltr'>ἀπο·</span> <span class='ocrx_word' id='word_1_291' title='bbox 1094 2121 1205 2195; x_wconf 81' lang='grc' dir='ltr'>νισμοῶ·</span> <span class='ocrx_word' id='word_1_292' title='bbox 1227 2114 1272 2174; x_wconf 84' lang='grc' dir='ltr'>καί</span> <span class='ocrx_word' id='word_1_293' title='bbox 1288 2113 1339 2192; x_wconf 83' lang='grc' dir='ltr'>γδρ</span> <span class='ocrx_word' id='word_1_294' title='bbox 1360 2116 1374 2170; x_wconf 89' lang='grc' dir='ltr'>ὑ</span> <span class='ocrx_word' id='word_1_295' title='bbox 1394 2109 1552 2190; x_wconf 71' lang='grc' dir='ltr'>Ἰοῖμύλῑχῡε</span> <span class='ocrx_word' id='word_1_296' title='bbox 1576 2110 1603 2168; x_wconf 66' lang='grc' dir='ltr'>ἓν</span> <span class='ocrx_word' id='word_1_297' title='bbox 1622 2110 1661 2188; x_wconf 72' lang='grc' dir='ltr'>τῷ</span> <span class='ocrx_word' id='word_1_298' title='bbox 1676 2107 1712 2174; x_wconf 71' lang='grc' dir='ltr'>ῑῗς</span> <span class='ocrx_word' id='word_1_299' title='bbox 1732 2106 1783 2174; x_wconf 58' lang='grc' dir='ltr'>τὰς</span> <span class='ocrx_word' id='word_1_300' title='bbox 1797 2129 1889 2176; x_wconf 63' lang='grc' dir='ltr'>Χῑῗη·</span> 
     </span>
     <span class='ocr_line' id='line_1_21' title="bbox 262 2195 1885 2294; baseline 0.002 -38"><span class='ocrx_word' id='word_1_301' title='bbox 262 2199 389 2270; x_wconf 87' lang='grc' dir='ltr'>τελεῖται,</span> <span class='ocrx_word' id='word_1_302' title='bbox 404 2195 486 2277; x_wconf 86' lang='grc' dir='ltr'>ᾤοντο</span> <span class='ocrx_word' id='word_1_303' title='bbox 500 2197 545 2258; x_wconf 83' lang='grc' dir='ltr'>καί</span> <span class='ocrx_word' id='word_1_304' title='bbox 560 2199 658 2260; x_wconf 88' lang='grc' dir='ltr'>κύκλου</span> <span class='ocrx_word' id='word_1_305' title='bbox 669 2204 881 2282; x_wconf 84' lang='grc' dir='ltr'>τετραγωνισμὸν</span> <span class='ocrx_word' id='word_1_306' title='bbox 898 2201 1048 2283; x_wconf 85' lang='grc' dir='ltr'>εὑρηκέναι.</span> <span class='ocrx_word' id='word_1_307' title='bbox 1096 2216 1186 2294; x_wconf 83' lang='grc' dir='ltr'>γσρίσς</span> <span class='ocrx_word' id='word_1_308' title='bbox 1211 2210 1382 2288; x_wconf 75' lang='grc' dir='ltr'>ὑπομνήματι</span> <span class='ocrx_word' id='word_1_309' title='bbox 1402 2209 1445 2266; x_wconf 91' lang='grc' dir='ltr'>τὸν</span> <span class='ocrx_word' id='word_1_310' title='bbox 1462 2205 1510 2282; x_wconf 79' lang='grc' dir='ltr'>μέν</span> <span class='ocrx_word' id='word_1_311' title='bbox 1529 2200 1696 2281; x_wconf 78' lang='grc' dir='ltr'>Ἀριστοτέλη</span> <span class='ocrx_word' id='word_1_312' title='bbox 1715 2201 1784 2276; x_wconf 74' lang='grc' dir='ltr'>φησὶ</span> <span class='ocrx_word' id='word_1_313' title='bbox 1799 2201 1885 2272; x_wconf 56' lang='lat' dir='ltr'>WB</span> 
     </span>
     <span class='ocr_line' id='line_1_22' title="bbox 155 2281 1884 2382; baseline -0.004 -37"><span class='ocrx_word' id='word_1_314' title='bbox 155 2285 158 2292; x_wconf 73' lang='lat'>&#39;</span> <span class='ocrx_word' id='word_1_315' title='bbox 264 2285 335 2346; x_wconf 86' lang='grc' dir='ltr'>Ἀλλ’</span> <span class='ocrx_word' id='word_1_316' title='bbox 348 2289 364 2356; x_wconf 86' lang='grc' dir='ltr'>ή</span> <span class='ocrx_word' id='word_1_317' title='bbox 377 2285 463 2360; x_wconf 75' lang='grc' dir='ltr'>δεῖξις,</span> <span class='ocrx_word' id='word_1_318' title='bbox 477 2287 569 2367; x_wconf 88' lang='grc' dir='ltr'>φησίν,</span> <span class='ocrx_word' id='word_1_319' title='bbox 581 2291 628 2348; x_wconf 91' lang='grc' dir='ltr'>οὐκ</span> <span class='ocrx_word' id='word_1_320' title='bbox 639 2292 669 2349; x_wconf 72' lang='lat' dir='ltr'>lx</span> <span class='ocrx_word' id='word_1_321' title='bbox 685 2295 736 2350; x_wconf 91' lang='grc' dir='ltr'>τῶν</span> <span class='ocrx_word' id='word_1_322' title='bbox 747 2295 932 2372; x_wconf 86' lang='grc' dir='ltr'>γεωμετρικῶν</span> <span class='ocrx_word' id='word_1_323' title='bbox 944 2294 1047 2372; x_wconf 83' lang='grc' dir='ltr'>ἀρχῶν,</span> <span class='ocrx_word' id='word_1_324' title='bbox 1096 2303 1159 2369; x_wconf 76' lang='grc' dir='ltr'>ἴσως</span> <span class='ocrx_word' id='word_1_325' title='bbox 1173 2299 1311 2382; x_wconf 78' lang='grc' dir='ltr'>εὑρηκέναι</span> <span class='ocrx_word' id='word_1_326' title='bbox 1325 2297 1369 2356; x_wconf 91' lang='grc' dir='ltr'>τὸν</span> <span class='ocrx_word' id='word_1_327' title='bbox 1383 2300 1429 2356; x_wconf 80' lang='grc' dir='ltr'>τοῦ</span> <span class='ocrx_word' id='word_1_328' title='bbox 1442 2295 1539 2354; x_wconf 87' lang='grc' dir='ltr'>κύκλου</span> <span class='ocrx_word' id='word_1_329' title='bbox 1561 2281 1794 2368; x_wconf 87' lang='grc' dir='ltr'>τετραγωνισμόν,</span> <span class='ocrx_word' id='word_1_330' title='bbox 1810 2281 1884 2360; x_wconf 76' lang='grc' dir='ltr'>παρὸ</span> 
     </span>
     <span class='ocr_line' id='line_1_23' title="bbox 264 2373 1883 2467; baseline 0.004 -35"><span class='ocrx_word' id='word_1_331' title='bbox 264 2373 323 2466; x_wconf 80' lang='grc' dir='ltr'>ἀλλ’</span> <span class='ocrx_word' id='word_1_332' title='bbox 336 2376 366 2433; x_wconf 84' lang='grc' dir='ltr'>έκ</span> <span class='ocrx_word' id='word_1_333' title='bbox 380 2379 433 2436; x_wconf 90' lang='grc' dir='ltr'>τῶν</span> <span class='ocrx_word' id='word_1_334' title='bbox 449 2380 643 2456; x_wconf 80' lang='grc' dir='ltr'>ἀριθμητικῶν·</span> <span class='ocrx_word' id='word_1_335' title='bbox 659 2380 831 2460; x_wconf 83' lang='grc' dir='ltr'>ἀριθμητικοί</span> <span class='ocrx_word' id='word_1_336' title='bbox 847 2379 899 2461; x_wconf 86' lang='grc' dir='ltr'>γὸρ</span> <span class='ocrx_word' id='word_1_337' title='bbox 920 2381 1002 2462; x_wconf 81' lang='grc' dir='ltr'>ἀρχαὶ</span> <span class='ocrx_word' id='word_1_338' title='bbox 1019 2379 1049 2440; x_wconf 90' lang='grc' dir='ltr'>τὸ</span> <span class='ocrx_word' id='word_1_339' title='bbox 1097 2390 1125 2452; x_wconf 67' lang='grc' dir='ltr'>δὲ</span> <span class='ocrx_word' id='word_1_340' title='bbox 1140 2397 1191 2457; x_wconf 72' lang='grc' dir='ltr'>ςσῑς</span> <span class='ocrx_word' id='word_1_341' title='bbox 1206 2387 1392 2467; x_wconf 71' lang='grc' dir='ltr'>Πυθαγορείοις</span> <span class='ocrx_word' id='word_1_342' title='bbox 1416 2387 1556 2464; x_wconf 87' lang='grc' dir='ltr'>εὑρῆσθαι,</span> <span class='ocrx_word' id='word_1_343' title='bbox 1578 2379 1614 2442; x_wconf 77' lang='grc' dir='ltr'>ὣς</span> <span class='ocrx_word' id='word_1_344' title='bbox 1629 2373 1707 2445; x_wconf 69' lang='grc' dir='ltr'>δῆλόν</span> <span class='ocrx_word' id='word_1_345' title='bbox 1727 2373 1806 2442; x_wconf 66' lang='grc' dir='ltr'>ἶπῑ,</span> <span class='ocrx_word' id='word_1_346' title='bbox 1830 2393 1883 2451; x_wconf 66' lang='grc' dir='ltr'>γὀ-</span> 
     </span>
     <span class='ocr_line' id='line_1_24' title="bbox 264 2460 1883 2555; baseline 0.002 -33"><span class='ocrx_word' id='word_1_347' title='bbox 264 2462 331 2522; x_wconf 81' lang='grc' dir='ltr'>είναι</span> <span class='ocrx_word' id='word_1_348' title='bbox 346 2462 389 2522; x_wconf 91' lang='grc' dir='ltr'>τὸν</span> <span class='ocrx_word' id='word_1_349' title='bbox 410 2464 511 2524; x_wconf 89' lang='grc' dir='ltr'>τοιόνδε</span> <span class='ocrx_word' id='word_1_350' title='bbox 531 2467 639 2545; x_wconf 90' lang='grc' dir='ltr'>ἀριθμὸν</span> <span class='ocrx_word' id='word_1_351' title='bbox 659 2469 783 2528; x_wconf 89' lang='grc' dir='ltr'>κυκλικὸν</span> <span class='ocrx_word' id='word_1_352' title='bbox 804 2469 849 2529; x_wconf 83' lang='grc' dir='ltr'>καί</span> <span class='ocrx_word' id='word_1_353' title='bbox 873 2469 916 2528; x_wconf 92' lang='grc' dir='ltr'>τὸν</span> <span class='ocrx_word' id='word_1_354' title='bbox 943 2468 1044 2528; x_wconf 74' lang='grc' dir='ltr'>το·”νδε</span> <span class='ocrx_word' id='word_1_355' title='bbox 1097 2480 1155 2555; x_wconf 83' lang='grc' dir='ltr'>σίν,</span> <span class='ocrx_word' id='word_1_356' title='bbox 1172 2477 1224 2538; x_wconf 85' lang='grc' dir='ltr'>ἀπὸ</span> <span class='ocrx_word' id='word_1_357' title='bbox 1243 2479 1295 2536; x_wconf 92' lang='grc' dir='ltr'>τῶν</span> <span class='ocrx_word' id='word_1_358' title='bbox 1316 2475 1412 2544; x_wconf 80' lang='grc' dir='ltr'>Σέξτου</span> <span class='ocrx_word' id='word_1_359' title='bbox 1433 2476 1478 2530; x_wconf 81' lang='grc' dir='ltr'>τοῦ</span> <span class='ocrx_word' id='word_1_360' title='bbox 1503 2462 1684 2546; x_wconf 84' lang='grc' dir='ltr'>Πυθαγορείου</span> <span class='ocrx_word' id='word_1_361' title='bbox 1703 2460 1883 2534; x_wconf 73' lang='grc' dir='ltr'>ἀποδείξεων,</span> 
     </span>
     <span class='ocr_line' id='line_1_25' title="bbox 264 2542 1884 2639; baseline 0.002 -37"><span class='ocrx_word' id='word_1_362' title='bbox 264 2542 438 2623; x_wconf 90' lang='grc' dir='ltr'>τετράγωνον.</span> <span class='ocrx_word' id='word_1_363' title='bbox 484 2547 579 2606; x_wconf 75' lang='grc' dir='ltr'>Ταῦτα</span> <span class='ocrx_word' id='word_1_364' title='bbox 601 2552 647 2605; x_wconf 83' lang='grc' dir='ltr'>τοῦ</span> <span class='ocrx_word' id='word_1_365' title='bbox 664 2546 831 2630; x_wconf 81' lang='grc' dir='ltr'>Ἀλεξάνδρου</span> <span class='ocrx_word' id='word_1_366' title='bbox 845 2548 962 2627; x_wconf 90' lang='grc' dir='ltr'>λέγοντος</span> <span class='ocrx_word' id='word_1_367' title='bbox 989 2545 1049 2627; x_wconf 79' lang='grc' dir='ltr'>ἐφι·</span> <span class='ocrx_word' id='word_1_368' title='bbox 1098 2567 1234 2635; x_wconf 44' lang='lat' dir='ltr'>gemet„</span> <span class='ocrx_word' id='word_1_369' title='bbox 1257 2563 1327 2625; x_wconf 55' lang='grc' dir='ltr'>κατὰ</span> <span class='ocrx_word' id='word_1_370' title='bbox 1342 2559 1468 2639; x_wconf 63' lang='grc' dir='ltr'>δγρδογῆο</span> <span class='ocrx_word' id='word_1_371' title='bbox 1486 2555 1622 2631; x_wconf 44' lang='lat' dir='ltr'>“apeme</span> <span class='ocrx_word' id='word_1_372' title='bbox 1643 2551 1691 2623; x_wconf 82' lang='grc' dir='ltr'>ςῆν</span> <span class='ocrx_word' id='word_1_373' title='bbox 1707 2549 1822 2623; x_wconf 80' lang='grc' dir='ltr'>μέθοδον</span> <span class='ocrx_word' id='word_1_374' title='bbox 1838 2553 1884 2620; x_wconf 80' lang='grc' dir='ltr'>τῆς</span> 
     </span>
     <span class='ocr_line' id='line_1_26' title="bbox 265 2632 1889 2720; baseline -0.006 -29"><span class='ocrx_word' id='word_1_375' title='bbox 265 2633 369 2692; x_wconf 86' lang='grc' dir='ltr'>στάνιιν</span> <span class='ocrx_word' id='word_1_376' title='bbox 385 2632 468 2706; x_wconf 77' lang='grc' dir='ltr'>ἀξιον,</span> <span class='ocrx_word' id='word_1_377' title='bbox 485 2635 525 2694; x_wconf 81' lang='grc' dir='ltr'>ὅτι</span> <span class='ocrx_word' id='word_1_378' title='bbox 544 2639 647 2714; x_wconf 88' lang='grc' dir='ltr'>πρῶτον</span> <span class='ocrx_word' id='word_1_379' title='bbox 668 2637 715 2714; x_wconf 86' lang='grc' dir='ltr'>μίν</span> <span class='ocrx_word' id='word_1_380' title='bbox 735 2639 780 2698; x_wconf 92' lang='grc' dir='ltr'>τὸν</span> <span class='ocrx_word' id='word_1_381' title='bbox 799 2637 922 2698; x_wconf 87' lang='grc' dir='ltr'>κυκλικὸν</span> <span class='ocrx_word' id='word_1_382' title='bbox 938 2636 1048 2717; x_wconf 78' lang='grc' dir='ltr'>ἀριθμὸν</span> <span class='ocrx_word' id='word_1_383' title='bbox 1098 2643 1261 2718; x_wconf 58' lang='lat' dir='ltr'>amentiam,</span> <span class='ocrx_word' id='word_1_384' title='bbox 1277 2640 1486 2720; x_wconf 77' lang='grc' dir='ltr'>χρλθσεερσοδί</span> <span class='ocrx_word' id='word_1_385' title='bbox 1501 2659 1578 2716; x_wconf 76' lang='grc' dir='ltr'>φησιν</span> <span class='ocrx_word' id='word_1_386' title='bbox 1604 2638 1766 2715; x_wconf 75' lang='grc' dir='ltr'>Αργιμήδης</span> <span class='ocrx_word' id='word_1_387' title='bbox 1781 2636 1828 2692; x_wconf 72' lang='grc' dir='ltr'>διὰ</span> <span class='ocrx_word' id='word_1_388' title='bbox 1844 2635 1889 2700; x_wconf 66' lang='grc' dir='ltr'>τῆς</span> 
     </span>
     <span class='ocr_line' id='line_1_27' title="bbox 265 2719 1887 2811; baseline 0.007 -31"><span class='ocrx_word' id='word_1_389' title='bbox 265 2724 295 2780; x_wconf 90' lang='grc' dir='ltr'>ού</span> <span class='ocrx_word' id='word_1_390' title='bbox 311 2722 380 2782; x_wconf 87' lang='grc' dir='ltr'>κατδι</span> <span class='ocrx_word' id='word_1_391' title='bbox 395 2722 512 2783; x_wconf 89' lang='grc' dir='ltr'>σύνθεσιν</span> <span class='ocrx_word' id='word_1_392' title='bbox 529 2729 582 2782; x_wconf 89' lang='grc' dir='ltr'>τῶν</span> <span class='ocrx_word' id='word_1_393' title='bbox 595 2724 685 2806; x_wconf 75' lang='grc' dir='ltr'>ἑφεξῆς</span> <span class='ocrx_word' id='word_1_394' title='bbox 697 2731 825 2810; x_wconf 87' lang='grc' dir='ltr'>περιττῶν</span> <span class='ocrx_word' id='word_1_395' title='bbox 841 2729 864 2786; x_wconf 77' lang='grc' dir='ltr'>οἱ</span> <span class='ocrx_word' id='word_1_396' title='bbox 881 2725 1049 2808; x_wconf 84' lang='grc' dir='ltr'>ἀριθμητικοί</span> <span class='ocrx_word' id='word_1_397' title='bbox 1097 2735 1251 2798; x_wconf 70' lang='grc' dir='ltr'>ίλσεσεεδσῦς</span> <span class='ocrx_word' id='word_1_398' title='bbox 1267 2731 1392 2811; x_wconf 78' lang='grc' dir='ltr'>γραμμῆς</span> <span class='ocrx_word' id='word_1_399' title='bbox 1407 2726 1461 2805; x_wconf 78' lang='grc' dir='ltr'>(σί.</span> <span class='ocrx_word' id='word_1_400' title='bbox 1487 2724 1595 2784; x_wconf 83' lang='lat' dir='ltr'>Scholl.</span> <span class='ocrx_word' id='word_1_401' title='bbox 1611 2724 1644 2782; x_wconf 88' lang='lat' dir='ltr'>in</span> <span class='ocrx_word' id='word_1_402' title='bbox 1655 2723 1744 2782; x_wconf 78' lang='lat' dir='ltr'>Arist.</span> <span class='ocrx_word' id='word_1_403' title='bbox 1759 2743 1789 2801; x_wconf 85' lang='lat' dir='ltr'>p-</span> <span class='ocrx_word' id='word_1_404' title='bbox 1804 2724 1844 2790; x_wconf 69' lang='grc'>64</span> <span class='ocrx_word' id='word_1_405' title='bbox 1859 2719 1887 2778; x_wconf 76' lang='lat' dir='ltr'>b·</span> 
     </span>
     <span class='ocr_line' id='line_1_28' title="bbox 266 2809 1890 2897; baseline 0.004 -25"><span class='ocrx_word' id='word_1_406' title='bbox 266 2812 391 2884; x_wconf 86' lang='grc' dir='ltr'>τίθενται,</span> <span class='ocrx_word' id='word_1_407' title='bbox 409 2811 478 2872; x_wconf 80' lang='grc' dir='ltr'>ἀλλά</span> <span class='ocrx_word' id='word_1_408' title='bbox 496 2811 544 2884; x_wconf 78' lang='grc' dir='ltr'>τὴν</span> <span class='ocrx_word' id='word_1_409' title='bbox 560 2811 673 2874; x_wconf 82' lang='grc' dir='ltr'>ἀπὸτοῦ</span> <span class='ocrx_word' id='word_1_410' title='bbox 695 2818 774 2874; x_wconf 79' lang='grc' dir='ltr'>αὐτοῦ</span> <span class='ocrx_word' id='word_1_411' title='bbox 795 2819 831 2882; x_wconf 87' lang='grc' dir='ltr'>είς</span> <span class='ocrx_word' id='word_1_412' title='bbox 846 2815 876 2874; x_wconf 91' lang='grc' dir='ltr'>τὸ</span> <span class='ocrx_word' id='word_1_413' title='bbox 891 2815 954 2874; x_wconf 82' lang='grc' dir='ltr'>αὐτὸ</span> <span class='ocrx_word' id='word_1_414' title='bbox 964 2813 1051 2874; x_wconf 87' lang='grc' dir='ltr'>κατοί-</span> <span class='ocrx_word' id='word_1_415' title='bbox 1097 2825 1144 2886; x_wconf 76' lang='lat' dir='ltr'>ed.</span> <span class='ocrx_word' id='word_1_416' title='bbox 1167 2817 1321 2897; x_wconf 56' lang='lat' dir='ltr'><strong>Mandis.)</strong></span> <span class='ocrx_word' id='word_1_417' title='bbox 1337 2816 1383 2877; x_wconf 82' lang='grc' dir='ltr'>καί</span> <span class='ocrx_word' id='word_1_418' title='bbox 1400 2811 1553 2892; x_wconf 70' lang='grc' dir='ltr'>Νικομήδης</span> <span class='ocrx_word' id='word_1_419' title='bbox 1571 2811 1614 2870; x_wconf 65' lang='grc' dir='ltr'>διὰ</span> <span class='ocrx_word' id='word_1_420' title='bbox 1628 2815 1676 2884; x_wconf 73' lang='grc' dir='ltr'>τῆς</span> <span class='ocrx_word' id='word_1_421' title='bbox 1691 2809 1766 2878; x_wconf 56' lang='lat' dir='ltr'>mm(</span> <span class='ocrx_word' id='word_1_422' title='bbox 1792 2833 1890 2890; x_wconf 54' lang='grc' dir='ltr'>τετρῖ-</span> 
     </span>
     <span class='ocr_line' id='line_1_29' title="bbox 265 2897 1893 2992; baseline -0.002 -33"><span class='ocrx_word' id='word_1_423' title='bbox 265 2899 355 2970; x_wconf 73' lang='grc' dir='ltr'>ληὶιν·</span> <span class='ocrx_word' id='word_1_424' title='bbox 371 2899 465 2966; x_wconf 91' lang='grc' dir='ltr'>κύκλος</span> <span class='ocrx_word' id='word_1_425' title='bbox 476 2897 526 2980; x_wconf 85' lang='grc' dir='ltr'>γὸρ</span> <span class='ocrx_word' id='word_1_426' title='bbox 541 2904 555 2960; x_wconf 89' lang='grc' dir='ltr'>ὑ</span> <span class='ocrx_word' id='word_1_427' title='bbox 569 2924 608 2974; x_wconf 85' lang='grc' dir='ltr'>κε,</span> <span class='ocrx_word' id='word_1_428' title='bbox 623 2901 662 2960; x_wconf 82' lang='grc' dir='ltr'>ότι</span> <span class='ocrx_word' id='word_1_429' title='bbox 677 2903 800 2973; x_wconf 90' lang='grc' dir='ltr'>πεντάκις</span> <span class='ocrx_word' id='word_1_430' title='bbox 819 2904 894 2964; x_wconf 88' lang='grc' dir='ltr'>πέντε</span> <span class='ocrx_word' id='word_1_431' title='bbox 908 2927 949 2976; x_wconf 88' lang='grc' dir='ltr'>κε,</span> <span class='ocrx_word' id='word_1_432' title='bbox 970 2902 1052 2962; x_wconf 80' lang='grc' dir='ltr'>καίὺ</span> <span class='ocrx_word' id='word_1_433' title='bbox 1098 2911 1256 2992; x_wconf 79' lang='grc' dir='ltr'>γωοεζοθσης</span> <span class='ocrx_word' id='word_1_434' title='bbox 1286 2903 1452 2982; x_wconf 77' lang='grc' dir='ltr'>καλουμένης</span> <span class='ocrx_word' id='word_1_435' title='bbox 1477 2899 1523 2961; x_wconf 84' lang='grc' dir='ltr'>καί</span> <span class='ocrx_word' id='word_1_436' title='bbox 1546 2899 1721 2966; x_wconf 83' lang='grc' dir='ltr'>Ἀπολλώνιος</span> <span class='ocrx_word' id='word_1_437' title='bbox 1756 2899 1803 2958; x_wconf 87' lang='grc' dir='ltr'>διά</span> <span class='ocrx_word' id='word_1_438' title='bbox 1826 2921 1893 2964; x_wconf 83' lang='grc' dir='ltr'>τινος</span> 
     </span>
     <span class='ocr_line' id='line_1_30' title="bbox 267 2986 1895 3083; baseline -0.001 -37"><span class='ocrx_word' id='word_1_439' title='bbox 267 2989 328 3060; x_wconf 91' lang='grc' dir='ltr'>λστ,</span> <span class='ocrx_word' id='word_1_440' title='bbox 343 2986 402 3045; x_wconf 89' lang='grc' dir='ltr'>οὐτε</span> <span class='ocrx_word' id='word_1_441' title='bbox 415 2988 566 3067; x_wconf 86' lang='grc' dir='ltr'>ὑτέοσαρα,</span> <span class='ocrx_word' id='word_1_442' title='bbox 583 2988 643 3049; x_wconf 83' lang='grc' dir='ltr'>οὔτε</span> <span class='ocrx_word' id='word_1_443' title='bbox 658 2995 671 3049; x_wconf 84' lang='grc' dir='ltr'>ὑ</span> <span class='ocrx_word' id='word_1_444' title='bbox 685 2991 771 3064; x_wconf 83' lang='grc' dir='ltr'>ίννέα,</span> <span class='ocrx_word' id='word_1_445' title='bbox 791 2991 849 3050; x_wconf 88' lang='grc' dir='ltr'>ούτε</span> <span class='ocrx_word' id='word_1_446' title='bbox 865 2997 879 3052; x_wconf 89' lang='grc' dir='ltr'>ὑ</span> <span class='ocrx_word' id='word_1_447' title='bbox 897 3015 950 3066; x_wconf 89' lang='grc' dir='ltr'>εστ,</span> <span class='ocrx_word' id='word_1_448' title='bbox 964 2990 1052 3050; x_wconf 87' lang='grc' dir='ltr'>καίτοι</span> <span class='ocrx_word' id='word_1_449' title='bbox 1098 3003 1223 3083; x_wconf 64' lang='grc' dir='ltr'>γραμμῆς</span> <span class='ocrx_word' id='word_1_450' title='bbox 1244 2997 1277 3070; x_wconf 82' lang='grc' dir='ltr'>ῆν</span> <span class='ocrx_word' id='word_1_451' title='bbox 1304 2994 1381 3061; x_wconf 86' lang='grc' dir='ltr'>αὐτὸς</span> <span class='ocrx_word' id='word_1_452' title='bbox 1400 2992 1448 3070; x_wconf 87' lang='grc' dir='ltr'>μίν</span> <span class='ocrx_word' id='word_1_453' title='bbox 1473 2989 1633 3071; x_wconf 86' lang='grc' dir='ltr'>κοχλιώδους</span> <span class='ocrx_word' id='word_1_454' title='bbox 1655 2988 1775 3070; x_wconf 85' lang='grc' dir='ltr'>ἀδελφὴν</span> <span class='ocrx_word' id='word_1_455' title='bbox 1792 3011 1895 3068; x_wconf 79' lang='grc' dir='ltr'>προσα-</span> 
     </span>
     <span class='ocr_line' id='line_1_31' title="bbox 268 3075 1894 3170; baseline 0.006 -34"><span class='ocrx_word' id='word_1_456' title='bbox 268 3075 336 3136; x_wconf 88' lang='grc' dir='ltr'>κατδ</span> <span class='ocrx_word' id='word_1_457' title='bbox 352 3075 469 3135; x_wconf 87' lang='grc' dir='ltr'>σύνθεσιν</span> <span class='ocrx_word' id='word_1_458' title='bbox 492 3080 544 3136; x_wconf 91' lang='grc' dir='ltr'>τῶν</span> <span class='ocrx_word' id='word_1_459' title='bbox 561 3077 652 3158; x_wconf 78' lang='grc' dir='ltr'>ἐφεξῆς</span> <span class='ocrx_word' id='word_1_460' title='bbox 668 3083 798 3161; x_wconf 91' lang='grc' dir='ltr'>περιττῶν</span> <span class='ocrx_word' id='word_1_461' title='bbox 819 3079 964 3158; x_wconf 86' lang='grc' dir='ltr'>γινόμενοί,</span> <span class='ocrx_word' id='word_1_462' title='bbox 983 3077 1052 3138; x_wconf 83' lang='grc' dir='ltr'>ἀλλά</span> <span class='ocrx_word' id='word_1_463' title='bbox 1100 3083 1310 3170; x_wconf 78' lang='grc' dir='ltr'>γρρεύεε,ῆαθςῆ</span> <span class='ocrx_word' id='word_1_464' title='bbox 1326 3082 1354 3142; x_wconf 85' lang='grc' dir='ltr'>δέ</span> <span class='ocrx_word' id='word_1_465' title='bbox 1366 3084 1463 3160; x_wconf 80' lang='grc' dir='ltr'>έστιτῇ</span> <span class='ocrx_word' id='word_1_466' title='bbox 1477 3078 1655 3158; x_wconf 81' lang='grc' dir='ltr'>Νικομήδους,</span> <span class='ocrx_word' id='word_1_467' title='bbox 1668 3077 1713 3136; x_wconf 80' lang='grc' dir='ltr'>καί</span> <span class='ocrx_word' id='word_1_468' title='bbox 1728 3077 1894 3158; x_wconf 66' lang='grc' dir='ltr'>Κείρπῦςόῑύ</span> 
     </span>
     <span class='ocr_line' id='line_1_32' title="bbox 268 3156 1894 3258; baseline -0.001 -36"><span class='ocrx_word' id='word_1_469' title='bbox 268 3163 426 3243; x_wconf 91' lang='grc' dir='ltr'>τετράγωνοι</span> <span class='ocrx_word' id='word_1_470' title='bbox 438 3165 515 3242; x_wconf 90' lang='grc' dir='ltr'>μόνον</span> <span class='ocrx_word' id='word_1_471' title='bbox 527 3156 612 3226; x_wconf 81' lang='grc' dir='ltr'>οὑτοι·</span> <span class='ocrx_word' id='word_1_472' title='bbox 623 3166 692 3227; x_wconf 88' lang='grc' dir='ltr'>κατδι</span> <span class='ocrx_word' id='word_1_473' title='bbox 703 3167 753 3246; x_wconf 84' lang='grc' dir='ltr'>γὸρ</span> <span class='ocrx_word' id='word_1_474' title='bbox 768 3167 817 3238; x_wconf 78' lang='grc' dir='ltr'>τήν</span> <span class='ocrx_word' id='word_1_475' title='bbox 828 3168 990 3227; x_wconf 81' lang='grc' dir='ltr'>ίπισύνθεοιν</span> <span class='ocrx_word' id='word_1_476' title='bbox 1001 3172 1053 3226; x_wconf 89' lang='grc' dir='ltr'>τῶν</span> <span class='ocrx_word' id='word_1_477' title='bbox 1099 3201 1167 3248; x_wconf 58' lang='grc' dir='ltr'>τινος</span> <span class='ocrx_word' id='word_1_478' title='bbox 1181 3178 1318 3258; x_wconf 75' lang='grc' dir='ltr'>γραμμῆς,</span> <span class='ocrx_word' id='word_1_479' title='bbox 1333 3172 1366 3246; x_wconf 79' lang='grc' dir='ltr'>ἣν</span> <span class='ocrx_word' id='word_1_480' title='bbox 1381 3171 1472 3238; x_wconf 81' lang='grc' dir='ltr'>ἀπλῶς</span> <span class='ocrx_word' id='word_1_481' title='bbox 1486 3173 1516 3228; x_wconf 87' lang='grc' dir='ltr'>έκ</span> <span class='ocrx_word' id='word_1_482' title='bbox 1537 3169 1632 3239; x_wconf 82' lang='grc' dir='ltr'>διπλῆς</span> <span class='ocrx_word' id='word_1_483' title='bbox 1654 3165 1786 3238; x_wconf 80' lang='grc' dir='ltr'>κινήσεως</span> <span class='ocrx_word' id='word_1_484' title='bbox 1802 3171 1894 3245; x_wconf 63' lang='grc' dir='ltr'>καλεῖ,</span> 
     </span>
     <span class='ocr_line' id='line_1_33' title="bbox 233 3253 1893 3339; baseline -0.005 -28"><span class='ocrx_word' id='word_1_485' title='bbox 233 3313 236 3320; x_wconf 29' lang='lat'><strong>⁴</strong></span> <span class='ocrx_word' id='word_1_486' title='bbox 272 3258 401 3332; x_wconf 86' lang='grc' dir='ltr'>περιττῶν</span> <span class='ocrx_word' id='word_1_487' title='bbox 416 3255 441 3312; x_wconf 84' lang='grc' dir='ltr'>οῖ</span> <span class='ocrx_word' id='word_1_488' title='bbox 457 3256 615 3335; x_wconf 87' lang='grc' dir='ltr'>τετράγωνοι</span> <span class='ocrx_word' id='word_1_489' title='bbox 631 3255 746 3332; x_wconf 86' lang='grc' dir='ltr'>γίνονται</span> <span class='ocrx_word' id='word_1_490' title='bbox 761 3255 808 3316; x_wconf 83' lang='grc' dir='ltr'>καί</span> <span class='ocrx_word' id='word_1_491' title='bbox 821 3256 884 3324; x_wconf 81' lang='grc' dir='ltr'>ἴσως</span> <span class='ocrx_word' id='word_1_492' title='bbox 899 3261 913 3316; x_wconf 85' lang='grc' dir='ltr'>θ</span> <span class='ocrx_word' id='word_1_493' title='bbox 929 3257 955 3325; x_wconf 60' lang='lat' dir='ltr'>l(</span> <span class='ocrx_word' id='word_1_494' title='bbox 968 3261 1011 3337; x_wconf 83' lang='grc' dir='ltr'>ἀρ·</span> <span class='ocrx_word' id='word_1_495' title='bbox 1023 3261 1054 3326; x_wconf 78' lang='grc' dir='ltr'>ῆς</span> <span class='ocrx_word' id='word_1_496' title='bbox 1101 3269 1176 3326; x_wconf 53' lang='lat' dir='ltr'>‘mog</span> <span class='ocrx_word' id='word_1_497' title='bbox 1198 3261 1345 3334; x_wconf 83' lang='grc' dir='ltr'>ςςπολλοί,</span> <span class='ocrx_word' id='word_1_498' title='bbox 1363 3259 1439 3339; x_wconf 90' lang='grc' dir='ltr'>φησί,</span> <span class='ocrx_word' id='word_1_499' title='bbox 1454 3257 1579 3324; x_wconf 90' lang='grc' dir='ltr'>ποικίλως</span> <span class='ocrx_word' id='word_1_500' title='bbox 1602 3253 1795 3334; x_wconf 76' lang='grc' dir='ltr'>τὸπρόθλημσ</span> <span class='ocrx_word' id='word_1_501' title='bbox 1812 3277 1893 3314; x_wconf 66' lang='lat' dir='ltr'>xm.</span> 
     </span>
     <span class='ocr_line' id='line_1_34' title="bbox 271 3280 1893 3428; baseline 0.001 -30"><span class='ocrx_word' id='word_1_502' title='bbox 271 3340 318 3412; x_wconf 72' lang='grc' dir='ltr'>τήν</span> <span class='ocrx_word' id='word_1_503' title='bbox 335 3341 442 3418; x_wconf 86' lang='grc' dir='ltr'>μέθοδον</span> <span class='ocrx_word' id='word_1_504' title='bbox 458 3344 591 3422; x_wconf 81' lang='grc' dir='ltr'>παραδοὺς</span> <span class='ocrx_word' id='word_1_505' title='bbox 605 3347 653 3403; x_wconf 91' lang='grc' dir='ltr'>οὐκ</span> <span class='ocrx_word' id='word_1_506' title='bbox 669 3335 726 3403; x_wconf 77' lang='grc' dir='ltr'>εἶπε</span> <span class='ocrx_word' id='word_1_507' title='bbox 737 3342 876 3410; x_wconf 87' lang='grc' dir='ltr'>κυκλικοὸς</span> <span class='ocrx_word' id='word_1_508' title='bbox 889 3345 979 3410; x_wconf 74' lang='grc' dir='ltr'>ἁπλῶς</span> <span class='ocrx_word' id='word_1_509' title='bbox 989 3280 1055 3404; x_wconf 75' lang='grc' dir='ltr'>είύαι</span> <span class='ocrx_word' id='word_1_510' title='bbox 1100 3353 1244 3428; x_wconf 71' lang='grc' dir='ltr'>σκεύασον,</span> <span class='ocrx_word' id='word_1_511' title='bbox 1258 3350 1303 3410; x_wconf 79' lang='grc' dir='ltr'>καί</span> <span class='ocrx_word' id='word_1_512' title='bbox 1319 3347 1421 3427; x_wconf 92' lang='grc' dir='ltr'>μήποτε</span> <span class='ocrx_word' id='word_1_513' title='bbox 1436 3337 1506 3414; x_wconf 83' lang='grc' dir='ltr'>οὑτοι</span> <span class='ocrx_word' id='word_1_514' title='bbox 1521 3344 1618 3410; x_wconf 87' lang='grc' dir='ltr'>πάντες</span> <span class='ocrx_word' id='word_1_515' title='bbox 1631 3341 1777 3424; x_wconf 77' lang='grc' dir='ltr'>ὀργανικὴν</span> <span class='ocrx_word' id='word_1_516' title='bbox 1791 3344 1893 3416; x_wconf 77' lang='grc' dir='ltr'>ἐποιή-</span> 
     </span>
     <span class='ocr_line' id='line_1_35' title="bbox 270 3428 1893 3524; baseline 0.004 -36"><span class='ocrx_word' id='word_1_517' title='bbox 270 3429 373 3498; x_wconf 88' lang='grc' dir='ltr'>πάντας</span> <span class='ocrx_word' id='word_1_518' title='bbox 389 3428 448 3498; x_wconf 86' lang='grc' dir='ltr'>τούς</span> <span class='ocrx_word' id='word_1_519' title='bbox 470 3432 539 3492; x_wconf 89' lang='grc' dir='ltr'>κατδι</span> <span class='ocrx_word' id='word_1_520' title='bbox 555 3435 718 3492; x_wconf 83' lang='grc' dir='ltr'>έπισύνθεσιν</span> <span class='ocrx_word' id='word_1_521' title='bbox 735 3437 786 3492; x_wconf 90' lang='grc' dir='ltr'>τῶν</span> <span class='ocrx_word' id='word_1_522' title='bbox 805 3433 896 3512; x_wconf 79' lang='grc' dir='ltr'>ἐφεξῆς</span> <span class='ocrx_word' id='word_1_523' title='bbox 912 3437 1053 3511; x_wconf 88' lang='grc' dir='ltr'>περιττῶν,</span> <span class='ocrx_word' id='word_1_524' title='bbox 1101 3465 1180 3502; x_wconf 64' lang='lat' dir='ltr'>mo</span> <span class='ocrx_word' id='word_1_525' title='bbox 1207 3447 1252 3500; x_wconf 77' lang='grc' dir='ltr'>τοῦ</span> <span class='ocrx_word' id='word_1_526' title='bbox 1279 3436 1446 3520; x_wconf 77' lang='grc' dir='ltr'>θεωρήματος</span> <span class='ocrx_word' id='word_1_527' title='bbox 1474 3432 1656 3524; x_wconf 70' lang='grc' dir='ltr'>κατασκευήν.</span> <span class='ocrx_word' id='word_1_528' title='bbox 1701 3430 1737 3492; x_wconf 85' lang='lat'>‘0</span> <span class='ocrx_word' id='word_1_529' title='bbox 1768 3431 1822 3510; x_wconf 67' lang='grc' dir='ltr'>μὲν</span> <span class='ocrx_word' id='word_1_530' title='bbox 1847 3457 1893 3493; x_wconf 84' lang='grc' dir='ltr'>ουν</span> 
     </span>
     <span class='ocr_line' id='line_1_36' title="bbox 272 3515 1895 3609; baseline 0.001 -32"><span class='ocrx_word' id='word_1_531' title='bbox 272 3521 331 3578; x_wconf 78' lang='grc' dir='ltr'>ἀλλ’</span> <span class='ocrx_word' id='word_1_532' title='bbox 345 3520 385 3579; x_wconf 83' lang='grc' dir='ltr'>ότι</span> <span class='ocrx_word' id='word_1_533' title='bbox 406 3521 433 3578; x_wconf 81' lang='grc' dir='ltr'>ίν</span> <span class='ocrx_word' id='word_1_534' title='bbox 448 3525 481 3600; x_wconf 83' lang='grc' dir='ltr'>τῇ</span> <span class='ocrx_word' id='word_1_535' title='bbox 506 3519 670 3580; x_wconf 79' lang='grc' dir='ltr'>δπισονθέσει</span> <span class='ocrx_word' id='word_1_536' title='bbox 685 3524 736 3580; x_wconf 88' lang='grc' dir='ltr'>τῶν</span> <span class='ocrx_word' id='word_1_537' title='bbox 754 3520 846 3604; x_wconf 73' lang='grc' dir='ltr'>έρεῖῆς</span> <span class='ocrx_word' id='word_1_538' title='bbox 859 3523 989 3600; x_wconf 69' lang='grc' dir='ltr'>πῑρῑττῶν</span> <span class='ocrx_word' id='word_1_539' title='bbox 1010 3523 1055 3580; x_wconf 46' lang='grc' dir='ltr'>ΞΨ·</span> <span class='ocrx_word' id='word_1_540' title='bbox 1100 3529 1265 3609; x_wconf 76' lang='grc' dir='ltr'>Ἀλέξανδρος</span> <span class='ocrx_word' id='word_1_541' title='bbox 1279 3527 1360 3594; x_wconf 85' lang='grc' dir='ltr'>οὑτως</span> <span class='ocrx_word' id='word_1_542' title='bbox 1374 3530 1410 3592; x_wconf 87' lang='grc' dir='ltr'>ώς</span> <span class='ocrx_word' id='word_1_543' title='bbox 1424 3515 1515 3600; x_wconf 76' lang='grc' dir='ltr'>εἶπον,</span> <span class='ocrx_word' id='word_1_544' title='bbox 1532 3523 1614 3582; x_wconf 84' lang='grc' dir='ltr'>οἴεται</span> <span class='ocrx_word' id='word_1_545' title='bbox 1628 3518 1659 3579; x_wconf 91' lang='grc' dir='ltr'>τὸ</span> <span class='ocrx_word' id='word_1_546' title='bbox 1675 3520 1895 3602; x_wconf 71' lang='grc' dir='ltr'>φευδογράφημα</span> 
     </span>
     <span class='ocr_line' id='line_1_37' title="bbox 273 3609 1895 3699; baseline 0.001 -31"><span class='ocrx_word' id='word_1_547' title='bbox 273 3609 406 3690; x_wconf 89' lang='grc' dir='ltr'>ρίσκονται</span> <span class='ocrx_word' id='word_1_548' title='bbox 426 3613 450 3670; x_wconf 86' lang='grc' dir='ltr'>οῖ</span> <span class='ocrx_word' id='word_1_549' title='bbox 467 3609 588 3670; x_wconf 84' lang='grc' dir='ltr'>κυκλικολ</span> <span class='ocrx_word' id='word_1_550' title='bbox 609 3609 666 3670; x_wconf 77' lang='grc' dir='ltr'>οὐδὲ</span> <span class='ocrx_word' id='word_1_551' title='bbox 681 3609 775 3670; x_wconf 90' lang='grc' dir='ltr'>τούτου</span> <span class='ocrx_word' id='word_1_552' title='bbox 792 3612 832 3670; x_wconf 84' lang='grc' dir='ltr'>ἀεὶ</span> <span class='ocrx_word' id='word_1_553' title='bbox 852 3610 1055 3690; x_wconf 82' lang='grc' dir='ltr'>σνμόαίνοντες·</span> <span class='ocrx_word' id='word_1_554' title='bbox 1101 3619 1254 3699; x_wconf 75' lang='grc' dir='ltr'>ἐλέγχεσθαι</span> <span class='ocrx_word' id='word_1_555' title='bbox 1276 3615 1340 3698; x_wconf 85' lang='grc' dir='ltr'>παρ’</span> <span class='ocrx_word' id='word_1_556' title='bbox 1364 3617 1423 3675; x_wconf 83' lang='grc' dir='ltr'>ὅσον</span> <span class='ocrx_word' id='word_1_557' title='bbox 1438 3610 1482 3672; x_wconf 90' lang='grc' dir='ltr'>τὸν</span> <span class='ocrx_word' id='word_1_558' title='bbox 1501 3613 1562 3693; x_wconf 82' lang='grc' dir='ltr'>περὶ</span> <span class='ocrx_word' id='word_1_559' title='bbox 1577 3611 1625 3682; x_wconf 86' lang='grc' dir='ltr'>τήν</span> <span class='ocrx_word' id='word_1_560' title='bbox 1653 3614 1700 3668; x_wconf 80' lang='grc' dir='ltr'>τοῦ</span> <span class='ocrx_word' id='word_1_561' title='bbox 1723 3611 1895 3690; x_wconf 85' lang='grc' dir='ltr'>τετραγώνου</span> 
     </span>
     <span class='ocr_line' id='line_1_38' title="bbox 272 3696 1895 3784; baseline -0.006 -18"><span class='ocrx_word' id='word_1_562' title='bbox 272 3698 394 3766; x_wconf 62' lang='lat' dir='ltr'><strong>mamb&lt;</strong></span> <span class='ocrx_word' id='word_1_563' title='bbox 407 3698 459 3779; x_wconf 70' lang='grc' dir='ltr'>γὰρ</span> <span class='ocrx_word' id='word_1_564' title='bbox 474 3698 510 3758; x_wconf 76' lang='grc' dir='ltr'>ὢν</span> <span class='ocrx_word' id='word_1_565' title='bbox 523 3703 536 3758; x_wconf 82' lang='grc' dir='ltr'>ὑ</span> <span class='ocrx_word' id='word_1_566' title='bbox 549 3723 593 3780; x_wconf 76' lang='grc' dir='ltr'>ρκε</span> <span class='ocrx_word' id='word_1_567' title='bbox 610 3703 644 3767; x_wconf 75' lang='grc' dir='ltr'>ὡς</span> <span class='ocrx_word' id='word_1_568' title='bbox 660 3699 770 3759; x_wconf 77' lang='grc' dir='ltr'>ἀπὸτοῦ</span> <span class='ocrx_word' id='word_1_569' title='bbox 787 3723 799 3758; x_wconf 78' lang='grc' dir='ltr'>ε</span> <span class='ocrx_word' id='word_1_570' title='bbox 820 3699 862 3758; x_wconf 73' lang='grc' dir='ltr'>ἐπὶ</span> <span class='ocrx_word' id='word_1_571' title='bbox 877 3699 920 3758; x_wconf 81' lang='grc' dir='ltr'>τὸν</span> <span class='ocrx_word' id='word_1_572' title='bbox 936 3724 965 3759; x_wconf 83' lang='grc' dir='ltr'>κε</span> <span class='ocrx_word' id='word_1_573' title='bbox 979 3701 1055 3778; x_wconf 75' lang='grc' dir='ltr'>γενέ·</span> <span class='ocrx_word' id='word_1_574' title='bbox 1100 3709 1215 3784; x_wconf 79' lang='grc' dir='ltr'>πλευρὰν</span> <span class='ocrx_word' id='word_1_575' title='bbox 1232 3704 1308 3782; x_wconf 86' lang='grc' dir='ltr'>μόνον</span> <span class='ocrx_word' id='word_1_576' title='bbox 1323 3699 1517 3781; x_wconf 76' lang='grc' dir='ltr'>τετραγωνίσας</span> <span class='ocrx_word' id='word_1_577' title='bbox 1531 3697 1659 3777; x_wconf 83' lang='grc' dir='ltr'>μηνίσκον</span> <span class='ocrx_word' id='word_1_578' title='bbox 1674 3700 1688 3755; x_wconf 77' lang='grc' dir='ltr'><strong>ὁ</strong></span> <span class='ocrx_word' id='word_1_579' title='bbox 1707 3696 1895 3778; x_wconf 69' lang='grc' dir='ltr'>Ἱπποκράτης</span> 
     </span>
     <span class='ocr_line' id='line_1_39' title="bbox 272 3787 1894 3869; baseline 0.001 -23"><span class='ocrx_word' id='word_1_580' title='bbox 272 3811 359 3864; x_wconf 93' lang='grc' dir='ltr'>μενος,</span> <span class='ocrx_word' id='word_1_581' title='bbox 371 3787 416 3848; x_wconf 85' lang='grc' dir='ltr'>καί</span> <span class='ocrx_word' id='word_1_582' title='bbox 432 3791 446 3847; x_wconf 86' lang='grc' dir='ltr'>ὑ</span> <span class='ocrx_word' id='word_1_583' title='bbox 461 3812 521 3848; x_wconf 91' lang='grc' dir='ltr'>σιοτ</span> <span class='ocrx_word' id='word_1_584' title='bbox 531 3793 566 3856; x_wconf 86' lang='grc' dir='ltr'>ῶς</span> <span class='ocrx_word' id='word_1_585' title='bbox 576 3789 629 3848; x_wconf 79' lang='grc' dir='ltr'>α’πὸ</span> <span class='ocrx_word' id='word_1_586' title='bbox 641 3793 686 3848; x_wconf 79' lang='grc' dir='ltr'>τοῦ</span> <span class='ocrx_word' id='word_1_587' title='bbox 702 3812 733 3848; x_wconf 91' lang='grc' dir='ltr'>στ</span> <span class='ocrx_word' id='word_1_588' title='bbox 748 3789 791 3849; x_wconf 79' lang='grc' dir='ltr'>ἐπὶ</span> <span class='ocrx_word' id='word_1_589' title='bbox 800 3788 844 3848; x_wconf 90' lang='grc' dir='ltr'>τὸν</span> <span class='ocrx_word' id='word_1_590' title='bbox 855 3791 914 3864; x_wconf 88' lang='grc' dir='ltr'>λστ,</span> <span class='ocrx_word' id='word_1_591' title='bbox 929 3787 999 3865; x_wconf 78' lang='grc' dir='ltr'>ὅμως</span> <span class='ocrx_word' id='word_1_592' title='bbox 1009 3791 1056 3848; x_wconf 86' lang='grc' dir='ltr'>οὐκ</span> <span class='ocrx_word' id='word_1_593' title='bbox 1101 3799 1137 3862; x_wconf 76' lang='grc' dir='ltr'>ὡς</span> <span class='ocrx_word' id='word_1_594' title='bbox 1148 3794 1193 3853; x_wconf 79' lang='grc' dir='ltr'>καί</span> <span class='ocrx_word' id='word_1_595' title='bbox 1206 3793 1249 3852; x_wconf 80' lang='grc' dir='ltr'>ἐπὸ</span> <span class='ocrx_word' id='word_1_596' title='bbox 1263 3798 1309 3866; x_wconf 89' lang='grc' dir='ltr'>τῆς</span> <span class='ocrx_word' id='word_1_597' title='bbox 1322 3797 1367 3851; x_wconf 78' lang='grc' dir='ltr'>τοῦ</span> <span class='ocrx_word' id='word_1_598' title='bbox 1383 3787 1513 3868; x_wconf 78' lang='grc' dir='ltr'>ἑξαγώνου</span> <span class='ocrx_word' id='word_1_599' title='bbox 1526 3791 1641 3867; x_wconf 70' lang='grc' dir='ltr'>πλευρᾶς</span> <span class='ocrx_word' id='word_1_600' title='bbox 1649 3789 1721 3867; x_wconf 81' lang='grc' dir='ltr'>αὐτῷ</span> <span class='ocrx_word' id='word_1_601' title='bbox 1731 3789 1894 3869; x_wconf 76' lang='grc' dir='ltr'>δεδειγμένῳ</span> 
     </span>
     <span class='ocr_line' id='line_1_40' title="bbox 275 3877 1895 3965; baseline 0.001 -29"><span class='ocrx_word' id='word_1_602' title='bbox 275 3879 394 3956; x_wconf 76' lang='grc' dir='ltr'>ἐγένοντο</span> <span class='ocrx_word' id='word_1_603' title='bbox 417 3877 486 3940; x_wconf 85' lang='grc' dir='ltr'>κατὸ</span> <span class='ocrx_word' id='word_1_604' title='bbox 506 3877 671 3939; x_wconf 84' lang='grc' dir='ltr'>έπιούνθεσιν</span> <span class='ocrx_word' id='word_1_605' title='bbox 688 3883 740 3938; x_wconf 91' lang='grc' dir='ltr'>τῶν</span> <span class='ocrx_word' id='word_1_606' title='bbox 757 3877 847 3961; x_wconf 78' lang='grc' dir='ltr'>ἐφεξῆς</span> <span class='ocrx_word' id='word_1_607' title='bbox 868 3883 1014 3959; x_wconf 91' lang='grc' dir='ltr'>περιττῶν,</span> <span class='ocrx_word' id='word_1_608' title='bbox 1034 3881 1056 3938; x_wconf 84' lang='grc' dir='ltr'>εί</span> <span class='ocrx_word' id='word_1_609' title='bbox 1103 3882 1400 3965; x_wconf 78' lang='grc' dir='ltr'>ἀπεχρήσατο,ὑμέντοι</span> <span class='ocrx_word' id='word_1_610' title='bbox 1408 3879 1528 3956; x_wconf 82' lang='grc' dir='ltr'>Εὔδημος</span> <span class='ocrx_word' id='word_1_611' title='bbox 1540 3879 1776 3958; x_wconf 80' lang='grc' dir='ltr'>ίντῇγεωμετρικῇ</span> <span class='ocrx_word' id='word_1_612' title='bbox 1789 3879 1895 3960; x_wconf 72' lang='grc' dir='ltr'>ίαταρίφ</span> 
     </span>
     <span class='ocr_line' id='line_1_41' title="bbox 273 3960 1896 4053; baseline 0.001 -27"><span class='ocrx_word' id='word_1_613' title='bbox 273 3967 310 4042; x_wconf 81' lang='grc' dir='ltr'>μὴ</span> <span class='ocrx_word' id='word_1_614' title='bbox 332 3968 382 4048; x_wconf 88' lang='grc' dir='ltr'>ἀρα</span> <span class='ocrx_word' id='word_1_615' title='bbox 398 3970 446 4028; x_wconf 90' lang='grc' dir='ltr'>οὐκ</span> <span class='ocrx_word' id='word_1_616' title='bbox 465 3968 530 4028; x_wconf 83' lang='grc' dir='ltr'>είσλν</span> <span class='ocrx_word' id='word_1_617' title='bbox 550 3960 621 4028; x_wconf 81' lang='grc' dir='ltr'>οὑτοι</span> <span class='ocrx_word' id='word_1_618' title='bbox 643 3968 763 4028; x_wconf 83' lang='grc' dir='ltr'>κυκλικοὶ</span> <span class='ocrx_word' id='word_1_619' title='bbox 785 3967 854 4028; x_wconf 81' lang='grc' dir='ltr'>ἀλλά</span> <span class='ocrx_word' id='word_1_620' title='bbox 873 3967 1008 4050; x_wconf 83' lang='grc' dir='ltr'>σφαιρικοί</span> <span class='ocrx_word' id='word_1_621' title='bbox 1031 3969 1057 4039; x_wconf 78' lang='grc' dir='ltr'>ἐξ</span> <span class='ocrx_word' id='word_1_622' title='bbox 1106 3977 1153 4032; x_wconf 87' lang='grc' dir='ltr'>οὐκ</span> <span class='ocrx_word' id='word_1_623' title='bbox 1171 3972 1215 4030; x_wconf 79' lang='grc' dir='ltr'>ἐπὶ</span> <span class='ocrx_word' id='word_1_624' title='bbox 1242 3973 1436 4053; x_wconf 82' lang='grc' dir='ltr'>τετραγωνικῆς</span> <span class='ocrx_word' id='word_1_625' title='bbox 1452 3970 1567 4047; x_wconf 81' lang='grc' dir='ltr'>πλευρᾶς</span> <span class='ocrx_word' id='word_1_626' title='bbox 1591 3963 1675 4032; x_wconf 73' lang='grc' dir='ltr'>δεῖξαί</span> <span class='ocrx_word' id='word_1_627' title='bbox 1692 3990 1757 4047; x_wconf 86' lang='grc' dir='ltr'>φησι</span> <span class='ocrx_word' id='word_1_628' title='bbox 1772 3965 1819 4024; x_wconf 86' lang='grc' dir='ltr'>τὸν</span> <span class='ocrx_word' id='word_1_629' title='bbox 1834 3967 1896 4027; x_wconf 81' lang='grc' dir='ltr'>Ἱπ-</span> 
     </span>
     <span class='ocr_line' id='line_1_42' title="bbox 272 4055 1894 4141; baseline 0.001 -30"><span class='ocrx_word' id='word_1_630' title='bbox 272 4057 402 4114; x_wconf 79' lang='grc' dir='ltr'>ἀπιπέδων</span> <span class='ocrx_word' id='word_1_631' title='bbox 418 4056 521 4116; x_wconf 91' lang='grc' dir='ltr'>κύκλων</span> <span class='ocrx_word' id='word_1_632' title='bbox 537 4060 666 4126; x_wconf 86' lang='grc' dir='ltr'>κυκλικῶς</span> <span class='ocrx_word' id='word_1_633' title='bbox 682 4058 859 4138; x_wconf 90' lang='grc' dir='ltr'>βαρυνθέντες.</span> <span class='ocrx_word' id='word_1_634' title='bbox 906 4059 960 4119; x_wconf 80' lang='grc' dir='ltr'>Καὶ</span> <span class='ocrx_word' id='word_1_635' title='bbox 970 4061 1054 4120; x_wconf 87' lang='grc' dir='ltr'>έκεῖνο</span> <span class='ocrx_word' id='word_1_636' title='bbox 1106 4061 1228 4141; x_wconf 79' lang='grc' dir='ltr'>ποκράτη</span> <span class='ocrx_word' id='word_1_637' title='bbox 1242 4061 1285 4120; x_wconf 93' lang='grc' dir='ltr'>τὸν</span> <span class='ocrx_word' id='word_1_638' title='bbox 1296 4066 1340 4120; x_wconf 81' lang='grc' dir='ltr'>τοῦ</span> <span class='ocrx_word' id='word_1_639' title='bbox 1356 4055 1711 4138; x_wconf 89' lang='grc' dir='ltr'>μηνίσκουτετραγωνιομόν,</span> <span class='ocrx_word' id='word_1_640' title='bbox 1725 4057 1796 4114; x_wconf 78' lang='grc' dir='ltr'>ἀλλά</span> <span class='ocrx_word' id='word_1_641' title='bbox 1812 4059 1894 4114; x_wconf 76' lang='grc' dir='ltr'>καθό-</span> 
     </span>
     <span class='ocr_line' id='line_1_43' title="bbox 272 4138 1895 4228; baseline 0.002 -30"><span class='ocrx_word' id='word_1_642' title='bbox 272 4138 299 4199; x_wconf 80' lang='grc' dir='ltr'>δδ</span> <span class='ocrx_word' id='word_1_643' title='bbox 316 4144 462 4222; x_wconf 82' lang='grc' dir='ltr'>ἐφιστάνειν</span> <span class='ocrx_word' id='word_1_644' title='bbox 484 4145 571 4218; x_wconf 80' lang='grc' dir='ltr'>ἀξιον,</span> <span class='ocrx_word' id='word_1_645' title='bbox 586 4147 626 4204; x_wconf 83' lang='grc' dir='ltr'>ότι</span> <span class='ocrx_word' id='word_1_646' title='bbox 645 4150 692 4207; x_wconf 88' lang='grc' dir='ltr'>οὐκ</span> <span class='ocrx_word' id='word_1_647' title='bbox 716 4139 747 4220; x_wconf 83' lang='grc' dir='ltr'>ήν</span> <span class='ocrx_word' id='word_1_648' title='bbox 774 4148 842 4216; x_wconf 87' lang='grc' dir='ltr'>είκὸς</span> <span class='ocrx_word' id='word_1_649' title='bbox 863 4145 924 4216; x_wconf 84' lang='grc' dir='ltr'>τούς</span> <span class='ocrx_word' id='word_1_650' title='bbox 945 4147 1056 4228; x_wconf 87' lang='grc' dir='ltr'>ἀριθμὸν</span> <span class='ocrx_word' id='word_1_651' title='bbox 1101 4153 1148 4210; x_wconf 91' lang='grc' dir='ltr'>λου</span> <span class='ocrx_word' id='word_1_652' title='bbox 1170 4154 1204 4217; x_wconf 85' lang='grc' dir='ltr'>ῶς</span> <span class='ocrx_word' id='word_1_653' title='bbox 1225 4153 1255 4207; x_wconf 88' lang='grc' dir='ltr'>ἀν</span> <span class='ocrx_word' id='word_1_654' title='bbox 1271 4172 1308 4216; x_wconf 90' lang='grc' dir='ltr'>τις</span> <span class='ocrx_word' id='word_1_655' title='bbox 1326 4149 1413 4207; x_wconf 88' lang='grc' dir='ltr'>εῖιτοι·</span> <span class='ocrx_word' id='word_1_656' title='bbox 1436 4149 1457 4206; x_wconf 88' lang='grc' dir='ltr'>εί</span> <span class='ocrx_word' id='word_1_657' title='bbox 1476 4145 1527 4226; x_wconf 83' lang='grc' dir='ltr'>γάρ</span> <span class='ocrx_word' id='word_1_658' title='bbox 1544 4154 1596 4211; x_wconf 71' lang='grc' dir='ltr'>πῶς</span> <span class='ocrx_word' id='word_1_659' title='bbox 1612 4147 1740 4222; x_wconf 86' lang='grc' dir='ltr'>μηνίσκος</span> <span class='ocrx_word' id='word_1_660' title='bbox 1752 4143 1802 4214; x_wconf 80' lang='grc' dir='ltr'>τήν</span> <span class='ocrx_word' id='word_1_661' title='bbox 1818 4145 1895 4211; x_wconf 76' lang='grc' dir='ltr'>ἐκτὸς</span> 
     </span>
     <span class='ocr_line' id='line_1_44' title="bbox 273 4230 1896 4320; baseline 0.001 -34"><span class='ocrx_word' id='word_1_662' title='bbox 273 4231 416 4308; x_wconf 88' lang='grc' dir='ltr'>εὑρηκότας</span> <span class='ocrx_word' id='word_1_663' title='bbox 431 4233 555 4292; x_wconf 90' lang='grc' dir='ltr'>κυκλικὸν</span> <span class='ocrx_word' id='word_1_664' title='bbox 571 4233 628 4309; x_wconf 77' lang='grc' dir='ltr'>ἅμα</span> <span class='ocrx_word' id='word_1_665' title='bbox 648 4235 693 4293; x_wconf 87' lang='grc' dir='ltr'>καί</span> <span class='ocrx_word' id='word_1_666' title='bbox 711 4235 904 4316; x_wconf 88' lang='grc' dir='ltr'>τετραγωνικδν</span> <span class='ocrx_word' id='word_1_667' title='bbox 920 4236 963 4296; x_wconf 90' lang='grc' dir='ltr'>τὸν</span> <span class='ocrx_word' id='word_1_668' title='bbox 979 4238 1056 4296; x_wconf 87' lang='grc' dir='ltr'>αὐτὸν</span> <span class='ocrx_word' id='word_1_669' title='bbox 1101 4239 1267 4320; x_wconf 88' lang='grc' dir='ltr'>περιφέρειαν</span> <span class='ocrx_word' id='word_1_670' title='bbox 1280 4237 1296 4308; x_wconf 83' lang='grc' dir='ltr'>ή</span> <span class='ocrx_word' id='word_1_671' title='bbox 1312 4238 1371 4309; x_wconf 84' lang='grc' dir='ltr'>ἴσην</span> <span class='ocrx_word' id='word_1_672' title='bbox 1387 4235 1442 4316; x_wconf 80' lang='grc' dir='ltr'>ἔχει</span> <span class='ocrx_word' id='word_1_673' title='bbox 1456 4233 1615 4314; x_wconf 76' lang='grc' dir='ltr'>ἡμικυκλίου</span> <span class='ocrx_word' id='word_1_674' title='bbox 1629 4231 1646 4305; x_wconf 81' lang='grc' dir='ltr'>ἢ</span> <span class='ocrx_word' id='word_1_675' title='bbox 1661 4235 1769 4310; x_wconf 84' lang='grc' dir='ltr'>μείζονα</span> <span class='ocrx_word' id='word_1_676' title='bbox 1783 4230 1802 4302; x_wconf 79' lang='grc' dir='ltr'><strong>ἦ</strong></span> <span class='ocrx_word' id='word_1_677' title='bbox 1815 4234 1896 4290; x_wconf 80' lang='grc' dir='ltr'>ίλάτ-</span> 
     </span>
     <span class='ocr_line' id='line_1_45' title="bbox 273 4319 1895 4407; baseline 0.001 -31"><span class='ocrx_word' id='word_1_678' title='bbox 273 4323 363 4378; x_wconf 79' lang='grc' dir='ltr'>τοῦτον</span> <span class='ocrx_word' id='word_1_679' title='bbox 379 4319 478 4379; x_wconf 80' lang='grc' dir='ltr'>οἴεσθαι</span> <span class='ocrx_word' id='word_1_680' title='bbox 492 4320 535 4378; x_wconf 83' lang='grc' dir='ltr'>διδ</span> <span class='ocrx_word' id='word_1_681' title='bbox 549 4327 626 4380; x_wconf 84' lang='grc' dir='ltr'>τοῦτο</span> <span class='ocrx_word' id='word_1_682' title='bbox 642 4323 687 4380; x_wconf 81' lang='grc' dir='ltr'>καί</span> <span class='ocrx_word' id='word_1_683' title='bbox 702 4325 728 4382; x_wconf 80' lang='grc' dir='ltr'>έν</span> <span class='ocrx_word' id='word_1_684' title='bbox 747 4323 867 4400; x_wconf 87' lang='grc' dir='ltr'>μεγέθεσι</span> <span class='ocrx_word' id='word_1_685' title='bbox 884 4327 928 4386; x_wconf 89' lang='grc' dir='ltr'>τὸν</span> <span class='ocrx_word' id='word_1_686' title='bbox 944 4331 990 4384; x_wconf 77' lang='grc' dir='ltr'>τοῦ</span> <span class='ocrx_word' id='word_1_687' title='bbox 1006 4327 1056 4387; x_wconf 88' lang='grc' dir='ltr'>κύ·</span> <span class='ocrx_word' id='word_1_688' title='bbox 1102 4351 1173 4398; x_wconf 87' lang='grc' dir='ltr'>τουσι,</span> <span class='ocrx_word' id='word_1_689' title='bbox 1197 4326 1381 4407; x_wconf 85' lang='grc' dir='ltr'>τετραγωνίζει</span> <span class='ocrx_word' id='word_1_690' title='bbox 1405 4325 1433 4384; x_wconf 78' lang='grc' dir='ltr'>δέ</span> <span class='ocrx_word' id='word_1_691' title='bbox 1458 4328 1471 4384; x_wconf 88' lang='grc' dir='ltr'>ὑ</span> <span class='ocrx_word' id='word_1_692' title='bbox 1497 4323 1677 4405; x_wconf 87' lang='grc' dir='ltr'>Ἱπποκράτης</span> <span class='ocrx_word' id='word_1_693' title='bbox 1696 4321 1742 4380; x_wconf 84' lang='grc' dir='ltr'>καί</span> <span class='ocrx_word' id='word_1_694' title='bbox 1760 4320 1806 4378; x_wconf 89' lang='grc' dir='ltr'>τὸν</span> <span class='ocrx_word' id='word_1_695' title='bbox 1830 4320 1895 4392; x_wconf 81' lang='grc' dir='ltr'>ἴσην</span> 
     </span>
     <span class='ocr_line' id='line_1_46' title="bbox 272 4409 1895 4496; baseline 0.002 -30"><span class='ocrx_word' id='word_1_696' title='bbox 272 4409 336 4467; x_wconf 90' lang='grc' dir='ltr'>κλου</span> <span class='ocrx_word' id='word_1_697' title='bbox 350 4409 562 4488; x_wconf 86' lang='grc' dir='ltr'>τετραγωνισμὸν</span> <span class='ocrx_word' id='word_1_698' title='bbox 578 4409 726 4490; x_wconf 89' lang='grc' dir='ltr'>εὑρηκέναι,</span> <span class='ocrx_word' id='word_1_699' title='bbox 741 4410 800 4470; x_wconf 83' lang='grc' dir='ltr'>ἀλλ’</span> <span class='ocrx_word' id='word_1_700' title='bbox 815 4411 878 4480; x_wconf 81' lang='grc' dir='ltr'>ἴσως</span> <span class='ocrx_word' id='word_1_701' title='bbox 895 4415 1012 4493; x_wconf 84' lang='grc' dir='ltr'>εὑρόντες</span> <span class='ocrx_word' id='word_1_702' title='bbox 1025 4416 1053 4474; x_wconf 90' lang='grc' dir='ltr'>έν</span> <span class='ocrx_word' id='word_1_703' title='bbox 1101 4415 1258 4495; x_wconf 83' lang='grc' dir='ltr'>ἡμικυκλίου</span> <span class='ocrx_word' id='word_1_704' title='bbox 1274 4414 1368 4496; x_wconf 78' lang='grc' dir='ltr'>ἔχοντα</span> <span class='ocrx_word' id='word_1_705' title='bbox 1384 4411 1486 4474; x_wconf 80' lang='grc' dir='ltr'>καὶτὸν</span> <span class='ocrx_word' id='word_1_706' title='bbox 1501 4412 1607 4490; x_wconf 82' lang='grc' dir='ltr'>μείζονα</span> <span class='ocrx_word' id='word_1_707' title='bbox 1622 4411 1667 4471; x_wconf 84' lang='grc' dir='ltr'>καί</span> <span class='ocrx_word' id='word_1_708' title='bbox 1684 4409 1727 4470; x_wconf 89' lang='grc' dir='ltr'>τὸν</span> <span class='ocrx_word' id='word_1_709' title='bbox 1742 4409 1895 4483; x_wconf 75' lang='grc' dir='ltr'>ἐλάττονα,</span> 
     </span>
     <span class='ocr_line' id='line_1_47' title="bbox 272 4497 1894 4583; baseline -0.001 -25"><span class='ocrx_word' id='word_1_710' title='bbox 272 4509 325 4565; x_wconf 90' lang='grc' dir='ltr'>τοῖς</span> <span class='ocrx_word' id='word_1_711' title='bbox 340 4501 459 4581; x_wconf 77' lang='grc' dir='ltr'>ἀριθμοῖς</span> <span class='ocrx_word' id='word_1_712' title='bbox 479 4498 524 4557; x_wconf 88' lang='grc' dir='ltr'>τὸν</span> <span class='ocrx_word' id='word_1_713' title='bbox 545 4499 623 4558; x_wconf 85' lang='grc' dir='ltr'>αὐτὸν</span> <span class='ocrx_word' id='word_1_714' title='bbox 643 4502 804 4580; x_wconf 88' lang='grc' dir='ltr'>τετράγιονον</span> <span class='ocrx_word' id='word_1_715' title='bbox 823 4501 880 4579; x_wconf 76' lang='grc' dir='ltr'>ἅμα</span> <span class='ocrx_word' id='word_1_716' title='bbox 895 4503 940 4562; x_wconf 81' lang='grc' dir='ltr'>καί</span> <span class='ocrx_word' id='word_1_717' title='bbox 960 4504 1056 4566; x_wconf 75' lang='grc' dir='ltr'>κύκλοι·</span> <span class='ocrx_word' id='word_1_718' title='bbox 1101 4504 1213 4564; x_wconf 91' lang='grc' dir='ltr'>καθόλου</span> <span class='ocrx_word' id='word_1_719' title='bbox 1226 4503 1257 4564; x_wconf 86' lang='grc' dir='ltr'>δν</span> <span class='ocrx_word' id='word_1_720' title='bbox 1271 4503 1311 4576; x_wconf 86' lang='grc' dir='ltr'>είη</span> <span class='ocrx_word' id='word_1_721' title='bbox 1331 4501 1495 4583; x_wconf 86' lang='grc' dir='ltr'>δεδειχώςιὺς</span> <span class='ocrx_word' id='word_1_722' title='bbox 1507 4503 1588 4562; x_wconf 86' lang='grc' dir='ltr'>δοκεῖ.</span> <span class='ocrx_word' id='word_1_723' title='bbox 1632 4497 1843 4575; x_wconf 80' lang='grc' dir='ltr'>Ἐκθήσομαιδὲ</span> <span class='ocrx_word' id='word_1_724' title='bbox 1859 4497 1894 4556; x_wconf 75' lang='grc' dir='ltr'>τὸ</span> 
     </span>
     <span class='ocr_line' id='line_1_48' title="bbox 273 4577 1893 4672; baseline 0 -26"><span class='ocrx_word' id='word_1_725' title='bbox 273 4589 309 4656; x_wconf 84' lang='grc' dir='ltr'>είς</span> <span class='ocrx_word' id='word_1_726' title='bbox 322 4585 422 4650; x_wconf 72' lang='grc' dir='ltr'>ἔννοιαν</span> <span class='ocrx_word' id='word_1_727' title='bbox 442 4577 521 4661; x_wconf 72' lang='grc' dir='ltr'>ἦλθον</span> <span class='ocrx_word' id='word_1_728' title='bbox 537 4595 581 4648; x_wconf 78' lang='grc' dir='ltr'>τοῦ</span> <span class='ocrx_word' id='word_1_729' title='bbox 600 4588 645 4647; x_wconf 82' lang='grc' dir='ltr'>καί</span> <span class='ocrx_word' id='word_1_730' title='bbox 662 4589 688 4648; x_wconf 88' lang='grc' dir='ltr'>έν</span> <span class='ocrx_word' id='word_1_731' title='bbox 704 4599 757 4658; x_wconf 90' lang='grc' dir='ltr'>τοῖς</span> <span class='ocrx_word' id='word_1_732' title='bbox 776 4593 897 4672; x_wconf 88' lang='grc' dir='ltr'>μεγέθεσι</span> <span class='ocrx_word' id='word_1_733' title='bbox 912 4596 997 4666; x_wconf 83' lang='grc' dir='ltr'>ζητεῖν</span> <span class='ocrx_word' id='word_1_734' title='bbox 1012 4593 1056 4654; x_wconf 91' lang='grc' dir='ltr'>τὸν</span> <span class='ocrx_word' id='word_1_735' title='bbox 1102 4595 1153 4654; x_wconf 89' lang='grc' dir='ltr'>ὑπὸ</span> <span class='ocrx_word' id='word_1_736' title='bbox 1169 4599 1214 4653; x_wconf 79' lang='grc' dir='ltr'>τοῦ</span> <span class='ocrx_word' id='word_1_737' title='bbox 1232 4591 1357 4669; x_wconf 87' lang='grc' dir='ltr'>Εύδήμου</span> <span class='ocrx_word' id='word_1_738' title='bbox 1372 4593 1440 4650; x_wconf 77' lang='grc' dir='ltr'>κατὰ</span> <span class='ocrx_word' id='word_1_739' title='bbox 1455 4590 1522 4660; x_wconf 79' lang='grc' dir='ltr'>λέξιν</span> <span class='ocrx_word' id='word_1_740' title='bbox 1546 4588 1694 4666; x_wconf 90' lang='grc' dir='ltr'>λεγόμενα,</span> <span class='ocrx_word' id='word_1_741' title='bbox 1722 4585 1816 4664; x_wconf 82' lang='grc' dir='ltr'>ὀλίγην</span> <span class='ocrx_word' id='word_1_742' title='bbox 1830 4585 1893 4646; x_wconf 82' lang='grc' dir='ltr'>τινεῖ</span> 
     </span>
     <span class='ocr_line' id='line_1_49' title="bbox 273 4673 1891 4764; baseline -0.004 -26"><span class='ocrx_word' id='word_1_743' title='bbox 273 4683 318 4738; x_wconf 81' lang='grc' dir='ltr'>τοῦ</span> <span class='ocrx_word' id='word_1_744' title='bbox 345 4677 442 4737; x_wconf 91' lang='grc' dir='ltr'>κύκλου</span> <span class='ocrx_word' id='word_1_745' title='bbox 459 4677 682 4757; x_wconf 87' lang='grc' dir='ltr'>τετραγωνισμόν.</span> <span class='ocrx_word' id='word_1_746' title='bbox 728 4673 825 4758; x_wconf 75' lang='grc' dir='ltr'>Ἔλεγε</span> <span class='ocrx_word' id='word_1_747' title='bbox 846 4679 872 4740; x_wconf 85' lang='grc' dir='ltr'>δδ</span> <span class='ocrx_word' id='word_1_748' title='bbox 895 4685 909 4740; x_wconf 89' lang='grc' dir='ltr'>θ</span> <span class='ocrx_word' id='word_1_749' title='bbox 931 4683 1056 4764; x_wconf 80' lang='grc' dir='ltr'>ἡμέτερος</span> <span class='ocrx_word' id='word_1_750' title='bbox 1101 4683 1219 4763; x_wconf 82' lang='grc' dir='ltr'>προσθείς</span> <span class='ocrx_word' id='word_1_751' title='bbox 1232 4681 1374 4763; x_wconf 86' lang='grc' dir='ltr'>σαφήνειαν</span> <span class='ocrx_word' id='word_1_752' title='bbox 1392 4679 1443 4739; x_wconf 83' lang='grc' dir='ltr'>ἀπὸ</span> <span class='ocrx_word' id='word_1_753' title='bbox 1457 4683 1503 4752; x_wconf 80' lang='grc' dir='ltr'>τῆς</span> <span class='ocrx_word' id='word_1_754' title='bbox 1518 4682 1569 4737; x_wconf 93' lang='grc' dir='ltr'>τῶν</span> <span class='ocrx_word' id='word_1_755' title='bbox 1587 4677 1731 4740; x_wconf 86' lang='grc' dir='ltr'>Εὐκλείδου</span> <span class='ocrx_word' id='word_1_756' title='bbox 1749 4675 1891 4754; x_wconf 73' lang='grc' dir='ltr'>στοιχείων</span> 
     </span>
     <span class='ocr_line' id='line_1_50' title="bbox 273 4763 1891 4850; baseline -0.001 -26"><span class='ocrx_word' id='word_1_757' title='bbox 273 4763 433 4844; x_wconf 81' lang='grc' dir='ltr'>καθηγεμὼν</span> <span class='ocrx_word' id='word_1_758' title='bbox 457 4765 621 4844; x_wconf 83' lang='grc' dir='ltr'>Ἀμμώνιος,</span> <span class='ocrx_word' id='word_1_759' title='bbox 648 4771 683 4836; x_wconf 83' lang='grc' dir='ltr'>ὡς</span> <span class='ocrx_word' id='word_1_760' title='bbox 702 4771 748 4828; x_wconf 89' lang='grc' dir='ltr'>οὐκ</span> <span class='ocrx_word' id='word_1_761' title='bbox 772 4771 914 4850; x_wconf 84' lang='grc' dir='ltr'>ἀναγκαῖον</span> <span class='ocrx_word' id='word_1_762' title='bbox 933 4769 1012 4846; x_wconf 82' lang='grc' dir='ltr'>ἴσως,</span> <span class='ocrx_word' id='word_1_763' title='bbox 1033 4775 1056 4831; x_wconf 82' lang='grc' dir='ltr'>εί</span> <span class='ocrx_word' id='word_1_764' title='bbox 1101 4769 1272 4846; x_wconf 71' lang='grc' dir='ltr'>ἀναμνήσεως</span> <span class='ocrx_word' id='word_1_765' title='bbox 1284 4769 1326 4828; x_wconf 84' lang='grc' dir='ltr'>διὸ</span> <span class='ocrx_word' id='word_1_766' title='bbox 1340 4771 1384 4829; x_wconf 89' lang='grc' dir='ltr'>τὸν</span> <span class='ocrx_word' id='word_1_767' title='bbox 1395 4768 1612 4846; x_wconf 88' lang='grc' dir='ltr'>ὑπομνηματικὸν</span> <span class='ocrx_word' id='word_1_768' title='bbox 1625 4767 1723 4848; x_wconf 89' lang='grc' dir='ltr'>τρόπον</span> <span class='ocrx_word' id='word_1_769' title='bbox 1739 4771 1788 4824; x_wconf 83' lang='grc' dir='ltr'>τοῦ</span> <span class='ocrx_word' id='word_1_770' title='bbox 1802 4765 1891 4838; x_wconf 78' lang='grc' dir='ltr'>Εὐδή-</span> 
     </span>
     <span class='ocr_line' id='line_1_51' title="bbox 276 4855 1892 4941; baseline -0.001 -27"><span class='ocrx_word' id='word_1_771' title='bbox 276 4855 316 4914; x_wconf 81' lang='grc' dir='ltr'>ἐπ’</span> <span class='ocrx_word' id='word_1_772' title='bbox 333 4857 448 4936; x_wconf 78' lang='grc' dir='ltr'>ἀριθμῶν</span> <span class='ocrx_word' id='word_1_773' title='bbox 470 4855 570 4935; x_wconf 86' lang='grc' dir='ltr'>εὑρέθη,</span> <span class='ocrx_word' id='word_1_774' title='bbox 585 4861 662 4914; x_wconf 80' lang='grc' dir='ltr'>τοῦτο</span> <span class='ocrx_word' id='word_1_775' title='bbox 681 4857 725 4918; x_wconf 88' lang='grc' dir='ltr'>καί</span> <span class='ocrx_word' id='word_1_776' title='bbox 742 4857 785 4918; x_wconf 81' lang='grc' dir='ltr'>ἐπί</span> <span class='ocrx_word' id='word_1_777' title='bbox 805 4865 921 4937; x_wconf 91' lang='grc' dir='ltr'>μεγεθῶν</span> <span class='ocrx_word' id='word_1_778' title='bbox 937 4862 1056 4941; x_wconf 87' lang='grc' dir='ltr'>εὑρίσκε-</span> <span class='ocrx_word' id='word_1_779' title='bbox 1102 4882 1152 4937; x_wconf 90' lang='grc' dir='ltr'>μου</span> <span class='ocrx_word' id='word_1_780' title='bbox 1171 4860 1239 4919; x_wconf 89' lang='grc' dir='ltr'>κατὸι</span> <span class='ocrx_word' id='word_1_781' title='bbox 1256 4859 1285 4918; x_wconf 90' lang='grc' dir='ltr'>τὸ</span> <span class='ocrx_word' id='word_1_782' title='bbox 1299 4858 1427 4940; x_wconf 85' lang='grc' dir='ltr'>ἀρχαϊκὸν</span> <span class='ocrx_word' id='word_1_783' title='bbox 1442 4859 1497 4924; x_wconf 83' lang='grc' dir='ltr'>ίθος</span> <span class='ocrx_word' id='word_1_784' title='bbox 1512 4857 1654 4930; x_wconf 91' lang='grc' dir='ltr'>συντόμους</span> <span class='ocrx_word' id='word_1_785' title='bbox 1675 4855 1818 4932; x_wconf 72' lang='grc' dir='ltr'>ἐκθεμένου</span> <span class='ocrx_word' id='word_1_786' title='bbox 1842 4855 1892 4922; x_wconf 77' lang='grc' dir='ltr'>τοῖς</span> 
     </span>
     <span class='ocr_line' id='line_1_52' title="bbox 275 4939 1890 5029; baseline 0 -27"><span class='ocrx_word' id='word_1_787' title='bbox 275 4948 349 5002; x_wconf 86' lang='grc' dir='ltr'>σθαι·</span> <span class='ocrx_word' id='word_1_788' title='bbox 365 4949 538 5024; x_wconf 85' lang='grc' dir='ltr'>ἀνομοιογενῆ</span> <span class='ocrx_word' id='word_1_789' title='bbox 553 4943 603 5024; x_wconf 83' lang='grc' dir='ltr'>γθρ</span> <span class='ocrx_word' id='word_1_790' title='bbox 620 4944 716 5023; x_wconf 79' lang='grc' dir='ltr'>μεγέθη</span> <span class='ocrx_word' id='word_1_791' title='bbox 731 4945 800 5005; x_wconf 79' lang='grc' dir='ltr'>ἐστίν</span> <span class='ocrx_word' id='word_1_792' title='bbox 818 4949 904 5006; x_wconf 87' lang='grc' dir='ltr'>εὐθεῖα</span> <span class='ocrx_word' id='word_1_793' title='bbox 919 4948 963 5007; x_wconf 85' lang='grc' dir='ltr'>καί</span> <span class='ocrx_word' id='word_1_794' title='bbox 979 4971 1055 5029; x_wconf 88' lang='grc' dir='ltr'>περι·</span> <span class='ocrx_word' id='word_1_795' title='bbox 1102 4951 1249 5018; x_wconf 81' lang='grc' dir='ltr'>ἀποδόσεις.</span> <span class='ocrx_word' id='word_1_796' title='bbox 1273 4947 1354 5028; x_wconf 86' lang='grc' dir='ltr'>Λέγει</span> <span class='ocrx_word' id='word_1_797' title='bbox 1368 4951 1395 5008; x_wconf 81' lang='grc' dir='ltr'>δὲ</span> <span class='ocrx_word' id='word_1_798' title='bbox 1405 4939 1456 5008; x_wconf 84' lang='grc' dir='ltr'>ῶδε</span> <span class='ocrx_word' id='word_1_799' title='bbox 1471 4949 1498 5006; x_wconf 81' lang='grc' dir='ltr'>ἀν</span> <span class='ocrx_word' id='word_1_800' title='bbox 1508 4951 1546 5026; x_wconf 79' lang='grc' dir='ltr'>τῷ</span> <span class='ocrx_word' id='word_1_801' title='bbox 1559 4946 1672 5026; x_wconf 88' lang='grc' dir='ltr'>δευτέρῳ</span> <span class='ocrx_word' id='word_1_802' title='bbox 1684 4949 1732 5018; x_wconf 81' lang='grc' dir='ltr'>τῆς</span> <span class='ocrx_word' id='word_1_803' title='bbox 1741 4967 1890 5024; x_wconf 84' lang='grc' dir='ltr'>γεωμετρι-</span> 
     </span>
     <span class='ocr_line' id='line_1_53' title="bbox 275 5032 1890 5120; baseline 0 -27"><span class='ocrx_word' id='word_1_804' title='bbox 275 5035 374 5112; x_wconf 77' lang='grc' dir='ltr'>φέροιο,</span> <span class='ocrx_word' id='word_1_805' title='bbox 385 5032 430 5093; x_wconf 87' lang='grc' dir='ltr'>καλ</span> <span class='ocrx_word' id='word_1_806' title='bbox 440 5033 514 5092; x_wconf 86' lang='grc' dir='ltr'>οὐδέν</span> <span class='ocrx_word' id='word_1_807' title='bbox 529 5056 593 5114; x_wconf 82' lang='grc' dir='ltr'>φησι</span> <span class='ocrx_word' id='word_1_808' title='bbox 607 5033 757 5112; x_wconf 88' lang='grc' dir='ltr'>θαυμαστὸν</span> <span class='ocrx_word' id='word_1_809' title='bbox 772 5035 809 5112; x_wconf 81' lang='grc' dir='ltr'>μή</span> <span class='ocrx_word' id='word_1_810' title='bbox 822 5039 957 5116; x_wconf 80' lang='grc' dir='ltr'>εὑρεθῆναι</span> <span class='ocrx_word' id='word_1_811' title='bbox 967 5036 1056 5120; x_wconf 90' lang='grc' dir='ltr'>κύκλῳ</span> <span class='ocrx_word' id='word_1_812' title='bbox 1101 5041 1149 5108; x_wconf 82' lang='grc' dir='ltr'>κῆς</span> <span class='ocrx_word' id='word_1_813' title='bbox 1163 5036 1290 5117; x_wconf 83' lang='grc' dir='ltr'>ἱστορίας·</span> <span class='ocrx_word' id='word_1_814' title='bbox 1305 5065 1316 5092; x_wconf 77' lang='grc' dir='ltr'>ι</span> <span class='ocrx_word' id='word_1_815' title='bbox 1329 5038 1374 5096; x_wconf 87' lang='grc' dir='ltr'>καὶ</span> <span class='ocrx_word' id='word_1_816' title='bbox 1386 5039 1410 5096; x_wconf 86' lang='grc' dir='ltr'>οῖ</span> <span class='ocrx_word' id='word_1_817' title='bbox 1423 5039 1474 5095; x_wconf 89' lang='grc' dir='ltr'>τῶν</span> <span class='ocrx_word' id='word_1_818' title='bbox 1487 5036 1622 5116; x_wconf 86' lang='grc' dir='ltr'>μηνίσκων</span> <span class='ocrx_word' id='word_1_819' title='bbox 1636 5034 1663 5094; x_wconf 78' lang='grc' dir='ltr'>δέ</span> <span class='ocrx_word' id='word_1_820' title='bbox 1679 5035 1890 5115; x_wconf 83' lang='grc' dir='ltr'>τετραγωνισμοῖ</span> 
     </span>
     <span class='ocr_line' id='line_1_54' title="bbox 275 5115 1890 5205; baseline 0.001 -27"><span class='ocrx_word' id='word_1_821' title='bbox 275 5121 459 5200; x_wconf 85' lang='grc' dir='ltr'>εὐθύγραμμον</span> <span class='ocrx_word' id='word_1_822' title='bbox 481 5123 546 5196; x_wconf 87' lang='grc' dir='ltr'>ίσον,</span> <span class='ocrx_word' id='word_1_823' title='bbox 569 5121 643 5205; x_wconf 87' lang='grc' dir='ltr'>είπερ</span> <span class='ocrx_word' id='word_1_824' title='bbox 663 5115 774 5184; x_wconf 70' lang='grc' dir='ltr'>καίέπλ</span> <span class='ocrx_word' id='word_1_825' title='bbox 795 5127 847 5182; x_wconf 92' lang='grc' dir='ltr'>τῶν</span> <span class='ocrx_word' id='word_1_826' title='bbox 863 5128 964 5203; x_wconf 88' lang='grc' dir='ltr'>γωνιῶν</span> <span class='ocrx_word' id='word_1_827' title='bbox 986 5125 1056 5204; x_wconf 87' lang='grc' dir='ltr'>εὑρί·</span> <span class='ocrx_word' id='word_1_828' title='bbox 1102 5125 1221 5194; x_wconf 76' lang='grc' dir='ltr'>δόξαντες</span> <span class='ocrx_word' id='word_1_829' title='bbox 1234 5115 1300 5186; x_wconf 71' lang='grc' dir='ltr'>εῖναι</span> <span class='ocrx_word' id='word_1_830' title='bbox 1318 5131 1372 5187; x_wconf 88' lang='grc' dir='ltr'>τῶν</span> <span class='ocrx_word' id='word_1_831' title='bbox 1383 5129 1430 5186; x_wconf 89' lang='grc' dir='ltr'>ούκ</span> <span class='ocrx_word' id='word_1_832' title='bbox 1444 5125 1605 5186; x_wconf 83' lang='grc' dir='ltr'>έπιπολαίων</span> <span class='ocrx_word' id='word_1_833' title='bbox 1618 5125 1829 5204; x_wconf 84' lang='grc' dir='ltr'>διαγραμμάτων</span> <span class='ocrx_word' id='word_1_834' title='bbox 1845 5121 1890 5181; x_wconf 77' lang='grc' dir='ltr'>διδ</span> 
     </span>
     <span class='ocr_line' id='line_1_55' title="bbox 276 5209 1890 5298; baseline 0.003 -31"><span class='ocrx_word' id='word_1_835' title='bbox 276 5231 372 5288; x_wconf 87' lang='grc' dir='ltr'>σκομεν</span> <span class='ocrx_word' id='word_1_836' title='bbox 387 5217 475 5272; x_wconf 84' lang='grc' dir='ltr'>τοῦτο·</span> <span class='ocrx_word' id='word_1_837' title='bbox 486 5209 545 5272; x_wconf 88' lang='grc' dir='ltr'>οὐτε</span> <span class='ocrx_word' id='word_1_838' title='bbox 555 5210 608 5296; x_wconf 81' lang='grc' dir='ltr'>γδρ</span> <span class='ocrx_word' id='word_1_839' title='bbox 622 5216 656 5295; x_wconf 83' lang='grc' dir='ltr'>τῇ</span> <span class='ocrx_word' id='word_1_840' title='bbox 668 5217 713 5273; x_wconf 84' lang='grc' dir='ltr'>τοῦ</span> <span class='ocrx_word' id='word_1_841' title='bbox 727 5215 887 5293; x_wconf 83' lang='grc' dir='ltr'>ἡμικυκλίου</span> <span class='ocrx_word' id='word_1_842' title='bbox 901 5214 985 5298; x_wconf 79' lang='grc' dir='ltr'>γωνίορ</span> <span class='ocrx_word' id='word_1_843' title='bbox 995 5213 1054 5276; x_wconf 89' lang='grc' dir='ltr'>οὐτε</span> <span class='ocrx_word' id='word_1_844' title='bbox 1101 5213 1150 5288; x_wconf 81' lang='grc' dir='ltr'>τήν</span> <span class='ocrx_word' id='word_1_845' title='bbox 1163 5215 1311 5290; x_wconf 89' lang='grc' dir='ltr'>οίκειότητα</span> <span class='ocrx_word' id='word_1_846' title='bbox 1323 5216 1371 5292; x_wconf 82' lang='grc' dir='ltr'>τῆν</span> <span class='ocrx_word' id='word_1_847' title='bbox 1385 5214 1449 5298; x_wconf 86' lang='grc' dir='ltr'>πρὸς</span> <span class='ocrx_word' id='word_1_848' title='bbox 1471 5215 1514 5277; x_wconf 88' lang='grc' dir='ltr'>τὸν</span> <span class='ocrx_word' id='word_1_849' title='bbox 1526 5214 1621 5276; x_wconf 86' lang='grc' dir='ltr'>κύκλον</span> <span class='ocrx_word' id='word_1_850' title='bbox 1636 5216 1679 5298; x_wconf 82' lang='grc' dir='ltr'>ὑφ’</span> <span class='ocrx_word' id='word_1_851' title='bbox 1691 5212 1890 5297; x_wconf 74' lang='grc' dir='ltr'>Ἱπποκράτους</span> 
     </span>
    </p>
   </div>
   <div class='ocr_carea' id='block_1_3' title="bbox 0 0 2003 5940">
    <p class='ocr_par' dir='ltr' id='par_1_3' title="bbox 0 0 2003 5940">
     <span class='ocr_line' id='line_1_56' title="bbox 0 0 2003 5940; baseline 0 0"><span class='ocrx_word' id='word_1_852' title='bbox 0 0 2003 5940; x_wconf 95' lang='lat' dir='ltr'> </span> 
     </span>
    </p>
   </div>
  </div>
 </body>
</html>
