3976 5948
467 321 474 330 .

169 431 235 498 a
666 454 811 475 2
949 460 992 473 »,
1133 470 1137 475 ι

566 482 592 489 .-
706 478 766 491 ι·’
873 480 898 487 ἰ
954 476 975 493 ml
1056 480 1058 487 >
1163 480 1222 493 .*,
1297 482 1365 493 ἰι.

1272 526 1276 534 .

299 764 428 916 na
487 757 997 916 cataroae
1053 755 1636 960 ruinarum.
1792 789 1794 812 ¹

835 1141 1112 1179 ⁸⁴05-—

203 1424 324 1483 Crantor
348 1418 384 1500 (ι)
407 1431 488 1478 natus
515 1431 557 1476 est
579 1417 670 1489 Solis,
695 1419 801 1478 Ciliciae
824 1422 948 1497 oppido,
996 1440 1052 1497 que
1066 1420 1205 1496 ejusmodi
1215 1421 1403 1498 philosophus
1418 1434 1495 1495 erat,
1510 1425 1559 1498 qui
1575 1425 1605 1481 in
1616 1426 1704 1482 rerba
1714 1447 1778 1484 rara-

165 1513 242 1570 circa
255 1511 454 1588 Olympiadem
466 1510 525 1578 CX,
538 1510 627 1565 homo
647 1509 722 1566 bene
732 1521 903 1579 nummatus,
917 1521 950 1568 ut
994 1513 1072 1587 gistri
1089 1511 1201 1585 juraret
1220 1514 1368 1588 solamque
1390 1514 1449 1587 ejus
1462 1516 1639 1590 disciplinam
1655 1521 1778 1590 coleret,

166 1605 291 1659 arbitror
316 1599 367 1679 (a),
386 1600 436 1657 sed
450 1601 535 1674 longe
548 1599 678 1655 omnibns
698 1600 814 1675 ingenio
830 1610 858 1655 et
876 1599 948 1655 doc·
994 1619 1046 1656 nec
1062 1603 1111 1674 qui
1124 1602 1184 1675 ipse
1198 1621 1302 1658 noram
1314 1603 1500 1678 philosophiae
1515 1604 1635 1660 sormam
1651 1608 1779 1664 institue·

168 1693 241 1750 trina
252 1702 402 1768 praestans,
419 1691 526 1766 quippe
541 1690 590 1762 qui
605 1687 663 1761 jam
683 1687 847 1744 adolescens
866 1699 949 1744 ante·
995 1701 1052 1760 ret;
1075 1692 1201 1746 veritatis
1224 1693 1320 1766 potius
1341 1695 1464 1748 amicum
1488 1705 1516 1748 et
1538 1693 1628 1749 divini
1655 1697 1780 1752 Platonis

167 1797 252 1852 qnam
265 1781 387 1835 Athenas
400 1797 429 1838 sc
445 1777 601 1852 corrierret,
615 1775 725 1832 civibus
736 1778 792 1832 suis
807 1778 836 1831 in
850 1778 950 1832 litteris
996 1778 1208 1852 explanatorem
1229 1781 1363 1854 appelles.
1381 1781 1573 1852 Quamobrem
1587 1783 1658 1838 nihil
1678 1785 1779 1856 reliqui

167 1867 341 1923 admirabilis
357 1866 396 1944 (3)
417 1868 491 1922 risus
508 1867 553 1924 sit.
569 1867 638 1920 Erat
662 1865 737 1919 enim
750 1864 947 1939 pereruditus,
995 1865 1070 1936 fecit,
1080 1868 1232 1938 quominus
1240 1878 1370 1923 veterum
1382 1870 1466 1925 etiam
1476 1871 1618 1946 sapientiae
1630 1870 1780 1926 doctorum

165 1957 262 2031 quales
276 1975 384 2032 pancos
400 1956 449 2012 illo
465 1966 594 2029 tempore
613 1953 696 2009 fuisse
710 1954 882 2028 accepimus.
894 1955 948 2009 n'i-
996 1952 1111 2009 decreta
1126 1966 1320 2030 cognosceret.
1341 1955 1397 2012 Sed
1418 1957 1454 2013 de
1472 1957 1572 2014 studiis
1587 1957 1647 2030 ejus
1665 1959 1781 2015 uberius

165 2043 269 2098 mirum
282 2055 342 2098 tum
361 2043 468 2098 artibus
482 2041 688 2097 mathematicis
707 2040 872 2116 studuerat,
889 2051 948 2095 tum
995 2061 1070 2098 nunc
1086 2053 1112 2098 et
1127 2044 1211 2100 latius
1221 2039 1397 2102 disseremus.

166 2146 209 2188 res
223 2131 363 2188 fabulosas
377 2141 546 2187 tractaverat
567 2127 606 2206 (t)
614 2169 622 2198 ,
639 2139 698 2184 turn
710 2140 839 2185 veterum
853 2129 949 2202 philo·
1035 2134 1130 2204 Quum
1144 2133 1223 2189 domi
1237 2136 1329 2208 poesis
1342 2135 1425 2192 lande
1439 2133 1591 2208 floruisset,
1604 2137 1658 2194 hac
1670 2137 1781 2210 abjecta

165 2220 321 2296 sophorum
346 2231 488 2295 praecepta
512 2219 626 2275 tenebat
650 2217 703 2295 (ὅ),
728 2231 789 2274 turn
811 2219 949 2294 plurimos
995 2233 1024 2279 et
1038 2224 1210 2278 carminibus
1226 2224 1282 2278 suis
1295 2224 1411 2298 signatis
1424 2233 1510 2298 atque
1522 2225 1550 2278 in
1564 2225 1699 2280 Minervae
1713 2225 1781 2280 fano

168 2309 328 2366 coniecerat
348 2309 436 2366 libros
459 2309 512 2386 (6).
534 2312 597 2365 Huc
621 2308 796 2364 accedebant
814 2309 949 2364 eximium
996 2310 1144 2385 depositis,
1168 2321 1201 2366 ut
1221 2329 1317 2366 rernm
1348 2310 1509 2366 divinarum
1536 2313 1782 2386 humanarumque

168 2400 331 2474 ingenium,
353 2399 467 2473 poetica
489 2399 583 2454 studia
606 2398 721 2454 forsitan
735 2414 884 2470 nunquam
902 2391 949 2450 inss
996 2399 1231 2474 contemplationi
1245 2409 1375 2469 vacaret,
1391 2400 1514 2454 Athenas
1533 2398 1718 2473 demigravit,
1730 2420 1783 2456 ne-

169 2489 310 2555 termissa,
324 2486 444 2543 Homeri
459 2485 582 2560 denique
597 2497 682 2559 atque
697 2484 841 2559 Euripidis
856 2486 949 2540 maxi·
997 2505 1053 2562 que
1063 2504 1189 2560 unquam
1201 2487 1230 2541 iu
1244 2488 1363 2560 patriam
1374 2487 1500 2544 revertit.
1515 2486 1602 2545 Venit
1616 2485 1675 2564 (aa)
1687 2490 1782 2543 antem

168 2595 215 2632 ma
229 2576 380 2632 admiratio
391 2570 443 2652 (ρ).
454 2575 518 2650 Ipse
528 2573 645 2649 quidem
656 2592 715 2628 non
726 2573 814 2629 multa
826 2573 951 2628 carmina
996 2576 1026 2630 in
1046 2575 1124 2630 illam
1138 2576 1239 2630 urbem
1254 2586 1319 2631 ante
1334 2575 1448 2650 Olymp.
1459 2573 1565 2643 CXVl,
1579 2593 1637 2648 quo
1654 2583 1783 2649 temporo

168 2665 328 2722 condidisse
341 2665 456 2721 ridetur
471 2662 520 2742 (8),
535 2681 708 2737 rerumquae
721 2681 806 2738 prosa
820 2663 951 2718 oratione
997 2665 1121 2720 nominis
1145 2665 1188 2719 sui
1212 2664 1304 2738 gloria
1326 2663 1425 2718 orbem
1443 2673 1583 2718 terrarum
1604 2663 1782 2736 impleverat.

168 2755 328 2829 composuit
340 2754 426 2829 plena
439 2762 503 2808 sunt
514 2753 630 2826 spiritus
644 2751 767 2827 poetici,
781 2769 900 2824 quaeque
915 2749 951 2806 de
998 2753 1137 2828 vigebant
1151 2753 1227 2808 enim
1240 2753 1326 2808 variae
1345 2751 1583 2826 philosophorum
1597 2750 1708 2805 santiliae
1729 2751 1785 2805 sin-

167 2844 229 2898 aliis
239 2843 332 2920 poetis
339 2841 447 2916 judicia
457 2841 534 2908 iecit,
545 2841 748 2915 intelligentem
758 2840 870 2894 virtutis
880 2858 950 2914 poe·
998 2841 1187 2916 gularumque
1197 2840 1410 2915 disciplinarum
1422 2840 1566 2916 principes
1577 2839 1613 2894 ab
1622 2838 1784 2894 adolescen-

168 2933 228 2988 ticae
243 2933 465 2988 existimatorem
480 2929 616 2986 indicant.
628 2931 671 2984 Eo
685 2928 811 3003 pertinet
822 2927 902 3002 quod
917 2927 952 2984 de
998 2930 1074 2986 tibus
1086 2929 1215 2985 discendi
1225 2929 1337 3006 cupidis
1351 2929 1500 3004 diligenter
1509 2927 1714 2984 audiebantur.
1730 2929 1787 2982 llo-

167 3019 302 3095 Euripide
322 3019 413 3094 dixit,
436 3016 553 3075 difficile
568 3035 643 3090 esse,
667 3027 778 3072 servata
797 3015 953 3072 verborum
1000 3018 1083 3092 cebat
1119 3028 1180 3072 tum
1205 3018 1396 3086 Xenocrates,
1429 3035 1513 3092 quem
1542 3027 1609 3091 post
1635 3017 1787 3092 Speusippi

168 3110 345 3186 proprietate
360 3109 467 3183 tragice
481 3109 564 3162 simul
579 3117 608 3162 et
624 3125 689 3162 cum
705 3105 953 3163 commiseratione
1001 3117 1123 3162 mortem
1144 3105 1181 3162 ab
1193 3125 1269 3162 anno
1284 3109 1330 3165 Ol.
1346 3109 1405 3176 CX,
1420 3126 1437 3162 a
1459 3106 1496 3161 ad
1508 3126 1613 3161 annum
1628 3107 1672 3165 01.
1686 3104 1787 3177 CXVl,

167 3200 292 3256 scribere
315 3197 368 3274 (9).
385 3198 450 3274 Quo
470 3198 500 3252 in
522 3215 624 3273 genere
645 3214 761 3253 versum
778 3214 812 3252 ex
826 3196 952 3252 Bellero·
1001 3195 1017 3252 3
1045 3194 1204 3252 Academiae
1218 3198 1308 3252 veteri
1333 3195 1476 3271 praefuisse
1499 3195 1635 3263 vidimus,
1664 3195 1788 3251 docebat

167 3287 275 3363 phonte
288 3288 411 3362 petitum
423 3284 557 3342 laudabat
569 3283 651 3360 (ro):
1001 3284 1129 3358 Pyrrho,
1156 3283 1300 3340 docebant
1325 3285 1491 3341 Aristoteles
1507 3294 1536 3339 et
1558 3283 1787 3358 Theoplrrastus3

1001 3372 1150 3446 Cyrenaici
1177 3373 1303 3446 itemque
1327 3373 1462 3448 Megarici
1488 3369 1648 3441 florebant;
1672 3370 1789 3426 fortasse

999 3458 1059 3532 jam
1083 3460 1162 3518 Zeno
1186 3473 1215 3516 et
1241 3461 1380 3536 Epicurus
1403 3461 1513 3516 scholas
1528 3479 1590 3516 suas
1609 3471 1788 3535 aperuerant.

169 3543 318 3604 Subtiliter
339 3542 375 3600 de
390 3542 670 3619 Tbeophrasti.stilo
693 3538 851 3614 judicavit,
877 3539 956 3613 cujus
1001 3546 1141 3620 Majorem
1162 3559 1257 3604 tamen
1279 3550 1402 3624 gloriam
1425 3548 1596 3606 Xenocratis
1619 3558 1789 3621 sectatores,

171 3633 323 3708 Proposita
336 3641 413 3688 ostro
429 3633 535 3707 scripta
547 3649 605 3688 esse
621 3629 692 3687 dixit
704 3627 780 3709 (ιι),
791 3631 955 3705 pariterque
1003 3653 1090 3711 quarn
1111 3639 1205 3692 caeteri
1224 3637 1388 3712 philosophi
1412 3637 1558 3693 consecuti
1577 3646 1667 3694 eraut.
1691 3638 1790 3707 ltaque

173 3722 294 3797 tragoedi
308 3722 403 3778 nescio
423 3720 618 3793 cujusvocem
632 3738 692 3775 non
707 3717 834 3774 doleiam
848 3728 954 3774 etcor-
1002 3728 1127 3800 primum
1150 3729 1359 3796 Xenocratem,
1381 3726 1447 3782 dein
1464 3744 1499 3782 eo
1520 3736 1636 3780 mortuo
1655 3725 1789 3778 Polemo-

171 3813 228 3868 tice
241 3812 354 3887 plenam
368 3812 543 3880 nominavit,
555 3821 584 3867 et
594 3820 686 3885 poetae
701 3807 848 3882 cujusdem
861 3827 957 3864 versus
1001 3833 1078 3884 nem,
1089 3816 1316 3890 condiscipulum
1331 3815 1399 3879 olim
1412 3833 1494 3870 suum
1504 3855 1512 3882 ,
1524 3813 1575 3886 qni
1590 3812 1746 3868 Xenocrati
1760 3813 1790 3866 in

169 3901 286 3957 miseros
297 3919 356 3956 esse
370 3919 427 3975 prae
441 3918 470 3956 se
482 3900 556 3956 tulit.
1002 3904 1156 3961 Academia
1172 3914 1359 3972 successerat,
1370 3902 1488 3959 audivit.
1505 3903 1521 3957 J
1524 3919 1574 3956 ure
1587 3900 1674 3975 igitur
1685 3901 1791 3955 reteri-

211 3991 274 4045 Jarn
289 3989 369 4064 quod
379 3989 415 4046 ad
426 3989 635 4064 philosophiam
649 3989 764 4058 attinet,
777 3988 898 4044 Crantor
911 4005 959 4044 ne-
1002 3991 1056 4048 bus
1070 3993 1247 4049 Academicis
1256 4001 1458 4048 annumeratus
1468 4001 1509 4046 est
1525 3989 1588 4066 (13)
1605 4008 1692 4065 quum
1710 4007 1790 4064 egre-

249 3399 335 3479 οἷρκοι·
347 3399 373 3460 τί
387 3399 410 3458 δ’
427 3398 514 3478 algam
530 3398 613 3472 θνητοί
626 3421 667 3458 τοι
682 3396 861 3460 πεπόνθαμεν.
906 3446 922 3473 ·.

204 4218 239 4282 (1)
252 4219 292 4269 01.
305 4217 378 4270 frid.
391 4219 502 4282 Kayseri
511 4216 542 4269 de
554 4219 674 4268 Crantore
685 4216 830 4268 Academico
841 4217 959 4269 disserta·
1003 4211 1043 4259 ²⁰¹¹
1059 4209 1083 4259 tv
1104 4215 1134 4274 *1
1149 4210 1244 4273 πατρίδι
1261 4209 1300 4260 tet.
1318 4214 1353 4272 eq
1370 4214 1412 4268 111
1425 4208 1520 4268 Ἀθηνᾶ(
1534 4210 1589 4272 ῑῑθῷ
1606 4207 1793 4272 ΰνΜῑσᾶμῑνθῑ

172 4288 216 4340 iio.
229 4289 400 4352 Heidelbergoe
417 4293 473 4340 1811
484 4308 491 4350 ;
507 4292 540 4339 it.
554 4291 638 4340 llerm.
651 4287 697 4338 Ed.
711 4289 804 4339 Melert'
814 4287 846 4338 tle
860 4291 960 4338 Cranto·
1003 4283 1064 4334 atri
1076 4285 1159 4334 θιῖναι.
1171 4311 1202 4321 -
1215 4283 1247 4347 (9)
1259 4283 1329 4350 Dlog.
1341 4287 1422 4335 Laeti.
1438 4286 1482 4346 lV,
1496 4287 1526 4334 26
1541 4283 1641 4347 ἐργῶδες
1654 4281 1747 4332 tivertino
1758 4287 1793 4344 τῷ

173 4360 209 4411 ris
225 4359 289 4412 libro
299 4399 306 4422 ,
316 4361 360 4425 qui
369 4363 423 4426 περὶ
438 4363 534 4419 πένθους
549 4359 738 4420 inscribebatur,
752 4360 894 4425 disputatio.
908 4363 959 4410 Ha·
1003 4357 1078 4424 κυρίῳ
1091 4364 1206 4424 τραγικῶς
1224 4359 1274 4422 ἅμα
1287 4361 1328 4409 κοιὶ
1347 4360 1476 4422 συμπαθῶς
1492 4358 1592 4422 γράψαι.
1614 4383 1645 4394 -
1663 4357 1713 4418 (1ο)
1733 4355 1792 4406 Viri.

174 4433 203 4484 iis
216 4434 342 4484 &aonam
358 4437 434 4494 tttto;
455 4435 482 4484 F.
497 4432 650 4483 schneider-t
664 4432 696 4483 de
710 4432 837 4483 Crantoris
851 4433 960 4484 Solensis
1006 4433 1090 4499 Eurip.
1105 4435 1203 4497 Fragm.
1217 4449 1241 4499 p.
1256 4439 1302 4484 1188
1318 4434 1358 4486 ed.
1369 4438 1485 4499 Wagner.
1502 4432 1603 4483 Parisiis
1617 4436 1685 4482 titia.
1699 4455 1731 4468 -
1741 4430 1792 4494 (11)

173 4504 314 4570 philosophi
328 4504 531 4555 Academicorum
543 4503 706 4568 philosophiae
722 4505 815 4555 addicti
829 4503 906 4566 libro,
917 4504 961 4569 qui
1004 4509 1075 4573 Diog.
1091 4511 1173 4560 Laert.
1188 4513 1231 4571 tv,
1242 4515 1270 4561 27
1281 4512 1310 4573 ἦν
1320 4512 1346 4561 δὲ
1360 4513 1400 4561 καὶ
1411 4511 1484 4568 δεινὸς
1501 4509 1710 4571 ὀνοματοποιῆσαι.
1730 4510 1793 4570 Τρα.

173 4577 226 4639 Περὶ
240 4577 337 4633 *1100111
347 4575 498 4637 inscribitur,
513 4575 687 4626 fflfflm⁰⁰l³ll⁰
702 4573 727 4623 ln
740 4573 886 4639 2811311111
885 4578 894 4625 l
912 4573 961 4638 llll
1004 4587 1082 4650 γῳδὸν
1094 4592 1150 4650 γοῦν
1165 4587 1309 4646 ἀπελέκητον
1326 4589 1391 4638 εἶπον
1409 4587 1471 4650 ἔχειν
1485 4587 1576 4650 φωνήν,
1595 4585 1635 4632 καὶ
1650 4585 1731 4644 φλοιοῦ
1751 4599 1792 4644 με·

174 4647 217 4728 dl?
230 4643 575 4728 Allssl'ldumffwssfifflellasl
594 4649 661 4704 ¹⁸3⁶=
679 4647 723 4695 Ns·
741 4649 854 4732 ¹⁰4·,¹⁰5·
876 4673 907 4733 ’ζ
925 4647 959 4731 12)
1005 4663 1073 4720 στήν.
1086 4663 1133 4712 Κα1
1147 4679 1207 4720 τινος
1219 4667 1317 4722 ποιητοῦ
1329 4663 1414 4726 σκίφης
1427 4661 1526 4724 μεστοὺς
1539 4661 1599 4710 siret
1615 4659 1669 4712 τοὺς
1682 4657 1792 4718 στίχους·

174 4717 424 4806 Diogenes'baerttus
439 4717 483 4802 lib.
502 4719 555 4804 IV,
568 4722 596 4766 25
615 4717 706 4776 λέγεται
722 4715 747 4765 δὲ
766 4733 805 4802 καρ
822 4717 864 4774 τὴν
878 4733 961 4764 auctus
1005 4740 1045 4790 ,gp
1060 4738 1100 4794 τὰς
1115 4738 1268 4802 emm„
1282 4740 1358 4795 Θέσεις
1377 4738 1466 4802 ὀστρέῳ
1484 4736 1621 4800 γεγράφθαι.
1638 4759 1666 4769 -
1685 4735 1734 4794 (12)
1753 4733 1792 4781 es·

174 4789 315 4870 *ΨΜ
329 4791 470 4852 'immi’
480 4826 486 4848 ¹
497 4791 618 4871 ‘'lm“‘l'
633 4787 706 4874 ⁰⁶5²*
719 4788 870 4872 δυοκωῗω·
884 4815 910 4824 ““
925 4787 960 4852 13)
983 4830 985 4862 ι
1006 4814 1058 4862 not.
1071 4815 1095 4860 a.
1112 4815 1237 4862 Caeterum
1250 4816 1306 4862 ante
1317 4814 1355 4862 01.
1372 4813 1447 4861 CXVI
1465 4803 1570 4860 Crantor
1584 4807 1693 4857 Athenas
1711 4805 1791 4865 renit;

176 4859 247 4921 ”¹⁰⁸¹
265 4859 344 4908 Im·
357 4860 401 4918 ἶν’
418 4862 447 4934 ²4-
462 4859 583 4921 xpm'p’
598 4859 696 4921 ''⁰²⁵⁹‘’
711 4860 883 4940 ⁰²il²⁰²l⁰l²²⁹⁰⁴
897 4857 922 4906 g,
932 4863 960 4920 τῇ
1007 4899 1036 4937 eo
1048 4887 1113 4938 enirn
1124 4891 1173 4938 tera
1192 4901 1234 4938 ore
1251 4889 1349 4938 Polemo
1380 4889 1419 4936 ost
1434 4885 1578 4934 Xenocratis
1591 4883 1687 4932 obitum
1703 4879 1794 4930 docere

176 4929 261 4978 ἑαυτοῦ
272 4929 365 4992 πατρίδι
378 4929 465 4992 ἀπῆρεν
476 4931 507 4986 sl<
523 4927 789 4990 iiidice-(illbde
802 4929 888 4992 fragm.
909 4932 960 4978 1-7.
1063 4969 1068 4982 .
1126 4969 1131 4980 .
1175 4903 1205 4979 p.
1364 4900 1379 4951 P
1533 4962 1537 4973 .
1667 4959 1691 5006 d.
1747 4957 1794 5006 s„

176 5028 206 5042 -
217 5005 252 5064 (t)
269 5000 333 5051 Vide
351 5001 439 5064 fragm.
457 5005 481 5050 9.
498 5005 536 5050 it.
551 5029 581 5042 -·
597 5002 629 5065 (ul
651 5001 772 5063 Diogenes
789 5001 902 5050 Laertius
917 5001 961 5064 tv,
1006 4972 1089 5033 ‘'mm“
1101 4968 1159 5062 vm:
1177 4971 1245 5031 ⁰¹⁰⁸·
1267 4970 1351 5018 Lam·
1368 4967 1464 5062 ΨΜ
1484 4966 1621 5060 Umuiquf
1634 4971 1666 5007 au
1684 4961 1736 5058 ¹i⁰l
1758 4973 1780 5006 ω

177 5073 208 5120 24
219 5072 260 5119 κα(
273 5072 396 5121 mmm,
405 5071 564 5134 ὑπομνήματα
573 5073 604 5128 ,23
621 5073 734 5137 μυριάδας
749 5071 837 5135 στίχων
850 5078 916 5135 τρεῖς.
929 5071 962 5119 g,
1006 5051 1118 5140 Crantor.
1130 5053 1201 5143 qug.
1218 5051 1356 5138 Laertqlv,
1373 5051 1402 5097 ii
1415 5051 1501 5134 unipes
1516 5047 1548 5102 eie
1561 5045 1651 5100 Αθηνας
1664 5058 1704 5090 και
1717 5056 1793 5090 ,κενο-

176 5141 231 5190 τινὰ
243 5159 302 5196 τινες
314 5141 457 5207 Ἀρκεσιλάῳ
468 5143 654 5207 προσάπτουσιν.
665 5171 694 5180 -
706 5145 740 5206 (7)
751 5143 788 5193 ld,
802 5143 845 5194 lv,
857 5150 886 5194 2⁶
897 5143 962 5192 (ραρ.
1007 5141 1104 5211 spurca:
1123 5127 1236 5185 διηκουσι
1247 5127 1363 5184 Helenor
1381 5121 1544 5182 ουσχολαζων.
1560 5117 1674 5167 Clemens
1693 5114 1794 5206 Alexan·

179 5217 237 5278 12ect
247 5214 272 5263 di
285 5213 395 5278 Κράντωρ
407 5215 501 5264 πάντων
512 5216 541 5275 δὴ
556 5217 641 5278 μᾶλλον,
654 5213 761 5278 ὀμηρρρ
774 5216 813 5266 κα(
828 5215 961 5280 Εὐριπίδην,
1009 5199 1094 5250 drrnus
1107 5203 1197 5252 Strom.
1208 5201 1228 5262 Ι,
1240 5214 1265 5264 p.
1283 5202 1326 5248 aui
1340 5197 1480 5258 Πολέμωνος
1494 5195 1519 5244 δὲ
1532 5195 1649 5244 ἀνουστοιὶ
1667 5194 1757 5256 liparae
1769 5205 1794 5240 το

181 5308 209 5320 -
227 5285 262 5348 (a)
276 5283 348 5349 mog.
359 5286 440 5336 Laeti.
455 5286 497 5346 tv,
511 5291 541 5335 25
553 5287 644 5349 leretur
654 5287 679 5335 di
689 5288 729 5336 καὶ
738 5285 861 5349 ποιήματα
874 5284 962 5348 γράψαι
1008 5283 1048 5331 καὶ
1066 5281 1188 5346 Κράντωρ.
1201 5305 1231 5316 ·-
1245 5277 1297 5342 (13)
1314 5278 1385 5341 Dioss.
1401 5277 1483 5327 Laeti.
1499 5289 1601 5340 protem.
1615 5278 1660 5336 143
1681 5273 1794 5338 Clemens

966 5373 1008 5421 tat
1254 5401 1256 5408 ·
1660 5363 1685 5412 9.
