<?xml version="1.0" encoding="UTF-8"?>
<!DOCTYPE html PUBLIC "-//W3C//DTD XHTML 1.0 Transitional//EN"
    "http://www.w3.org/TR/xhtml1/DTD/xhtml1-transitional.dtd">
<html xmlns="http://www.w3.org/1999/xhtml" xml:lang="en" lang="en">
 <head>
  <title>
</title>
<meta http-equiv="Content-Type" content="text/html;charset=utf-8" />
  <meta name='ocr-system' content='tesseract 3.04.00' />
  <meta name='ocr-capabilities' content='ocr_page ocr_carea ocr_par ocr_line ocrx_word'/>
</head>
<body>
  <div class='ocr_page' id='page_1' title='image "./fragmentaphilos01mullgoog/fragmentaphilos01mullgoog_0286.png"; bbox 0 0 3958 5942; ppageno 0'>
   <div class='ocr_carea' id='block_1_1' title="bbox 780 415 1709 490">
    <p class='ocr_par' dir='ltr' id='par_1_1' title="bbox 780 415 1709 490">
     <span class='ocr_line' id='line_1_1' title="bbox 780 415 1709 490; baseline 0.012 -12"><span class='ocrx_word' id='word_1_1' title='bbox 780 415 1031 483; x_wconf 80' lang='lat' dir='ltr'><strong>FRAGMENTA.</strong></span> <span class='ocrx_word' id='word_1_2' title='bbox 1650 429 1709 490; x_wconf 76' lang='lat'>269</span> 
     </span>
    </p>
   </div>
   <div class='ocr_carea' id='block_1_2' title="bbox 89 542 1764 4032">
    <p class='ocr_par' dir='ltr' id='par_1_2' title="bbox 89 542 1764 4032">
     <span class='ocr_line' id='line_1_2' title="bbox 100 542 1709 638; baseline 0.008 -32"><span class='ocrx_word' id='word_1_3' title='bbox 100 551 165 624; x_wconf 79' lang='grc' dir='ltr'>ἡμῖν</span> <span class='ocrx_word' id='word_1_4' title='bbox 182 544 377 624; x_wconf 82' lang='grc' dir='ltr'>συμύάλλεται,</span> <span class='ocrx_word' id='word_1_5' title='bbox 389 542 511 623; x_wconf 76' lang='grc' dir='ltr'>Εὔδημος</span> <span class='ocrx_word' id='word_1_6' title='bbox 526 543 553 604; x_wconf 77' lang='lat' dir='ltr'>dl</span> <span class='ocrx_word' id='word_1_7' title='bbox 571 547 598 604; x_wconf 80' lang='grc' dir='ltr'>ἒν</span> <span class='ocrx_word' id='word_1_8' title='bbox 610 551 669 615; x_wconf 89' lang='grc' dir='ltr'>ταῖς</span> <span class='ocrx_word' id='word_1_9' title='bbox 685 558 878 631; x_wconf 79' lang='grc' dir='ltr'>γεωμετρικαῖς</span> <span class='ocrx_word' id='word_1_10' title='bbox 927 553 1080 614; x_wconf 75' lang='grc' dir='ltr'>καὶτούτων</span> <span class='ocrx_word' id='word_1_11' title='bbox 1095 553 1143 626; x_wconf 81' lang='grc' dir='ltr'>τὴν</span> <span class='ocrx_word' id='word_1_12' title='bbox 1156 555 1379 637; x_wconf 78' lang='grc' dir='ltr'>μδνπαραόολήν,</span> <span class='ocrx_word' id='word_1_13' title='bbox 1393 557 1441 630; x_wconf 73' lang='grc' dir='ltr'>τήν</span> <span class='ocrx_word' id='word_1_14' title='bbox 1456 555 1483 616; x_wconf 73' lang='grc' dir='ltr'>δὲ</span> <span class='ocrx_word' id='word_1_15' title='bbox 1495 557 1644 638; x_wconf 78' lang='grc' dir='ltr'>ὓπερόολὴν</span> <span class='ocrx_word' id='word_1_16' title='bbox 1657 584 1709 619; x_wconf 87' lang='grc' dir='ltr'>κα-</span> 
     </span>
     <span class='ocr_line' id='line_1_3' title="bbox 97 633 1709 728; baseline 0.009 -34"><span class='ocrx_word' id='word_1_17' title='bbox 97 635 226 715; x_wconf 86' lang='grc' dir='ltr'>ίστορίαις</span> <span class='ocrx_word' id='word_1_18' title='bbox 245 636 280 702; x_wconf 76' lang='grc' dir='ltr'>εἰς</span> <span class='ocrx_word' id='word_1_19' title='bbox 296 636 391 706; x_wconf 76' lang='grc' dir='ltr'>Θαλῆν</span> <span class='ocrx_word' id='word_1_20' title='bbox 411 639 490 693; x_wconf 82' lang='grc' dir='ltr'>τοῦτο</span> <span class='ocrx_word' id='word_1_21' title='bbox 510 633 601 712; x_wconf 78' lang='grc' dir='ltr'>ἀνάγει</span> <span class='ocrx_word' id='word_1_22' title='bbox 617 634 648 694; x_wconf 87' lang='grc' dir='ltr'>τδ</span> <span class='ocrx_word' id='word_1_23' title='bbox 669 637 806 718; x_wconf 89' lang='grc' dir='ltr'>θεώρημα.</span> <span class='ocrx_word' id='word_1_24' title='bbox 823 640 881 712; x_wconf 76' lang='grc' dir='ltr'>Τήν</span> <span class='ocrx_word' id='word_1_25' title='bbox 928 641 1060 720; x_wconf 78' lang='grc' dir='ltr'>λε’σαντες,</span> <span class='ocrx_word' id='word_1_26' title='bbox 1076 641 1124 716; x_wconf 74' lang='grc' dir='ltr'>τήν</span> <span class='ocrx_word' id='word_1_27' title='bbox 1143 641 1171 702; x_wconf 78' lang='grc' dir='ltr'>δὲ</span> <span class='ocrx_word' id='word_1_28' title='bbox 1190 643 1317 728; x_wconf 81' lang='grc' dir='ltr'>ἔκλειψιν,</span> <span class='ocrx_word' id='word_1_29' title='bbox 1333 645 1439 706; x_wconf 80' lang='grc' dir='ltr'>ἐκείνων</span> <span class='ocrx_word' id='word_1_30' title='bbox 1455 651 1506 706; x_wconf 88' lang='grc' dir='ltr'>τῶν</span> <span class='ocrx_word' id='word_1_31' title='bbox 1522 649 1643 706; x_wconf 84' lang='grc' dir='ltr'>παλαιῶν</span> <span class='ocrx_word' id='word_1_32' title='bbox 1662 648 1709 708; x_wconf 81' lang='grc' dir='ltr'>καί</span> 
     </span>
     <span class='ocr_line' id='line_1_4' title="bbox 96 718 1764 817; baseline 0.01 -34"><span class='ocrx_word' id='word_1_33' title='bbox 96 722 150 804; x_wconf 86' lang='grc' dir='ltr'>γδιρ</span> <span class='ocrx_word' id='word_1_34' title='bbox 166 727 216 784; x_wconf 84' lang='grc' dir='ltr'>τῶν</span> <span class='ocrx_word' id='word_1_35' title='bbox 231 725 257 781; x_wconf 79' lang='grc' dir='ltr'>ἐν</span> <span class='ocrx_word' id='word_1_36' title='bbox 272 722 389 800; x_wconf 77' lang='grc' dir='ltr'>Θαλάττῃ</span> <span class='ocrx_word' id='word_1_37' title='bbox 404 721 502 782; x_wconf 83' lang='grc' dir='ltr'>πλοίων</span> <span class='ocrx_word' id='word_1_38' title='bbox 523 721 681 798; x_wconf 76' lang='grc' dir='ltr'>ἀπόστασιν,</span> <span class='ocrx_word' id='word_1_39' title='bbox 698 726 731 784; x_wconf 82' lang='grc' dir='ltr'>δι’</span> <span class='ocrx_word' id='word_1_40' title='bbox 746 718 881 808; x_wconf 75' lang='grc' dir='ltr'>οότρόπου</span> <span class='ocrx_word' id='word_1_41' title='bbox 928 731 1003 790; x_wconf 82' lang='grc' dir='ltr'>θείων</span> <span class='ocrx_word' id='word_1_42' title='bbox 1026 733 1125 812; x_wconf 84' lang='grc' dir='ltr'>ἀνδρῶν</span> <span class='ocrx_word' id='word_1_43' title='bbox 1149 735 1175 791; x_wconf 76' lang='grc' dir='ltr'>ἐν</span> <span class='ocrx_word' id='word_1_44' title='bbox 1196 733 1315 816; x_wconf 77' lang='grc' dir='ltr'>ἐπιπέδῳ</span> <span class='ocrx_word' id='word_1_45' title='bbox 1336 739 1495 816; x_wconf 72' lang='grc' dir='ltr'>καταγραφῇ</span> <span class='ocrx_word' id='word_1_46' title='bbox 1517 735 1622 815; x_wconf 90' lang='grc' dir='ltr'>χωρίων</span> <span class='ocrx_word' id='word_1_47' title='bbox 1644 739 1710 817; x_wconf 80' lang='grc' dir='ltr'>πρὸς</span> <span class='ocrx_word' id='word_1_48' title='bbox 1762 757 1764 760; x_wconf 83' lang='grc'><strong><em>·</em></strong></span> 
     </span>
     <span class='ocr_line' id='line_1_5' title="bbox 98 808 1709 903; baseline 0.011 -33"><span class='ocrx_word' id='word_1_49' title='bbox 98 811 178 893; x_wconf 83' lang='grc' dir='ltr'>ρασὶν</span> <span class='ocrx_word' id='word_1_50' title='bbox 205 810 283 871; x_wconf 79' lang='grc' dir='ltr'>αὐτὸν</span> <span class='ocrx_word' id='word_1_51' title='bbox 308 808 455 887; x_wconf 80' lang='grc' dir='ltr'>δεικνύναι,</span> <span class='ocrx_word' id='word_1_52' title='bbox 480 810 565 894; x_wconf 84' lang='grc' dir='ltr'>τούτῳ</span> <span class='ocrx_word' id='word_1_53' title='bbox 592 817 779 897; x_wconf 69' lang='grc' dir='ltr'>πρισχρῆσθαί</span> <span class='ocrx_word' id='word_1_54' title='bbox 803 837 881 897; x_wconf 78' lang='grc' dir='ltr'>φησιν</span> <span class='ocrx_word' id='word_1_55' title='bbox 928 821 1028 878; x_wconf 83' lang='grc' dir='ltr'>εὐθεῖαν</span> <span class='ocrx_word' id='word_1_56' title='bbox 1047 821 1195 903; x_wconf 76' lang='grc' dir='ltr'>ὡρισμένην</span> <span class='ocrx_word' id='word_1_57' title='bbox 1209 822 1243 881; x_wconf 77' lang='grc' dir='ltr'>τὰ</span> <span class='ocrx_word' id='word_1_58' title='bbox 1265 823 1315 882; x_wconf 81' lang='grc' dir='ltr'>ὑπὸ</span> <span class='ocrx_word' id='word_1_59' title='bbox 1334 825 1431 883; x_wconf 87' lang='grc' dir='ltr'>τούτων</span> <span class='ocrx_word' id='word_1_60' title='bbox 1452 823 1636 902; x_wconf 81' lang='grc' dir='ltr'>σημαινόμενα</span> <span class='ocrx_word' id='word_1_61' title='bbox 1655 835 1709 892; x_wconf 86' lang='grc' dir='ltr'>τῶν</span> 
     </span>
     <span class='ocr_line' id='line_1_6' title="bbox 98 905 1710 996; baseline 0.009 -37"><span class='ocrx_word' id='word_1_62' title='bbox 98 905 252 979; x_wconf 79' lang='grc' dir='ltr'>ἀναγκαῖον.</span> <span class='ocrx_word' id='word_1_63' title='bbox 293 975 297 984; x_wconf 35' lang='grc' dir='ltr'>Ι</span> <span class='ocrx_word' id='word_1_64' title='bbox 836 923 839 930; x_wconf 82' lang='grc'><em>’</em></span> <span class='ocrx_word' id='word_1_65' title='bbox 927 910 1062 984; x_wconf 79' lang='grc' dir='ltr'>ὀνομάτων</span> <span class='ocrx_word' id='word_1_66' title='bbox 1083 911 1213 992; x_wconf 85' lang='grc' dir='ltr'>ὁρώντων.</span> <span class='ocrx_word' id='word_1_67' title='bbox 1258 911 1346 974; x_wconf 83' lang='grc' dir='ltr'>Ὅταν</span> <span class='ocrx_word' id='word_1_68' title='bbox 1368 913 1418 996; x_wconf 89' lang='grc' dir='ltr'>γδιρ</span> <span class='ocrx_word' id='word_1_69' title='bbox 1434 913 1534 982; x_wconf 85' lang='grc' dir='ltr'>εύθείας</span> <span class='ocrx_word' id='word_1_70' title='bbox 1557 915 1710 995; x_wconf 80' lang='grc' dir='ltr'>ἐκκειμίνης</span> 
     </span>
     <span class='ocr_line' id='line_1_7' title="bbox 138 989 1710 1086; baseline 0.014 -37"><span class='ocrx_word' id='word_1_71' title='bbox 138 1011 174 1050; x_wconf 83' lang='lat' dir='ltr'>se.</span> <span class='ocrx_word' id='word_1_72' title='bbox 199 989 304 1058; x_wconf 79' lang='grc' dir='ltr'>Παντὸς</span> <span class='ocrx_word' id='word_1_73' title='bbox 319 990 448 1070; x_wconf 79' lang='grc' dir='ltr'>τριγώνου</span> <span class='ocrx_word' id='word_1_74' title='bbox 470 1000 533 1069; x_wconf 77' lang='grc' dir='ltr'>μιᾶς</span> <span class='ocrx_word' id='word_1_75' title='bbox 552 993 603 1049; x_wconf 87' lang='grc' dir='ltr'>τῶν</span> <span class='ocrx_word' id='word_1_76' title='bbox 624 993 747 1073; x_wconf 84' lang='grc' dir='ltr'>πλευρῶν</span> <span class='ocrx_word' id='word_1_77' title='bbox 762 1017 882 1076; x_wconf 88' lang='grc' dir='ltr'>προσεμ-</span> <span class='ocrx_word' id='word_1_78' title='bbox 927 997 957 1056; x_wconf 85' lang='grc' dir='ltr'>τδ</span> <span class='ocrx_word' id='word_1_79' title='bbox 968 999 1040 1058; x_wconf 82' lang='grc' dir='ltr'>δοθὲν</span> <span class='ocrx_word' id='word_1_80' title='bbox 1054 999 1151 1080; x_wconf 86' lang='grc' dir='ltr'>χωρίον</span> <span class='ocrx_word' id='word_1_81' title='bbox 1168 1001 1287 1085; x_wconf 84' lang='grc' dir='ltr'>παίσῃτῇ</span> <span class='ocrx_word' id='word_1_82' title='bbox 1303 1002 1389 1067; x_wconf 88' lang='grc' dir='ltr'>εύθεία</span> <span class='ocrx_word' id='word_1_83' title='bbox 1408 1007 1632 1086; x_wconf 84' lang='grc' dir='ltr'>συμπαρατείνης,</span> <span class='ocrx_word' id='word_1_84' title='bbox 1651 1011 1710 1071; x_wconf 89' lang='grc' dir='ltr'>τότε</span> 
     </span>
     <span class='ocr_line' id='line_1_8' title="bbox 97 1069 1711 1174; baseline 0.013 -35"><span class='ocrx_word' id='word_1_85' title='bbox 97 1076 239 1152; x_wconf 72' lang='grc' dir='ltr'>θληθείσητ</span> <span class='ocrx_word' id='word_1_86' title='bbox 249 1083 266 1150; x_wconf 81' lang='grc' dir='ltr'>ἡ</span> <span class='ocrx_word' id='word_1_87' title='bbox 278 1079 350 1146; x_wconf 80' lang='grc' dir='ltr'>ἐκτὸς</span> <span class='ocrx_word' id='word_1_88' title='bbox 361 1079 443 1156; x_wconf 88' lang='grc' dir='ltr'>γωνία</span> <span class='ocrx_word' id='word_1_89' title='bbox 456 1080 514 1140; x_wconf 84' lang='grc' dir='ltr'>δυσὶ</span> <span class='ocrx_word' id='word_1_90' title='bbox 525 1087 582 1148; x_wconf 86' lang='grc' dir='ltr'>ταῖς</span> <span class='ocrx_word' id='word_1_91' title='bbox 593 1081 663 1148; x_wconf 79' lang='grc' dir='ltr'>ἐντὸς</span> <span class='ocrx_word' id='word_1_92' title='bbox 673 1083 717 1141; x_wconf 84' lang='grc' dir='ltr'>καὶ</span> <span class='ocrx_word' id='word_1_93' title='bbox 729 1083 882 1156; x_wconf 77' lang='grc' dir='ltr'>ἀπεναντίον</span> <span class='ocrx_word' id='word_1_94' title='bbox 928 1088 1109 1167; x_wconf 75' lang='grc' dir='ltr'>παραὸάλλειν</span> <span class='ocrx_word' id='word_1_95' title='bbox 1126 1092 1209 1151; x_wconf 69' lang='grc' dir='ltr'>ἐκεῖνο</span> <span class='ocrx_word' id='word_1_96' title='bbox 1224 1091 1254 1152; x_wconf 83' lang='grc' dir='ltr'>τδ</span> <span class='ocrx_word' id='word_1_97' title='bbox 1272 1093 1369 1173; x_wconf 86' lang='grc' dir='ltr'>χωρίον</span> <span class='ocrx_word' id='word_1_98' title='bbox 1379 1069 1482 1174; x_wconf 54' lang='lat' dir='ltr'>&#39;poclm</span> <span class='ocrx_word' id='word_1_99' title='bbox 1496 1094 1561 1155; x_wconf 81' lang='grc' dir='ltr'>ὅταν</span> <span class='ocrx_word' id='word_1_100' title='bbox 1581 1073 1668 1174; x_wconf 70' lang='grc' dir='ltr'>μεῖζον</span> <span class='ocrx_word' id='word_1_101' title='bbox 1683 1101 1711 1160; x_wconf 77' lang='lat' dir='ltr'>dl</span> 
     </span>
     <span class='ocr_line' id='line_1_9' title="bbox 96 1167 1712 1262; baseline 0.015 -36"><span class='ocrx_word' id='word_1_102' title='bbox 96 1167 141 1239; x_wconf 84' lang='grc' dir='ltr'>ἴση</span> <span class='ocrx_word' id='word_1_103' title='bbox 162 1167 235 1244; x_wconf 75' lang='grc' dir='ltr'>ἐστί,</span> <span class='ocrx_word' id='word_1_104' title='bbox 266 1167 312 1228; x_wconf 77' lang='grc' dir='ltr'>καί</span> <span class='ocrx_word' id='word_1_105' title='bbox 335 1172 363 1228; x_wconf 83' lang='grc' dir='ltr'>αῖ</span> <span class='ocrx_word' id='word_1_106' title='bbox 386 1169 457 1238; x_wconf 77' lang='grc' dir='ltr'>ἐντδς</span> <span class='ocrx_word' id='word_1_107' title='bbox 481 1174 526 1228; x_wconf 76' lang='grc' dir='ltr'>τοῦ</span> <span class='ocrx_word' id='word_1_108' title='bbox 548 1167 676 1250; x_wconf 85' lang='grc' dir='ltr'>τριγώνου</span> <span class='ocrx_word' id='word_1_109' title='bbox 697 1173 768 1252; x_wconf 83' lang='grc' dir='ltr'>τρεῖς</span> <span class='ocrx_word' id='word_1_110' title='bbox 790 1171 883 1252; x_wconf 88' lang='grc' dir='ltr'>γωνίαι</span> <span class='ocrx_word' id='word_1_111' title='bbox 927 1176 1040 1258; x_wconf 74' lang='grc' dir='ltr'>ποιήσῃς</span> <span class='ocrx_word' id='word_1_112' title='bbox 1054 1185 1100 1238; x_wconf 81' lang='grc' dir='ltr'>τοῦ</span> <span class='ocrx_word' id='word_1_113' title='bbox 1114 1179 1214 1260; x_wconf 87' lang='grc' dir='ltr'>χωρίου</span> <span class='ocrx_word' id='word_1_114' title='bbox 1228 1181 1258 1240; x_wconf 85' lang='grc' dir='ltr'>τὸ</span> <span class='ocrx_word' id='word_1_115' title='bbox 1270 1185 1355 1258; x_wconf 79' lang='grc' dir='ltr'>μῆκος</span> <span class='ocrx_word' id='word_1_116' title='bbox 1371 1186 1451 1256; x_wconf 77' lang='grc' dir='ltr'>αὐτῆς</span> <span class='ocrx_word' id='word_1_117' title='bbox 1460 1188 1508 1256; x_wconf 82' lang='grc' dir='ltr'>τῆς</span> <span class='ocrx_word' id='word_1_118' title='bbox 1521 1186 1634 1262; x_wconf 75' lang='grc' dir='ltr'>εὐθείας,</span> <span class='ocrx_word' id='word_1_119' title='bbox 1651 1188 1712 1250; x_wconf 86' lang='grc' dir='ltr'>τότε</span> 
     </span>
     <span class='ocr_line' id='line_1_10' title="bbox 98 1256 1711 1360; baseline 0.015 -45"><span class='ocrx_word' id='word_1_120' title='bbox 98 1256 168 1315; x_wconf 83' lang='grc' dir='ltr'>δυσὶν</span> <span class='ocrx_word' id='word_1_121' title='bbox 184 1257 272 1337; x_wconf 88' lang='grc' dir='ltr'>ὀρθαῖς</span> <span class='ocrx_word' id='word_1_122' title='bbox 287 1257 344 1315; x_wconf 84' lang='grc' dir='ltr'>ἶσαι</span> <span class='ocrx_word' id='word_1_123' title='bbox 354 1259 432 1319; x_wconf 80' lang='grc' dir='ltr'>εἰσίν.</span> <span class='ocrx_word' id='word_1_124' title='bbox 928 1267 1118 1349; x_wconf 77' lang='grc' dir='ltr'>ύπερόάλλειν·</span> <span class='ocrx_word' id='word_1_125' title='bbox 1133 1268 1195 1329; x_wconf 85' lang='grc' dir='ltr'>όταν</span> <span class='ocrx_word' id='word_1_126' title='bbox 1209 1269 1236 1329; x_wconf 77' lang='grc' dir='ltr'>δδ</span> <span class='ocrx_word' id='word_1_127' title='bbox 1252 1271 1364 1331; x_wconf 81' lang='grc' dir='ltr'>ἔλασσον</span> <span class='ocrx_word' id='word_1_128' title='bbox 1378 1275 1469 1340; x_wconf 81' lang='grc' dir='ltr'>ώςτοῢ</span> <span class='ocrx_word' id='word_1_129' title='bbox 1482 1275 1582 1354; x_wconf 86' lang='grc' dir='ltr'>χωρίου</span> <span class='ocrx_word' id='word_1_130' title='bbox 1597 1280 1711 1360; x_wconf 82' lang='grc' dir='ltr'>γραρίν·</span> 
     </span>
     <span class='ocr_line' id='line_1_11' title="bbox 137 1343 1609 1443; baseline 0.014 -40"><span class='ocrx_word' id='word_1_131' title='bbox 137 1344 285 1423; x_wconf 78' lang='lat' dir='ltr'>(Euclides</span> <span class='ocrx_word' id='word_1_132' title='bbox 305 1343 331 1419; x_wconf 84' lang='lat' dir='ltr'>l,</span> <span class='ocrx_word' id='word_1_133' title='bbox 354 1347 402 1406; x_wconf 76' lang='lat'>32.</span> <span class='ocrx_word' id='word_1_134' title='bbox 428 1347 546 1406; x_wconf 87' lang='lat' dir='ltr'>Procius</span> <span class='ocrx_word' id='word_1_135' title='bbox 568 1367 596 1426; x_wconf 91' lang='lat' dir='ltr'>p.</span> <span class='ocrx_word' id='word_1_136' title='bbox 614 1369 652 1427; x_wconf 81' lang='lat'>99</span> <span class='ocrx_word' id='word_1_137' title='bbox 676 1347 803 1429; x_wconf 82' lang='grc' dir='ltr'>Εὔδημος</span> <span class='ocrx_word' id='word_1_138' title='bbox 827 1350 855 1411; x_wconf 82' lang='grc' dir='ltr'>δὲ</span> <span class='ocrx_word' id='word_1_139' title='bbox 869 1355 883 1412; x_wconf 82' lang='grc' dir='ltr'>δ</span> <span class='ocrx_word' id='word_1_140' title='bbox 928 1381 971 1426; x_wconf 93' lang='grc' dir='ltr'>τος</span> <span class='ocrx_word' id='word_1_141' title='bbox 986 1351 1053 1418; x_wconf 76' lang='grc' dir='ltr'>εἶναί</span> <span class='ocrx_word' id='word_1_142' title='bbox 1067 1383 1092 1418; x_wconf 92' lang='grc' dir='ltr'>τι</span> <span class='ocrx_word' id='word_1_143' title='bbox 1104 1363 1151 1432; x_wconf 77' lang='grc' dir='ltr'>τῆς</span> <span class='ocrx_word' id='word_1_144' title='bbox 1166 1360 1265 1428; x_wconf 83' lang='grc' dir='ltr'>εὐθείας</span> <span class='ocrx_word' id='word_1_145' title='bbox 1280 1360 1367 1436; x_wconf 79' lang='grc' dir='ltr'>ἐκτός,</span> <span class='ocrx_word' id='word_1_146' title='bbox 1382 1362 1440 1422; x_wconf 87' lang='grc' dir='ltr'>τότε</span> <span class='ocrx_word' id='word_1_147' title='bbox 1454 1363 1609 1443; x_wconf 76' lang='grc' dir='ltr'>ἐκλείπειν.)</span> 
     </span>
     <span class='ocr_line' id='line_1_12' title="bbox 98 1433 1648 1536; baseline 0.011 -40"><span class='ocrx_word' id='word_1_148' title='bbox 98 1433 314 1512; x_wconf 70' lang='grc' dir='ltr'>Περιπατητικός</span> <span class='ocrx_word' id='word_1_149' title='bbox 331 1435 366 1502; x_wconf 77' lang='grc' dir='ltr'>εἰς</span> <span class='ocrx_word' id='word_1_150' title='bbox 380 1433 440 1501; x_wconf 80' lang='grc' dir='ltr'>τοὺς</span> <span class='ocrx_word' id='word_1_151' title='bbox 454 1437 649 1518; x_wconf 86' lang='grc' dir='ltr'>Πυθαγορείους</span> <span class='ocrx_word' id='word_1_152' title='bbox 662 1437 813 1513; x_wconf 81' lang='grc' dir='ltr'>ἀναπέμπει</span> <span class='ocrx_word' id='word_1_153' title='bbox 833 1440 882 1512; x_wconf 82' lang='grc' dir='ltr'>τὴν</span> <span class='ocrx_word' id='word_1_154' title='bbox 968 1468 1003 1508; x_wconf 78' lang='lat' dir='ltr'>oo.</span> <span class='ocrx_word' id='word_1_155' title='bbox 1029 1446 1064 1508; x_wconf 86' lang='lat' dir='ltr'>‘H</span> <span class='ocrx_word' id='word_1_156' title='bbox 1082 1447 1210 1529; x_wconf 84' lang='grc' dir='ltr'>Ἀρχύτου</span> <span class='ocrx_word' id='word_1_157' title='bbox 1220 1449 1333 1530; x_wconf 80' lang='grc' dir='ltr'>εὕρεσις,</span> <span class='ocrx_word' id='word_1_158' title='bbox 1350 1454 1385 1518; x_wconf 81' lang='grc' dir='ltr'>ὣς</span> <span class='ocrx_word' id='word_1_159' title='bbox 1401 1451 1526 1530; x_wconf 84' lang='grc' dir='ltr'>Εὔδημος</span> <span class='ocrx_word' id='word_1_160' title='bbox 1540 1455 1648 1536; x_wconf 76' lang='grc' dir='ltr'>ἱστορεῖ.</span> 
     </span>
     <span class='ocr_line' id='line_1_13' title="bbox 97 1523 1711 1621; baseline 0.005 -26"><span class='ocrx_word' id='word_1_161' title='bbox 97 1526 173 1584; x_wconf 62' lang='grc' dir='ltr'>τοῦδε</span> <span class='ocrx_word' id='word_1_162' title='bbox 196 1528 244 1582; x_wconf 62' lang='grc' dir='ltr'>τοῦ</span> <span class='ocrx_word' id='word_1_163' title='bbox 265 1524 433 1602; x_wconf 46' lang='lat' dir='ltr'>liuditum</span> <span class='ocrx_word' id='word_1_164' title='bbox 458 1523 574 1603; x_wconf 66' lang='grc' dir='ltr'>Εόρῑσῑν,</span> <span class='ocrx_word' id='word_1_165' title='bbox 600 1527 787 1608; x_wconf 61' lang='lat' dir='ltr'>&amp;multumt</span> <span class='ocrx_word' id='word_1_166' title='bbox 810 1527 882 1587; x_wconf 70' lang='grc' dir='ltr'>ἅπαν</span> <span class='ocrx_word' id='word_1_167' title='bbox 969 1539 979 1615; x_wconf 88' lang='grc'>(</span> <span class='ocrx_word' id='word_1_168' title='bbox 987 1537 1124 1596; x_wconf 88' lang='lat' dir='ltr'>Eutocius</span> <span class='ocrx_word' id='word_1_169' title='bbox 1134 1539 1166 1596; x_wconf 92' lang='lat' dir='ltr'>in</span> <span class='ocrx_word' id='word_1_170' title='bbox 1183 1539 1348 1598; x_wconf 75' lang='lat' dir='ltr'>hrclrimed.</span> <span class='ocrx_word' id='word_1_171' title='bbox 1362 1540 1398 1598; x_wconf 92' lang='lat' dir='ltr'>de</span> <span class='ocrx_word' id='word_1_172' title='bbox 1411 1541 1524 1620; x_wconf 86' lang='lat' dir='ltr'>sphaera</span> <span class='ocrx_word' id='word_1_173' title='bbox 1537 1556 1564 1600; x_wconf 86' lang='lat' dir='ltr'>et</span> <span class='ocrx_word' id='word_1_174' title='bbox 1575 1543 1711 1621; x_wconf 85' lang='lat' dir='ltr'>cylindro</span> 
     </span>
     <span class='ocr_line' id='line_1_14' title="bbox 96 1610 1630 1709; baseline 0.005 -37"><span class='ocrx_word' id='word_1_175' title='bbox 96 1612 172 1672; x_wconf 79' lang='grc' dir='ltr'>δυοῖν</span> <span class='ocrx_word' id='word_1_176' title='bbox 187 1614 273 1692; x_wconf 78' lang='grc' dir='ltr'>ὀρθαῖς</span> <span class='ocrx_word' id='word_1_177' title='bbox 284 1610 341 1679; x_wconf 83' lang='grc' dir='ltr'>’ίσας</span> <span class='ocrx_word' id='word_1_178' title='bbox 353 1611 408 1691; x_wconf 88' lang='grc' dir='ltr'>ἔχει</span> <span class='ocrx_word' id='word_1_179' title='bbox 421 1611 467 1680; x_wconf 89' lang='grc' dir='ltr'>τδις</span> <span class='ocrx_word' id='word_1_180' title='bbox 482 1613 552 1681; x_wconf 79' lang='grc' dir='ltr'>ἐντὸς</span> <span class='ocrx_word' id='word_1_181' title='bbox 572 1615 676 1692; x_wconf 76' lang='grc' dir='ltr'>γωνίας,</span> <span class='ocrx_word' id='word_1_182' title='bbox 693 1617 738 1676; x_wconf 82' lang='grc' dir='ltr'>καὶ</span> <span class='ocrx_word' id='word_1_183' title='bbox 753 1617 882 1677; x_wconf 84' lang='grc' dir='ltr'>δεικνύναι</span> <span class='ocrx_word' id='word_1_184' title='bbox 928 1625 982 1686; x_wconf 79' lang='lat' dir='ltr'>lib.</span> <span class='ocrx_word' id='word_1_185' title='bbox 1000 1626 1027 1684; x_wconf 90' lang='lat' dir='ltr'>ll</span> <span class='ocrx_word' id='word_1_186' title='bbox 1044 1647 1073 1705; x_wconf 77' lang='lat' dir='ltr'>p,</span> <span class='ocrx_word' id='word_1_187' title='bbox 1092 1648 1127 1704; x_wconf 83' lang='lat'>¹9</span> <span class='ocrx_word' id='word_1_188' title='bbox 1146 1627 1193 1688; x_wconf 83' lang='lat' dir='ltr'>ed,</span> <span class='ocrx_word' id='word_1_189' title='bbox 1212 1628 1318 1702; x_wconf 80' lang='lat' dir='ltr'>Basil.;</span> <span class='ocrx_word' id='word_1_190' title='bbox 1334 1649 1363 1708; x_wconf 75' lang='lat' dir='ltr'>p,</span> <span class='ocrx_word' id='word_1_191' title='bbox 1383 1632 1438 1700; x_wconf 73' lang='lat'>143</span> <span class='ocrx_word' id='word_1_192' title='bbox 1456 1632 1503 1690; x_wconf 78' lang='lat' dir='ltr'>ed,</span> <span class='ocrx_word' id='word_1_193' title='bbox 1520 1631 1630 1709; x_wconf 53' lang='grc' dir='ltr'>Οχοῃγ</span> 
     </span>
     <span class='ocr_line' id='line_1_15' title="bbox 96 1699 1712 1803; baseline 0.012 -43"><span class='ocrx_word' id='word_1_194' title='bbox 96 1702 177 1782; x_wconf 79' lang='grc' dir='ltr'>φησὶν</span> <span class='ocrx_word' id='word_1_195' title='bbox 193 1699 285 1769; x_wconf 80' lang='grc' dir='ltr'>αὐτούς</span> <span class='ocrx_word' id='word_1_196' title='bbox 296 1701 363 1760; x_wconf 78' lang='grc' dir='ltr'>οὕτω</span> <span class='ocrx_word' id='word_1_197' title='bbox 375 1702 405 1760; x_wconf 86' lang='grc' dir='ltr'>τὸ</span> <span class='ocrx_word' id='word_1_198' title='bbox 418 1701 607 1784; x_wconf 85' lang='grc' dir='ltr'>προκείμενον·</span> <span class='ocrx_word' id='word_1_199' title='bbox 628 1730 639 1758; x_wconf 88' lang='grc' dir='ltr'>ιι</span> <span class='ocrx_word' id='word_1_200' title='bbox 661 1703 729 1764; x_wconf 81' lang='grc' dir='ltr'>ἔστω</span> <span class='ocrx_word' id='word_1_201' title='bbox 750 1705 880 1786; x_wconf 88' lang='grc' dir='ltr'>τρίγωνον</span> <span class='ocrx_word' id='word_1_202' title='bbox 967 1735 1004 1774; x_wconf 86' lang='grc' dir='ltr'>οι.</span> <span class='ocrx_word' id='word_1_203' title='bbox 1028 1713 1079 1788; x_wconf 63' lang='lat' dir='ltr'>Eis]</span> <span class='ocrx_word' id='word_1_204' title='bbox 1095 1716 1118 1773; x_wconf 92' lang='grc' dir='ltr'>δ’</span> <span class='ocrx_word' id='word_1_205' title='bbox 1139 1713 1169 1774; x_wconf 75' lang='grc' dir='ltr'>ἂν</span> <span class='ocrx_word' id='word_1_206' title='bbox 1194 1719 1229 1783; x_wconf 84' lang='grc' dir='ltr'>ώς</span> <span class='ocrx_word' id='word_1_207' title='bbox 1247 1717 1313 1796; x_wconf 80' lang='grc' dir='ltr'>πρὸς</span> <span class='ocrx_word' id='word_1_208' title='bbox 1331 1716 1362 1778; x_wconf 83' lang='grc' dir='ltr'>τὸ</span> <span class='ocrx_word' id='word_1_209' title='bbox 1381 1719 1553 1799; x_wconf 89' lang='grc' dir='ltr'>προκείμενον</span> <span class='ocrx_word' id='word_1_210' title='bbox 1572 1723 1663 1803; x_wconf 75' lang='grc' dir='ltr'>ἔρεξῆς</span> <span class='ocrx_word' id='word_1_211' title='bbox 1681 1725 1712 1784; x_wconf 76' lang='lat' dir='ltr'>rh</span> 
     </span>
     <span class='ocr_line' id='line_1_16' title="bbox 94 1788 1708 1891; baseline 0.007 -31"><span class='ocrx_word' id='word_1_212' title='bbox 94 1791 127 1849; x_wconf 68' lang='grc' dir='ltr'>τὸ</span> <span class='ocrx_word' id='word_1_213' title='bbox 147 1790 199 1868; x_wconf 58' lang='lat' dir='ltr'>“Gi</span> <span class='ocrx_word' id='word_1_214' title='bbox 217 1788 262 1848; x_wconf 64' lang='grc' dir='ltr'>καί</span> <span class='ocrx_word' id='word_1_215' title='bbox 274 1788 348 1870; x_wconf 71' lang='grc' dir='ltr'>ἤχθω</span> <span class='ocrx_word' id='word_1_216' title='bbox 365 1789 410 1850; x_wconf 62' lang='lat' dir='ltr'>llll</span> <span class='ocrx_word' id='word_1_217' title='bbox 424 1797 501 1850; x_wconf 59' lang='lat'>²05²</span> <span class='ocrx_word' id='word_1_218' title='bbox 521 1797 554 1870; x_wconf 68' lang='grc' dir='ltr'>τῇ</span> <span class='ocrx_word' id='word_1_219' title='bbox 575 1791 610 1871; x_wconf 62' lang='grc' dir='ltr'>ὅθ</span> <span class='ocrx_word' id='word_1_220' title='bbox 625 1795 796 1873; x_wconf 67' lang='grc' dir='ltr'>παράλληλος</span> <span class='ocrx_word' id='word_1_221' title='bbox 812 1797 880 1866; x_wconf 72' lang='grc' dir='ltr'>ἣδε·</span> <span class='ocrx_word' id='word_1_222' title='bbox 927 1804 1109 1885; x_wconf 81' lang='grc' dir='ltr'>γεγραμμένον</span> <span class='ocrx_word' id='word_1_223' title='bbox 1133 1803 1280 1886; x_wconf 77' lang='grc' dir='ltr'>Ἀρχιμήδη</span> <span class='ocrx_word' id='word_1_224' title='bbox 1310 1805 1438 1884; x_wconf 80' lang='grc' dir='ltr'>βιύλίδιον</span> <span class='ocrx_word' id='word_1_225' title='bbox 1467 1809 1564 1868; x_wconf 84' lang='grc' dir='ltr'>κύκλου</span> <span class='ocrx_word' id='word_1_226' title='bbox 1581 1809 1708 1891; x_wconf 77' lang='grc' dir='ltr'>μέτρησιν</span> 
     </span>
     <span class='ocr_line' id='line_1_17' title="bbox 97 1867 1711 1981; baseline 0.003 -44"><span class='ocrx_word' id='word_1_227' title='bbox 97 1875 176 1937; x_wconf 82' lang='grc' dir='ltr'>Ἐπεί</span> <span class='ocrx_word' id='word_1_228' title='bbox 191 1867 236 1935; x_wconf 82' lang='grc' dir='ltr'>ούν</span> <span class='ocrx_word' id='word_1_229' title='bbox 251 1876 421 1957; x_wconf 86' lang='grc' dir='ltr'>παράλληλοί</span> <span class='ocrx_word' id='word_1_230' title='bbox 438 1881 503 1937; x_wconf 72' lang='grc' dir='ltr'>εἰσιν</span> <span class='ocrx_word' id='word_1_231' title='bbox 519 1882 547 1937; x_wconf 81' lang='grc' dir='ltr'>αἱ</span> <span class='ocrx_word' id='word_1_232' title='bbox 566 1883 601 1960; x_wconf 87' lang='grc' dir='ltr'>βγ</span> <span class='ocrx_word' id='word_1_233' title='bbox 616 1881 644 1939; x_wconf 91' lang='grc' dir='ltr'>δε</span> <span class='ocrx_word' id='word_1_234' title='bbox 664 1881 711 1940; x_wconf 85' lang='grc' dir='ltr'>καὶ</span> <span class='ocrx_word' id='word_1_235' title='bbox 727 1883 754 1939; x_wconf 77' lang='grc' dir='ltr'>αἱ</span> <span class='ocrx_word' id='word_1_236' title='bbox 771 1881 882 1951; x_wconf 77' lang='grc' dir='ltr'>ἐναλλὰξ</span> <span class='ocrx_word' id='word_1_237' title='bbox 926 1895 973 1965; x_wconf 59' lang='grc' dir='ltr'>τήν</span> <span class='ocrx_word' id='word_1_238' title='bbox 995 1893 1141 1975; x_wconf 64' lang='grc' dir='ltr'>ἐπιγραφὴν</span> <span class='ocrx_word' id='word_1_239' title='bbox 1163 1895 1238 1974; x_wconf 62' lang='grc' dir='ltr'>ἕχον,</span> <span class='ocrx_word' id='word_1_240' title='bbox 1258 1897 1284 1954; x_wconf 61' lang='grc' dir='ltr'>ἐν</span> <span class='ocrx_word' id='word_1_241' title='bbox 1304 1887 1326 1976; x_wconf 70' lang='grc' dir='ltr'>ᾧ</span> <span class='ocrx_word' id='word_1_242' title='bbox 1344 1897 1392 1968; x_wconf 60' lang='grc' dir='ltr'>τὴν</span> <span class='ocrx_word' id='word_1_243' title='bbox 1414 1897 1536 1978; x_wconf 60' lang='grc' dir='ltr'>πρόθεση,</span> <span class='ocrx_word' id='word_1_244' title='bbox 1557 1901 1665 1981; x_wconf 61' lang='grc' dir='ltr'>,ἀνδρὸς</span> <span class='ocrx_word' id='word_1_245' title='bbox 1685 1901 1711 1970; x_wconf 66' lang='grc' dir='ltr'>ἐξ</span> 
     </span>
     <span class='ocr_line' id='line_1_18' title="bbox 95 1963 1711 2072; baseline 0.014 -47"><span class='ocrx_word' id='word_1_246' title='bbox 95 1965 154 2025; x_wconf 83' lang='grc' dir='ltr'>ίσαι</span> <span class='ocrx_word' id='word_1_247' title='bbox 166 1964 243 2044; x_wconf 81' lang='grc' dir='ltr'>εἰσίν,</span> <span class='ocrx_word' id='word_1_248' title='bbox 255 1963 301 2039; x_wconf 85' lang='grc' dir='ltr'>ίση</span> <span class='ocrx_word' id='word_1_249' title='bbox 321 1965 405 2046; x_wconf 81' lang='grc' dir='ltr'>άραή</span> <span class='ocrx_word' id='word_1_250' title='bbox 426 1966 473 2044; x_wconf 80' lang='grc' dir='ltr'>μὲν</span> <span class='ocrx_word' id='word_1_251' title='bbox 488 1967 538 2026; x_wconf 78' lang='grc' dir='ltr'>ὑπὸ</span> <span class='ocrx_word' id='word_1_252' title='bbox 554 1967 606 2028; x_wconf 80' lang='grc' dir='ltr'>δαό</span> <span class='ocrx_word' id='word_1_253' title='bbox 621 1972 654 2048; x_wconf 84' lang='grc' dir='ltr'>τῇ</span> <span class='ocrx_word' id='word_1_254' title='bbox 669 1968 719 2028; x_wconf 78' lang='grc' dir='ltr'>ὑπὸ</span> <span class='ocrx_word' id='word_1_255' title='bbox 735 1969 797 2047; x_wconf 80' lang='grc' dir='ltr'>αόγ,</span> <span class='ocrx_word' id='word_1_256' title='bbox 817 1975 833 2042; x_wconf 84' lang='grc' dir='ltr'>ἡ</span> <span class='ocrx_word' id='word_1_257' title='bbox 854 1971 881 2030; x_wconf 83' lang='grc' dir='ltr'>δὲ</span> <span class='ocrx_word' id='word_1_258' title='bbox 928 1985 1007 2056; x_wconf 65' lang='grc' dir='ltr'>αὐτῆς</span> <span class='ocrx_word' id='word_1_259' title='bbox 1030 1989 1076 2054; x_wconf 73' lang='grc' dir='ltr'>τῆς</span> <span class='ocrx_word' id='word_1_260' title='bbox 1103 1987 1248 2067; x_wconf 70' lang='grc' dir='ltr'>ἐπιγραφῆς</span> <span class='ocrx_word' id='word_1_261' title='bbox 1273 1985 1444 2066; x_wconf 82' lang='grc' dir='ltr'>γνωρίζομεν.</span> <span class='ocrx_word' id='word_1_262' title='bbox 1501 1988 1631 2050; x_wconf 84' lang='grc' dir='ltr'>Βούλεται</span> <span class='ocrx_word' id='word_1_263' title='bbox 1658 1994 1711 2072; x_wconf 78' lang='grc' dir='ltr'>γὰρ</span> 
     </span>
     <span class='ocr_line' id='line_1_19' title="bbox 97 2055 1712 2158; baseline 0.006 -30"><span class='ocrx_word' id='word_1_264' title='bbox 97 2055 148 2114; x_wconf 70' lang='lat' dir='ltr'>tri</span> <span class='ocrx_word' id='word_1_265' title='bbox 169 2078 217 2134; x_wconf 66' lang='lat' dir='ltr'>‘ili</span> <span class='ocrx_word' id='word_1_266' title='bbox 235 2059 269 2137; x_wconf 58' lang='grc' dir='ltr'>τῇ</span> <span class='ocrx_word' id='word_1_267' title='bbox 288 2056 339 2114; x_wconf 58' lang='grc' dir='ltr'>ὕπὸ</span> <span class='ocrx_word' id='word_1_268' title='bbox 355 2057 418 2137; x_wconf 57' lang='grc' dir='ltr'>αἵθ·</span> <span class='ocrx_word' id='word_1_269' title='bbox 462 2057 546 2129; x_wconf 61' lang='grc' dir='ltr'>Κοινὴ</span> <span class='ocrx_word' id='word_1_270' title='bbox 561 2057 740 2138; x_wconf 58' lang='grc' dir='ltr'>προκείσθωὴ</span> <span class='ocrx_word' id='word_1_271' title='bbox 760 2058 810 2120; x_wconf 66' lang='grc' dir='ltr'>ὑπὸ</span> <span class='ocrx_word' id='word_1_272' title='bbox 832 2061 882 2138; x_wconf 69' lang='grc' dir='ltr'>βδγ</span> <span class='ocrx_word' id='word_1_273' title='bbox 928 2073 1066 2150; x_wconf 79' lang='grc' dir='ltr'>ἐπιδεῖξαι,</span> <span class='ocrx_word' id='word_1_274' title='bbox 1079 2072 1130 2133; x_wconf 90' lang='grc' dir='ltr'>τίνι</span> <span class='ocrx_word' id='word_1_275' title='bbox 1142 2072 1234 2154; x_wconf 83' lang='grc' dir='ltr'>χωρίῳ</span> <span class='ocrx_word' id='word_1_276' title='bbox 1245 2075 1426 2158; x_wconf 80' lang='grc' dir='ltr'>εὐθυγράμμῳ</span> <span class='ocrx_word' id='word_1_277' title='bbox 1440 2074 1495 2143; x_wconf 89' lang='grc' dir='ltr'>ίσος</span> <span class='ocrx_word' id='word_1_278' title='bbox 1510 2075 1542 2134; x_wconf 81' lang='grc' dir='ltr'>θν</span> <span class='ocrx_word' id='word_1_279' title='bbox 1555 2078 1595 2150; x_wconf 85' lang='grc' dir='ltr'>εἴη</span> <span class='ocrx_word' id='word_1_280' title='bbox 1608 2075 1712 2155; x_wconf 83' lang='grc' dir='ltr'>κύκλος,</span> 
     </span>
     <span class='ocr_line' id='line_1_20' title="bbox 98 2143 1712 2248; baseline 0.003 -28"><span class='ocrx_word' id='word_1_281' title='bbox 98 2145 169 2225; x_wconf 68' lang='grc' dir='ltr'>ίίθίζ·</span> <span class='ocrx_word' id='word_1_282' title='bbox 186 2146 267 2222; x_wconf 55' lang='lat' dir='ltr'>lail-</span> <span class='ocrx_word' id='word_1_283' title='bbox 311 2145 349 2206; x_wconf 67' lang='lat' dir='ltr'>Al</span> <span class='ocrx_word' id='word_1_284' title='bbox 365 2144 417 2224; x_wconf 64' lang='grc' dir='ltr'>ἄρα</span> <span class='ocrx_word' id='word_1_285' title='bbox 430 2143 481 2203; x_wconf 63' lang='grc' dir='ltr'>ὑπὸ</span> <span class='ocrx_word' id='word_1_286' title='bbox 496 2145 547 2204; x_wconf 68' lang='lat'>⁸⁰¹3</span> <span class='ocrx_word' id='word_1_287' title='bbox 563 2146 685 2225; x_wconf 64' lang='grc' dir='ltr'>ὅαῖγαῑι</span> <span class='ocrx_word' id='word_1_288' title='bbox 701 2145 881 2221; x_wconf 62' lang='grc' dir='ltr'>τοῦθ’ἔστῑνῆ</span> <span class='ocrx_word' id='word_1_289' title='bbox 926 2171 1038 2244; x_wconf 78' lang='grc' dir='ltr'>πρᾶγμα</span> <span class='ocrx_word' id='word_1_290' title='bbox 1062 2161 1146 2222; x_wconf 88' lang='grc' dir='ltr'>πάλαι</span> <span class='ocrx_word' id='word_1_291' title='bbox 1170 2161 1234 2244; x_wconf 82' lang='grc' dir='ltr'>πρὸς</span> <span class='ocrx_word' id='word_1_292' title='bbox 1256 2167 1307 2222; x_wconf 85' lang='grc' dir='ltr'>τῶν</span> <span class='ocrx_word' id='word_1_293' title='bbox 1330 2163 1381 2244; x_wconf 83' lang='grc' dir='ltr'>πρδ</span> <span class='ocrx_word' id='word_1_294' title='bbox 1403 2167 1484 2224; x_wconf 69' lang='grc' dir='ltr'>αὐτοῦ</span> <span class='ocrx_word' id='word_1_295' title='bbox 1506 2167 1616 2224; x_wconf 87' lang='grc' dir='ltr'>κλεινῶν</span> <span class='ocrx_word' id='word_1_296' title='bbox 1639 2169 1712 2248; x_wconf 81' lang='grc' dir='ltr'>φιλο-</span> 
     </span>
     <span class='ocr_line' id='line_1_21' title="bbox 98 2231 1713 2333; baseline 0.014 -42"><span class='ocrx_word' id='word_1_297' title='bbox 98 2233 152 2291; x_wconf 72' lang='lat' dir='ltr'>eri&gt;</span> <span class='ocrx_word' id='word_1_298' title='bbox 167 2231 219 2290; x_wconf 79' lang='grc' dir='ltr'>δαθ</span> <span class='ocrx_word' id='word_1_299' title='bbox 238 2235 297 2312; x_wconf 89' lang='grc' dir='ltr'>βαε,</span> <span class='ocrx_word' id='word_1_300' title='bbox 311 2235 381 2294; x_wconf 77' lang='grc' dir='ltr'>τοῦτ’</span> <span class='ocrx_word' id='word_1_301' title='bbox 394 2231 465 2292; x_wconf 71' lang='grc' dir='ltr'>ἔστιν</span> <span class='ocrx_word' id='word_1_302' title='bbox 480 2236 507 2293; x_wconf 83' lang='grc' dir='ltr'>αἱ</span> <span class='ocrx_word' id='word_1_303' title='bbox 524 2234 569 2294; x_wconf 90' lang='grc' dir='ltr'>δύο</span> <span class='ocrx_word' id='word_1_304' title='bbox 584 2235 657 2316; x_wconf 77' lang='grc' dir='ltr'>ὀρθαὶ</span> <span class='ocrx_word' id='word_1_305' title='bbox 672 2233 729 2294; x_wconf 87' lang='grc' dir='ltr'>ίσαι</span> <span class='ocrx_word' id='word_1_306' title='bbox 742 2235 808 2296; x_wconf 74' lang='grc' dir='ltr'>εἰσίν</span> <span class='ocrx_word' id='word_1_307' title='bbox 825 2238 882 2305; x_wconf 89' lang='grc' dir='ltr'>ταῖς</span> <span class='ocrx_word' id='word_1_308' title='bbox 928 2255 1014 2332; x_wconf 65' lang='grc' dir='ltr'>σόῳων</span> <span class='ocrx_word' id='word_1_309' title='bbox 1038 2250 1209 2330; x_wconf 77' lang='grc' dir='ltr'>ἐζητημένον.</span> <span class='ocrx_word' id='word_1_310' title='bbox 1253 2255 1341 2324; x_wconf 79' lang='grc' dir='ltr'>Δῆλον</span> <span class='ocrx_word' id='word_1_311' title='bbox 1355 2253 1407 2333; x_wconf 78' lang='grc' dir='ltr'>γὰρ</span> <span class='ocrx_word' id='word_1_312' title='bbox 1423 2253 1463 2312; x_wconf 85' lang='grc' dir='ltr'>ὅτι</span> <span class='ocrx_word' id='word_1_313' title='bbox 1481 2252 1554 2312; x_wconf 79' lang='grc' dir='ltr'>τουτὶ</span> <span class='ocrx_word' id='word_1_314' title='bbox 1570 2253 1601 2312; x_wconf 80' lang='grc' dir='ltr'>δν</span> <span class='ocrx_word' id='word_1_315' title='bbox 1623 2254 1665 2328; x_wconf 83' lang='grc' dir='ltr'>εἴη</span> <span class='ocrx_word' id='word_1_316' title='bbox 1682 2256 1713 2315; x_wconf 88' lang='grc' dir='ltr'>τδ</span> 
     </span>
     <span class='ocr_line' id='line_1_22' title="bbox 95 2319 1711 2424; baseline -0.011 -42"><span class='ocrx_word' id='word_1_317' title='bbox 95 2327 145 2382; x_wconf 79' lang='grc' dir='ltr'>τοῦ</span> <span class='ocrx_word' id='word_1_318' title='bbox 161 2319 214 2398; x_wconf 78' lang='grc' dir='ltr'>αθγ</span> <span class='ocrx_word' id='word_1_319' title='bbox 232 2319 358 2402; x_wconf 82' lang='grc' dir='ltr'>τριγώνου</span> <span class='ocrx_word' id='word_1_320' title='bbox 376 2323 462 2403; x_wconf 81' lang='grc' dir='ltr'>τρισὶν</span> <span class='ocrx_word' id='word_1_321' title='bbox 477 2321 595 2404; x_wconf 89' lang='grc' dir='ltr'>γωνίαις.</span> <span class='ocrx_word' id='word_1_322' title='bbox 639 2326 675 2384; x_wconf 78' lang='lat' dir='ltr'>At</span> <span class='ocrx_word' id='word_1_323' title='bbox 695 2323 746 2403; x_wconf 78' lang='lat' dir='ltr'>tipo</span> <span class='ocrx_word' id='word_1_324' title='bbox 758 2328 826 2404; x_wconf 83' lang='grc' dir='ltr'>τρεῖς</span> <span class='ocrx_word' id='word_1_325' title='bbox 837 2334 882 2387; x_wconf 79' lang='grc' dir='ltr'>τοῦ</span> <span class='ocrx_word' id='word_1_326' title='bbox 927 2340 1095 2419; x_wconf 41' lang='lat' dir='ltr'>(mmm</span> <span class='ocrx_word' id='word_1_327' title='bbox 1110 2341 1175 2420; x_wconf 61' lang='grc' dir='ltr'>ὅπερ</span> <span class='ocrx_word' id='word_1_328' title='bbox 1190 2341 1368 2420; x_wconf 59' lang='grc' dir='ltr'>’[πποκρχτης</span> <span class='ocrx_word' id='word_1_329' title='bbox 1378 2346 1432 2400; x_wconf 52' lang='grc' dir='ltr'>,ιδ</span> <span class='ocrx_word' id='word_1_330' title='bbox 1447 2343 1511 2410; x_wconf 58' lang='grc' dir='ltr'>Χῖος</span> <span class='ocrx_word' id='word_1_331' title='bbox 1524 2341 1571 2401; x_wconf 61' lang='grc' dir='ltr'>καὶ</span> <span class='ocrx_word' id='word_1_332' title='bbox 1585 2340 1711 2424; x_wconf 49' lang='grc' dir='ltr'>Ἀντιφῶν</span> 
     </span>
     <span class='ocr_line' id='line_1_23' title="bbox 94 2405 1712 2511; baseline 0.006 -42"><span class='ocrx_word' id='word_1_333' title='bbox 94 2408 223 2490; x_wconf 70' lang='grc' dir='ltr'>τριγώνου</span> <span class='ocrx_word' id='word_1_334' title='bbox 239 2410 310 2468; x_wconf 72' lang='grc' dir='ltr'>δυσίν</span> <span class='ocrx_word' id='word_1_335' title='bbox 330 2413 418 2492; x_wconf 67' lang='grc' dir='ltr'>ὀρθαῖς</span> <span class='ocrx_word' id='word_1_336' title='bbox 436 2415 501 2472; x_wconf 75' lang='grc' dir='ltr'>Εῖσῑν</span> <span class='ocrx_word' id='word_1_337' title='bbox 519 2411 587 2474; x_wconf 74' lang='lat' dir='ltr'>loct.</span> <span class='ocrx_word' id='word_1_338' title='bbox 608 2412 756 2487; x_wconf 63' lang='grc' dir='ltr'>θΤΟΙαύτη</span> <span class='ocrx_word' id='word_1_339' title='bbox 773 2413 820 2491; x_wconf 65' lang='grc' dir='ltr'>μὲν</span> <span class='ocrx_word' id='word_1_340' title='bbox 836 2405 881 2475; x_wconf 58' lang='lat' dir='ltr'>oili</span> <span class='ocrx_word' id='word_1_341' title='bbox 928 2430 1089 2502; x_wconf 67' lang='grc' dir='ltr'>ζητήσαντες</span> <span class='ocrx_word' id='word_1_342' title='bbox 1118 2429 1252 2504; x_wconf 68' lang='grc' dir='ltr'>ἐπιμελῶς</span> <span class='ocrx_word' id='word_1_343' title='bbox 1275 2429 1387 2497; x_wconf 67' lang='grc' dir='ltr'>ἐχεήνους</span> <span class='ocrx_word' id='word_1_344' title='bbox 1415 2431 1479 2507; x_wconf 61' lang='grc' dir='ltr'>ἡμῖν</span> <span class='ocrx_word' id='word_1_345' title='bbox 1504 2429 1564 2498; x_wconf 63' lang='grc' dir='ltr'>τοὺς</span> <span class='ocrx_word' id='word_1_346' title='bbox 1584 2433 1712 2511; x_wconf 72' lang='grc' dir='ltr'>παραλο-</span> 
     </span>
     <span class='ocr_line' id='line_1_24' title="bbox 93 2503 1712 2599; baseline 0.004 -24"><span class='ocrx_word' id='word_1_347' title='bbox 93 2503 141 2563; x_wconf 60' lang='lat' dir='ltr'>*fil</span> <span class='ocrx_word' id='word_1_348' title='bbox 158 2507 175 2575; x_wconf 70' lang='lat' dir='ltr'>‘l</span> <span class='ocrx_word' id='word_1_349' title='bbox 190 2506 243 2561; x_wconf 63' lang='lat' dir='ltr'>llll</span> <span class='ocrx_word' id='word_1_350' title='bbox 261 2505 446 2586; x_wconf 66' lang='grc' dir='ltr'>Πυθαγορείων</span> <span class='ocrx_word' id='word_1_351' title='bbox 462 2505 604 2576; x_wconf 51' lang='lat' dir='ltr'>&amp;illidit-</span> <span class='ocrx_word' id='word_1_352' title='bbox 927 2517 1036 2598; x_wconf 82' lang='grc' dir='ltr'>γισμοδς</span> <span class='ocrx_word' id='word_1_353' title='bbox 1051 2517 1208 2599; x_wconf 80' lang='grc' dir='ltr'>εὑρήκασιν,</span> <span class='ocrx_word' id='word_1_354' title='bbox 1223 2516 1267 2585; x_wconf 83' lang='grc' dir='ltr'>οθς</span> <span class='ocrx_word' id='word_1_355' title='bbox 1281 2518 1397 2599; x_wconf 79' lang='grc' dir='ltr'>ἀκριὸῶς</span> <span class='ocrx_word' id='word_1_356' title='bbox 1420 2519 1517 2580; x_wconf 77' lang='grc' dir='ltr'>εἰδέναι</span> <span class='ocrx_word' id='word_1_357' title='bbox 1536 2519 1634 2597; x_wconf 77' lang='grc' dir='ltr'>νομίζω</span> <span class='ocrx_word' id='word_1_358' title='bbox 1652 2522 1712 2590; x_wconf 88' lang='grc' dir='ltr'>τούς</span> 
     </span>
     <span class='ocr_line' id='line_1_25' title="bbox 927 2606 1712 2688; baseline 0.003 -20"><span class='ocrx_word' id='word_1_359' title='bbox 927 2632 956 2668; x_wconf 91' lang='grc' dir='ltr'>τε</span> <span class='ocrx_word' id='word_1_360' title='bbox 968 2609 1014 2680; x_wconf 81' lang='grc' dir='ltr'>τήν</span> <span class='ocrx_word' id='word_1_361' title='bbox 1029 2611 1156 2685; x_wconf 85' lang='grc' dir='ltr'>Εὐδήμου</span> <span class='ocrx_word' id='word_1_362' title='bbox 1172 2606 1354 2687; x_wconf 82' lang='grc' dir='ltr'>γεωμετρικὴν</span> <span class='ocrx_word' id='word_1_363' title='bbox 1365 2609 1484 2685; x_wconf 74' lang='grc' dir='ltr'>ἱστορίαν</span> <span class='ocrx_word' id='word_1_364' title='bbox 1500 2609 1712 2688; x_wconf 81' lang='grc' dir='ltr'>ἐπεσκεμμένους</span> 
     </span>
     <span class='ocr_line' id='line_1_26' title="bbox 928 2695 1579 2776; baseline -0.003 -20"><span class='ocrx_word' id='word_1_365' title='bbox 928 2697 972 2756; x_wconf 77' lang='grc' dir='ltr'>καί</span> <span class='ocrx_word' id='word_1_366' title='bbox 986 2701 1038 2754; x_wconf 90' lang='grc' dir='ltr'>τῶν</span> <span class='ocrx_word' id='word_1_367' title='bbox 1052 2695 1265 2776; x_wconf 80' lang='grc' dir='ltr'>Ἀριστοτελικῶν</span> <span class='ocrx_word' id='word_1_368' title='bbox 1279 2697 1458 2774; x_wconf 86' lang='grc' dir='ltr'>μετασχόντας</span> <span class='ocrx_word' id='word_1_369' title='bbox 1472 2697 1579 2775; x_wconf 85' lang='grc' dir='ltr'>Κηρίων</span> 
     </span>
     <span class='ocr_line' id='line_1_27' title="bbox 970 2784 1707 2865; baseline 0.009 -22"><span class='ocrx_word' id='word_1_370' title='bbox 970 2784 1128 2865; x_wconf 83' lang='grc' dir='ltr'>(Ειιῑοοῖυε</span> <span class='ocrx_word' id='word_1_371' title='bbox 1150 2789 1182 2844; x_wconf 90' lang='lat' dir='ltr'>in</span> <span class='ocrx_word' id='word_1_372' title='bbox 1204 2785 1374 2846; x_wconf 79' lang='lat' dir='ltr'>Archimed.</span> <span class='ocrx_word' id='word_1_373' title='bbox 1399 2786 1436 2845; x_wconf 90' lang='lat' dir='ltr'>de</span> <span class='ocrx_word' id='word_1_374' title='bbox 1457 2787 1561 2846; x_wconf 87' lang='lat' dir='ltr'>circuli</span> <span class='ocrx_word' id='word_1_375' title='bbox 1582 2787 1707 2849; x_wconf 84' lang='lat' dir='ltr'>diureus.</span> 
     </span>
     <span class='ocr_line' id='line_1_28' title="bbox 929 2880 1712 2961; baseline 0.001 -21"><span class='ocrx_word' id='word_1_376' title='bbox 929 2883 1009 2961; x_wconf 84' lang='lat' dir='ltr'>praef.</span> <span class='ocrx_word' id='word_1_377' title='bbox 1032 2902 1062 2960; x_wconf 89' lang='lat' dir='ltr'>p.</span> <span class='ocrx_word' id='word_1_378' title='bbox 1082 2889 1120 2958; x_wconf 73' lang='lat'>49</span> <span class='ocrx_word' id='word_1_379' title='bbox 1135 2880 1181 2940; x_wconf 86' lang='lat' dir='ltr'>ed.</span> <span class='ocrx_word' id='word_1_380' title='bbox 1197 2881 1264 2940; x_wconf 82' lang='lat' dir='ltr'>llus.</span> <span class='ocrx_word' id='word_1_381' title='bbox 1277 2900 1286 2952; x_wconf 73' lang='grc' dir='ltr'>ς</span> <span class='ocrx_word' id='word_1_382' title='bbox 1301 2901 1331 2959; x_wconf 90' lang='lat' dir='ltr'>p.</span> <span class='ocrx_word' id='word_1_383' title='bbox 1351 2889 1407 2949; x_wconf 75' lang='lat' dir='ltr'>eol</span> <span class='ocrx_word' id='word_1_384' title='bbox 1420 2881 1466 2941; x_wconf 90' lang='lat' dir='ltr'>ed.</span> <span class='ocrx_word' id='word_1_385' title='bbox 1483 2881 1578 2940; x_wconf 87' lang='lat' dir='ltr'>Oxon.</span> <span class='ocrx_word' id='word_1_386' title='bbox 1598 2880 1655 2940; x_wconf 88' lang='lat' dir='ltr'>Sed</span> <span class='ocrx_word' id='word_1_387' title='bbox 1676 2903 1712 2942; x_wconf 90' lang='lat' dir='ltr'>nc</span> 
     </span>
     <span class='ocr_line' id='line_1_29' title="bbox 928 2968 1712 3050; baseline -0.004 -20"><span class='ocrx_word' id='word_1_388' title='bbox 928 2971 995 3050; x_wconf 88' lang='lat' dir='ltr'>quis</span> <span class='ocrx_word' id='word_1_389' title='bbox 1018 2973 1050 3029; x_wconf 92' lang='lat' dir='ltr'>in</span> <span class='ocrx_word' id='word_1_390' title='bbox 1064 2969 1175 3028; x_wconf 86' lang='lat' dir='ltr'>ultimis</span> <span class='ocrx_word' id='word_1_391' title='bbox 1201 2968 1301 3028; x_wconf 86' lang='lat' dir='ltr'>verbis</span> <span class='ocrx_word' id='word_1_392' title='bbox 1323 2971 1375 3028; x_wconf 87' lang='grc' dir='ltr'>τῶν</span> <span class='ocrx_word' id='word_1_393' title='bbox 1397 2969 1614 3048; x_wconf 87' lang='grc' dir='ltr'>Ἀριστοτελικῶν</span> <span class='ocrx_word' id='word_1_394' title='bbox 1629 2993 1712 3046; x_wconf 87' lang='grc' dir='ltr'>μετα-</span> 
     </span>
     <span class='ocr_line' id='line_1_30' title="bbox 929 3057 1712 3139; baseline -0.001 -21"><span class='ocrx_word' id='word_1_395' title='bbox 929 3059 1040 3139; x_wconf 82' lang='grc' dir='ltr'>σχόντας</span> <span class='ocrx_word' id='word_1_396' title='bbox 1055 3057 1163 3138; x_wconf 84' lang='grc' dir='ltr'>Κηρίων</span> <span class='ocrx_word' id='word_1_397' title='bbox 1179 3057 1304 3133; x_wconf 84' lang='lat' dir='ltr'>hae1·eat‚</span> <span class='ocrx_word' id='word_1_398' title='bbox 1321 3058 1471 3117; x_wconf 81' lang='lat' dir='ltr'>sciendum</span> <span class='ocrx_word' id='word_1_399' title='bbox 1486 3073 1541 3132; x_wconf 86' lang='lat' dir='ltr'>est,</span> <span class='ocrx_word' id='word_1_400' title='bbox 1559 3059 1634 3118; x_wconf 87' lang='lat' dir='ltr'>nihil</span> <span class='ocrx_word' id='word_1_401' title='bbox 1657 3058 1712 3118; x_wconf 84' lang='lat' dir='ltr'>huc</span> 
     </span>
     <span class='ocr_line' id='line_1_31' title="bbox 928 3146 1712 3224; baseline 0 -18"><span class='ocrx_word' id='word_1_402' title='bbox 928 3149 1012 3206; x_wconf 88' lang='lat' dir='ltr'>titulo</span> <span class='ocrx_word' id='word_1_403' title='bbox 1026 3146 1207 3224; x_wconf 81' lang='lat' dir='ltr'>frequentius</span> <span class='ocrx_word' id='word_1_404' title='bbox 1225 3146 1303 3224; x_wconf 88' lang='lat' dir='ltr'>apud</span> <span class='ocrx_word' id='word_1_405' title='bbox 1321 3160 1434 3207; x_wconf 87' lang='lat' dir='ltr'>veteres</span> <span class='ocrx_word' id='word_1_406' title='bbox 1451 3148 1551 3208; x_wconf 84' lang='lat' dir='ltr'>fuisse.</span> <span class='ocrx_word' id='word_1_407' title='bbox 1596 3147 1712 3206; x_wconf 79' lang='lat' dir='ltr'>Gellius</span> 
     </span>
     <span class='ocr_line' id='line_1_32' title="bbox 135 3233 1712 3320; baseline -0.002 -21"><span class='ocrx_word' id='word_1_408' title='bbox 135 3260 172 3300; x_wconf 83' lang='lat' dir='ltr'>ss.</span> <span class='ocrx_word' id='word_1_409' title='bbox 199 3238 281 3320; x_wconf 86' lang='grc' dir='ltr'>Παρδι</span> <span class='ocrx_word' id='word_1_410' title='bbox 302 3236 350 3310; x_wconf 76' lang='grc' dir='ltr'>τήν</span> <span class='ocrx_word' id='word_1_411' title='bbox 376 3239 495 3298; x_wconf 88' lang='grc' dir='ltr'>δοθεῖσαν</span> <span class='ocrx_word' id='word_1_412' title='bbox 518 3241 619 3299; x_wconf 84' lang='grc' dir='ltr'>εὐθεῖαν</span> <span class='ocrx_word' id='word_1_413' title='bbox 640 3239 678 3318; x_wconf 83' lang='grc' dir='ltr'>τῷ</span> <span class='ocrx_word' id='word_1_414' title='bbox 701 3235 801 3298; x_wconf 82' lang='grc' dir='ltr'>δοθέντι</span> <span class='ocrx_word' id='word_1_415' title='bbox 822 3259 878 3317; x_wconf 58' lang='grc' dir='ltr'>τριν</span> <span class='ocrx_word' id='word_1_416' title='bbox 927 3236 1009 3296; x_wconf 89' lang='lat' dir='ltr'>Noct.</span> <span class='ocrx_word' id='word_1_417' title='bbox 1024 3247 1074 3294; x_wconf 88' lang='lat' dir='ltr'>att.</span> <span class='ocrx_word' id='word_1_418' title='bbox 1088 3234 1140 3295; x_wconf 94' lang='lat' dir='ltr'>lib.</span> <span class='ocrx_word' id='word_1_419' title='bbox 1153 3233 1204 3293; x_wconf 81' lang='lat' dir='ltr'>XX</span> <span class='ocrx_word' id='word_1_420' title='bbox 1219 3255 1282 3314; x_wconf 88' lang='lat' dir='ltr'>cap.</span> <span class='ocrx_word' id='word_1_421' title='bbox 1301 3257 1334 3294; x_wconf 82' lang='lat' dir='ltr'>ra</span> <span class='ocrx_word' id='word_1_422' title='bbox 1352 3257 1478 3315; x_wconf 87' lang='lat' dir='ltr'>namque</span> <span class='ocrx_word' id='word_1_423' title='bbox 1496 3238 1548 3296; x_wconf 90' lang='lat' dir='ltr'>alii</span> <span class='ocrx_word' id='word_1_424' title='bbox 1564 3241 1712 3296; x_wconf 85' lang='lat' dir='ltr'><em>Musarum</em></span> 
     </span>
     <span class='ocr_line' id='line_1_33' title="bbox 95 3324 1713 3408; baseline 0.001 -24"><span class='ocrx_word' id='word_1_425' title='bbox 95 3324 174 3405; x_wconf 88' lang='grc' dir='ltr'>γώνῳ</span> <span class='ocrx_word' id='word_1_426' title='bbox 188 3324 244 3384; x_wconf 85' lang='grc' dir='ltr'>ἴσον</span> <span class='ocrx_word' id='word_1_427' title='bbox 260 3324 542 3407; x_wconf 89' lang='grc' dir='ltr'>παραλληλόγραμμον</span> <span class='ocrx_word' id='word_1_428' title='bbox 555 3325 723 3406; x_wconf 77' lang='grc' dir='ltr'>παραύαλεῒν</span> <span class='ocrx_word' id='word_1_429' title='bbox 735 3328 761 3386; x_wconf 83' lang='grc' dir='ltr'>ἐν</span> <span class='ocrx_word' id='word_1_430' title='bbox 778 3327 879 3408; x_wconf 76' lang='grc' dir='ltr'>γωνίᾳ,</span> <span class='ocrx_word' id='word_1_431' title='bbox 927 3326 1158 3403; x_wconf 85' lang='lat' dir='ltr'>inscripserunt,</span> <span class='ocrx_word' id='word_1_432' title='bbox 1177 3325 1225 3382; x_wconf 85' lang='lat' dir='ltr'>alii</span> <span class='ocrx_word' id='word_1_433' title='bbox 1246 3327 1405 3398; x_wconf 81' lang='lat' dir='ltr'>Silvarum,</span> <span class='ocrx_word' id='word_1_434' title='bbox 1427 3327 1478 3384; x_wconf 91' lang='lat' dir='ltr'>ille</span> <span class='ocrx_word' id='word_1_435' title='bbox 1505 3326 1613 3407; x_wconf 83' lang='grc' dir='ltr'>Κηρίον,</span> <span class='ocrx_word' id='word_1_436' title='bbox 1638 3327 1713 3386; x_wconf 87' lang='lat' dir='ltr'>alius</span> 
     </span>
     <span class='ocr_line' id='line_1_34' title="bbox 99 3410 1711 3498; baseline 0.001 -24"><span class='ocrx_word' id='word_1_437' title='bbox 99 3410 200 3488; x_wconf 74' lang='grc' dir='ltr'>ἤέστιν</span> <span class='ocrx_word' id='word_1_438' title='bbox 218 3415 263 3490; x_wconf 77' lang='grc' dir='ltr'>ἴση</span> <span class='ocrx_word' id='word_1_439' title='bbox 280 3421 315 3498; x_wconf 82' lang='grc' dir='ltr'>τῇ</span> <span class='ocrx_word' id='word_1_440' title='bbox 330 3416 433 3495; x_wconf 85' lang='grc' dir='ltr'>δοθείοη</span> <span class='ocrx_word' id='word_1_441' title='bbox 448 3415 531 3496; x_wconf 75' lang='grc' dir='ltr'>γωνίᾳ</span> <span class='ocrx_word' id='word_1_442' title='bbox 550 3416 737 3498; x_wconf 81' lang='grc' dir='ltr'>εὐθυγράμμῳ.</span> <span class='ocrx_word' id='word_1_443' title='bbox 928 3412 1016 3493; x_wconf 82' lang='grc' dir='ltr'>Κέρας</span> <span class='ocrx_word' id='word_1_444' title='bbox 1037 3410 1193 3489; x_wconf 83' lang='grc' dir='ltr'>Ἀμαλθείας</span> <span class='ocrx_word' id='word_1_445' title='bbox 1215 3425 1269 3473; x_wconf 88' lang='lat' dir='ltr'>etc.</span> <span class='ocrx_word' id='word_1_446' title='bbox 1292 3413 1406 3474; x_wconf 87' lang='lat' dir='ltr'>Plinius</span> <span class='ocrx_word' id='word_1_447' title='bbox 1428 3413 1491 3472; x_wconf 85' lang='lat' dir='ltr'>Nat.</span> <span class='ocrx_word' id='word_1_448' title='bbox 1516 3417 1589 3476; x_wconf 87' lang='lat' dir='ltr'>llist.</span> <span class='ocrx_word' id='word_1_449' title='bbox 1621 3416 1672 3475; x_wconf 90' lang='lat' dir='ltr'>lib.</span> <span class='ocrx_word' id='word_1_450' title='bbox 1698 3417 1711 3476; x_wconf 97' lang='lat' dir='ltr'>l</span> 
     </span>
     <span class='ocr_line' id='line_1_35' title="bbox 136 3501 1709 3586; baseline 0.001 -25"><span class='ocrx_word' id='word_1_451' title='bbox 136 3503 285 3580; x_wconf 82' lang='lat' dir='ltr'>(Euclides</span> <span class='ocrx_word' id='word_1_452' title='bbox 302 3504 325 3578; x_wconf 78' lang='lat' dir='ltr'>l,</span> <span class='ocrx_word' id='word_1_453' title='bbox 348 3505 539 3573; x_wconf 77' lang='lat' dir='ltr'>lili-Proclus</span> <span class='ocrx_word' id='word_1_454' title='bbox 556 3527 585 3585; x_wconf 90' lang='lat' dir='ltr'>p.</span> <span class='ocrx_word' id='word_1_455' title='bbox 608 3527 664 3584; x_wconf 89' lang='lat'>109</span> <span class='ocrx_word' id='word_1_456' title='bbox 687 3504 744 3564; x_wconf 89' lang='grc' dir='ltr'>ἔστι</span> <span class='ocrx_word' id='word_1_457' title='bbox 764 3504 811 3584; x_wconf 81' lang='grc' dir='ltr'>μὲν</span> <span class='ocrx_word' id='word_1_458' title='bbox 827 3506 880 3586; x_wconf 83' lang='grc' dir='ltr'>ἀρ-</span> <span class='ocrx_word' id='word_1_459' title='bbox 927 3521 956 3579; x_wconf 91' lang='lat' dir='ltr'>p.</span> <span class='ocrx_word' id='word_1_460' title='bbox 984 3509 1000 3569; x_wconf 77' lang='lat'>4</span> <span class='ocrx_word' id='word_1_461' title='bbox 1024 3501 1070 3560; x_wconf 89' lang='lat' dir='ltr'>ed.</span> <span class='ocrx_word' id='word_1_462' title='bbox 1098 3501 1240 3560; x_wconf 88' lang='lat' dir='ltr'>llarduin.</span> <span class='ocrx_word' id='word_1_463' title='bbox 1265 3501 1469 3580; x_wconf 84' lang='lat' dir='ltr'>Inscriptionis</span> <span class='ocrx_word' id='word_1_464' title='bbox 1491 3503 1568 3582; x_wconf 88' lang='lat' dir='ltr'>apud</span> <span class='ocrx_word' id='word_1_465' title='bbox 1589 3504 1709 3566; x_wconf 67' lang='lat' dir='ltr'>Grecos</span> 
     </span>
     <span class='ocr_line' id='line_1_36' title="bbox 89 3589 1713 3674; baseline 0.002 -24"><span class='ocrx_word' id='word_1_466' title='bbox 89 3599 170 3674; x_wconf 86' lang='grc' dir='ltr'>χαῖα,</span> <span class='ocrx_word' id='word_1_467' title='bbox 189 3593 268 3674; x_wconf 76' lang='grc' dir='ltr'>φασὶν</span> <span class='ocrx_word' id='word_1_468' title='bbox 285 3595 309 3652; x_wconf 80' lang='grc' dir='ltr'>οἱ</span> <span class='ocrx_word' id='word_1_469' title='bbox 324 3593 386 3674; x_wconf 69' lang='grc' dir='ltr'>περὶ</span> <span class='ocrx_word' id='word_1_470' title='bbox 398 3593 443 3652; x_wconf 86' lang='grc' dir='ltr'>τδν</span> <span class='ocrx_word' id='word_1_471' title='bbox 454 3592 592 3670; x_wconf 81' lang='grc' dir='ltr'>Εὔδημον,</span> <span class='ocrx_word' id='word_1_472' title='bbox 603 3593 649 3653; x_wconf 77' lang='grc' dir='ltr'>καί</span> <span class='ocrx_word' id='word_1_473' title='bbox 663 3599 709 3666; x_wconf 80' lang='grc' dir='ltr'>τῆς</span> <span class='ocrx_word' id='word_1_474' title='bbox 719 3597 771 3652; x_wconf 81' lang='grc' dir='ltr'>τῶν</span> <span class='ocrx_word' id='word_1_475' title='bbox 786 3597 881 3654; x_wconf 84' lang='grc' dir='ltr'>Ποθα-</span> <span class='ocrx_word' id='word_1_476' title='bbox 926 3589 1002 3647; x_wconf 88' lang='lat' dir='ltr'>mira</span> <span class='ocrx_word' id='word_1_477' title='bbox 1013 3589 1135 3648; x_wconf 82' lang='lat' dir='ltr'>felicitas</span> <span class='ocrx_word' id='word_1_478' title='bbox 1149 3611 1156 3647; x_wconf 83' lang='grc' dir='ltr'>ι</span> <span class='ocrx_word' id='word_1_479' title='bbox 1170 3589 1270 3670; x_wconf 86' lang='grc' dir='ltr'>Κηρίον</span> <span class='ocrx_word' id='word_1_480' title='bbox 1283 3591 1469 3669; x_wconf 83' lang='lat' dir='ltr'>inscripsere,</span> <span class='ocrx_word' id='word_1_481' title='bbox 1482 3592 1561 3669; x_wconf 88' lang='lat' dir='ltr'>quod</span> <span class='ocrx_word' id='word_1_482' title='bbox 1573 3593 1713 3654; x_wconf 83' lang='lat' dir='ltr'>volebant</span> 
     </span>
     <span class='ocr_line' id='line_1_37' title="bbox 89 3679 1712 3764; baseline 0.002 -27"><span class='ocrx_word' id='word_1_483' title='bbox 89 3683 204 3761; x_wconf 80' lang='grc' dir='ltr'>γορεύων</span> <span class='ocrx_word' id='word_1_484' title='bbox 217 3681 316 3758; x_wconf 88' lang='grc' dir='ltr'>μούσης</span> <span class='ocrx_word' id='word_1_485' title='bbox 329 3682 468 3763; x_wconf 81' lang='grc' dir='ltr'>εὑρήματα</span> <span class='ocrx_word' id='word_1_486' title='bbox 482 3688 576 3756; x_wconf 80' lang='grc' dir='ltr'>ταῦτα,</span> <span class='ocrx_word' id='word_1_487' title='bbox 593 3683 611 3756; x_wconf 79' lang='grc' dir='ltr'><strong>ἥ</strong></span> <span class='ocrx_word' id='word_1_488' title='bbox 629 3707 657 3742; x_wconf 92' lang='grc' dir='ltr'>τε</span> <span class='ocrx_word' id='word_1_489' title='bbox 669 3681 810 3764; x_wconf 79' lang='grc' dir='ltr'>παραὸολὴ</span> <span class='ocrx_word' id='word_1_490' title='bbox 829 3685 880 3740; x_wconf 87' lang='grc' dir='ltr'>τῶν</span> <span class='ocrx_word' id='word_1_491' title='bbox 927 3679 1049 3758; x_wconf 80' lang='lat' dir='ltr'>intelligi</span> <span class='ocrx_word' id='word_1_492' title='bbox 1066 3683 1169 3752; x_wconf 83' lang='lat' dir='ltr'>savum</span> <span class='ocrx_word' id='word_1_493' title='bbox 1193 3701 1203 3740; x_wconf 91' lang='grc'>.·</span> <span class='ocrx_word' id='word_1_494' title='bbox 1233 3681 1281 3738; x_wconf 92' lang='lat' dir='ltr'>alii</span> <span class='ocrx_word' id='word_1_495' title='bbox 1313 3679 1400 3760; x_wconf 85' lang='grc' dir='ltr'>Κέρας</span> <span class='ocrx_word' id='word_1_496' title='bbox 1427 3679 1602 3755; x_wconf 88' lang='grc' dir='ltr'>Ἀμαλθείας,</span> <span class='ocrx_word' id='word_1_497' title='bbox 1633 3683 1712 3757; x_wconf 86' lang='lat' dir='ltr'>quud</span> 
     </span>
     <span class='ocr_line' id='line_1_38' title="bbox 89 3767 1710 3853; baseline 0.001 -27"><span class='ocrx_word' id='word_1_498' title='bbox 89 3767 200 3848; x_wconf 88' lang='grc' dir='ltr'>χωρίων</span> <span class='ocrx_word' id='word_1_499' title='bbox 226 3769 271 3828; x_wconf 82' lang='grc' dir='ltr'>καὶ</span> <span class='ocrx_word' id='word_1_500' title='bbox 295 3774 312 3842; x_wconf 79' lang='grc' dir='ltr'><strong>ἡ</strong></span> <span class='ocrx_word' id='word_1_501' title='bbox 333 3768 468 3851; x_wconf 79' lang='grc' dir='ltr'>θπιρόολή</span> <span class='ocrx_word' id='word_1_502' title='bbox 493 3772 538 3830; x_wconf 77' lang='grc' dir='ltr'>καὶ</span> <span class='ocrx_word' id='word_1_503' title='bbox 559 3775 576 3843; x_wconf 78' lang='grc' dir='ltr'>ἡ</span> <span class='ocrx_word' id='word_1_504' title='bbox 600 3771 725 3853; x_wconf 79' lang='grc' dir='ltr'>ἔλλειψις.</span> <span class='ocrx_word' id='word_1_505' title='bbox 767 3769 831 3832; x_wconf 85' lang='grc' dir='ltr'>Ἀπὸ</span> <span class='ocrx_word' id='word_1_506' title='bbox 854 3769 882 3829; x_wconf 70' lang='grc' dir='ltr'>δὲ</span> <span class='ocrx_word' id='word_1_507' title='bbox 928 3775 1027 3848; x_wconf 77' lang='lat' dir='ltr'>Copiae</span> <span class='ocrx_word' id='word_1_508' title='bbox 1055 3792 1139 3829; x_wconf 82' lang='lat' dir='ltr'>cornu</span> <span class='ocrx_word' id='word_1_509' title='bbox 1169 3783 1224 3832; x_wconf 86' lang='lat' dir='ltr'>etc.</span> <span class='ocrx_word' id='word_1_510' title='bbox 1278 3770 1350 3828; x_wconf 82' lang='lat' dir='ltr'>Vide</span> <span class='ocrx_word' id='word_1_511' title='bbox 1375 3782 1403 3828; x_wconf 87' lang='lat' dir='ltr'>et</span> <span class='ocrx_word' id='word_1_512' title='bbox 1432 3768 1597 3828; x_wconf 77' lang='lat' dir='ltr'>Fabricium</span> <span class='ocrx_word' id='word_1_513' title='bbox 1636 3771 1710 3832; x_wconf 83' lang='lat' dir='ltr'>Bibl.</span> 
     </span>
     <span class='ocr_line' id='line_1_39' title="bbox 91 3855 1490 3942; baseline 0.001 -28"><span class='ocrx_word' id='word_1_514' title='bbox 91 3855 197 3916; x_wconf 87' lang='grc' dir='ltr'>τούτων</span> <span class='ocrx_word' id='word_1_515' title='bbox 212 3857 258 3918; x_wconf 83' lang='grc' dir='ltr'>καί</span> <span class='ocrx_word' id='word_1_516' title='bbox 277 3861 301 3918; x_wconf 82' lang='grc' dir='ltr'>οἱ</span> <span class='ocrx_word' id='word_1_517' title='bbox 316 3858 438 3942; x_wconf 89' lang='grc' dir='ltr'>νεώτεροι</span> <span class='ocrx_word' id='word_1_518' title='bbox 461 3859 495 3918; x_wconf 90' lang='grc' dir='ltr'>τδι</span> <span class='ocrx_word' id='word_1_519' title='bbox 517 3859 635 3939; x_wconf 84' lang='grc' dir='ltr'>ὀνόματα</span> <span class='ocrx_word' id='word_1_520' title='bbox 651 3859 774 3928; x_wconf 80' lang='grc' dir='ltr'>λαθόντες</span> <span class='ocrx_word' id='word_1_521' title='bbox 794 3861 877 3938; x_wconf 86' lang='grc' dir='ltr'>μετή-</span> <span class='ocrx_word' id='word_1_522' title='bbox 927 3861 1020 3919; x_wconf 85' lang='lat' dir='ltr'>Graec.</span> <span class='ocrx_word' id='word_1_523' title='bbox 1036 3861 1097 3921; x_wconf 88' lang='lat' dir='ltr'>vol.</span> <span class='ocrx_word' id='word_1_524' title='bbox 1115 3859 1158 3917; x_wconf 94' lang='lat' dir='ltr'>lll</span> <span class='ocrx_word' id='word_1_525' title='bbox 1175 3879 1243 3938; x_wconf 80' lang='lat' dir='ltr'>pag.</span> <span class='ocrx_word' id='word_1_526' title='bbox 1264 3860 1320 3934; x_wconf 77' lang='lat'>395</span> <span class='ocrx_word' id='word_1_527' title='bbox 1341 3859 1386 3917; x_wconf 88' lang='lat' dir='ltr'>ed.</span> <span class='ocrx_word' id='word_1_528' title='bbox 1401 3859 1490 3936; x_wconf 86' lang='lat' dir='ltr'>Harl.)</span> 
     </span>
     <span class='ocr_line' id='line_1_40' title="bbox 92 3945 1711 4032; baseline 0.002 -28"><span class='ocrx_word' id='word_1_529' title='bbox 92 3970 178 4027; x_wconf 88' lang='grc' dir='ltr'>γαγον</span> <span class='ocrx_word' id='word_1_530' title='bbox 192 3946 259 4006; x_wconf 80' lang='grc' dir='ltr'>αὐτὰ</span> <span class='ocrx_word' id='word_1_531' title='bbox 276 3947 321 4008; x_wconf 78' lang='grc' dir='ltr'>καί</span> <span class='ocrx_word' id='word_1_532' title='bbox 333 3948 376 4009; x_wconf 81' lang='grc' dir='ltr'>ἐπὶ</span> <span class='ocrx_word' id='word_1_533' title='bbox 389 3949 436 4017; x_wconf 88' lang='grc' dir='ltr'>τδις</span> <span class='ocrx_word' id='word_1_534' title='bbox 451 3949 563 4018; x_wconf 76' lang='grc' dir='ltr'>κωνικδς</span> <span class='ocrx_word' id='word_1_535' title='bbox 577 3951 720 4030; x_wconf 80' lang='grc' dir='ltr'>λεγομένας</span> <span class='ocrx_word' id='word_1_536' title='bbox 731 3950 879 4032; x_wconf 88' lang='grc' dir='ltr'>γραμμάς,</span> <span class='ocrx_word' id='word_1_537' title='bbox 967 3970 1005 4013; x_wconf 76' lang='grc' dir='ltr'>να.</span> <span class='ocrx_word' id='word_1_538' title='bbox 1030 3949 1112 4028; x_wconf 84' lang='grc' dir='ltr'>Ἡμῖν</span> <span class='ocrx_word' id='word_1_539' title='bbox 1127 3948 1155 4008; x_wconf 83' lang='grc' dir='ltr'>δὲ</span> <span class='ocrx_word' id='word_1_540' title='bbox 1175 3947 1326 4008; x_wconf 80' lang='grc' dir='ltr'>ὑποκείσθω</span> <span class='ocrx_word' id='word_1_541' title='bbox 1339 3948 1373 4005; x_wconf 86' lang='grc' dir='ltr'>τδι</span> <span class='ocrx_word' id='word_1_542' title='bbox 1393 3947 1469 4030; x_wconf 81' lang='grc' dir='ltr'>φύσει</span> <span class='ocrx_word' id='word_1_543' title='bbox 1483 3945 1501 4018; x_wconf 75' lang='grc' dir='ltr'>ἢ</span> <span class='ocrx_word' id='word_1_544' title='bbox 1516 3952 1603 4007; x_wconf 83' lang='grc' dir='ltr'>πάντα</span> <span class='ocrx_word' id='word_1_545' title='bbox 1625 3947 1711 4019; x_wconf 81' lang='grc' dir='ltr'>ήένιιι</span> 
     </span>
    </p>
   </div>
   <div class='ocr_carea' id='block_1_3' title="bbox 90 4213 1712 5356">
    <p class='ocr_par' dir='ltr' id='par_1_3' title="bbox 90 4213 1712 4553">
     <span class='ocr_line' id='line_1_41' title="bbox 92 4213 1708 4284; baseline 0.003 -19"><span class='ocrx_word' id='word_1_546' title='bbox 92 4213 193 4277; x_wconf 81' lang='lat' dir='ltr'>angulis</span> <span class='ocrx_word' id='word_1_547' title='bbox 209 4213 318 4280; x_wconf 84' lang='lat' dir='ltr'>adjacet,</span> <span class='ocrx_word' id='word_1_548' title='bbox 344 4215 397 4268; x_wconf 84' lang='lat' dir='ltr'>sive</span> <span class='ocrx_word' id='word_1_549' title='bbox 420 4215 489 4283; x_wconf 90' lang='lat' dir='ltr'>quod</span> <span class='ocrx_word' id='word_1_550' title='bbox 512 4217 556 4268; x_wconf 91' lang='lat' dir='ltr'>uni</span> <span class='ocrx_word' id='word_1_551' title='bbox 576 4217 711 4284; x_wconf 77' lang='lat' dir='ltr'>equalium</span> <span class='ocrx_word' id='word_1_552' title='bbox 735 4217 881 4283; x_wconf 79' lang='lat' dir='ltr'>angulorum</span> <span class='ocrx_word' id='word_1_553' title='bbox 957 4221 995 4268; x_wconf 85' lang='grc'>91.</span> <span class='ocrx_word' id='word_1_554' title='bbox 1013 4216 1126 4267; x_wconf 86' lang='lat' dir='ltr'>Dicimus</span> <span class='ocrx_word' id='word_1_555' title='bbox 1141 4215 1196 4268; x_wconf 78' lang='lat' dir='ltr'>heo</span> <span class='ocrx_word' id='word_1_556' title='bbox 1213 4219 1329 4280; x_wconf 87' lang='lat' dir='ltr'>respectu</span> <span class='ocrx_word' id='word_1_557' title='bbox 1351 4215 1429 4266; x_wconf 81' lang='lat' dir='ltr'>libelli</span> <span class='ocrx_word' id='word_1_558' title='bbox 1445 4214 1561 4280; x_wconf 80' lang='lat' dir='ltr'>deinceps</span> <span class='ocrx_word' id='word_1_559' title='bbox 1576 4218 1708 4282; x_wconf 85' lang='lat' dir='ltr'>propositi,</span> 
     </span>
     <span class='ocr_line' id='line_1_42' title="bbox 91 4303 1711 4372; baseline 0.001 -18"><span class='ocrx_word' id='word_1_560' title='bbox 91 4303 235 4367; x_wconf 83' lang='lat' dir='ltr'>subjectum</span> <span class='ocrx_word' id='word_1_561' title='bbox 247 4307 284 4357; x_wconf 84' lang='lat' dir='ltr'>est</span> <span class='ocrx_word' id='word_1_562' title='bbox 301 4320 307 4356; x_wconf 81' lang='lat' dir='ltr'><strong><em>z</em></strong></span> <span class='ocrx_word' id='word_1_563' title='bbox 323 4305 419 4370; x_wconf 84' lang='lat' dir='ltr'>reliqua</span> <span class='ocrx_word' id='word_1_564' title='bbox 435 4319 535 4372; x_wconf 84' lang='lat' dir='ltr'>quoque</span> <span class='ocrx_word' id='word_1_565' title='bbox 546 4307 625 4358; x_wconf 87' lang='lat' dir='ltr'>latera</span> <span class='ocrx_word' id='word_1_566' title='bbox 641 4307 745 4372; x_wconf 86' lang='lat' dir='ltr'>reliquis</span> <span class='ocrx_word' id='word_1_567' title='bbox 761 4306 881 4358; x_wconf 82' lang='lat' dir='ltr'>lateribus</span> <span class='ocrx_word' id='word_1_568' title='bbox 925 4320 1001 4372; x_wconf 88' lang='lat' dir='ltr'>quem</span> <span class='ocrx_word' id='word_1_569' title='bbox 1014 4305 1174 4356; x_wconf 74' lang='lat' dir='ltr'>Archimedes</span> <span class='ocrx_word' id='word_1_570' title='bbox 1188 4303 1220 4356; x_wconf 87' lang='lat' dir='ltr'>de</span> <span class='ocrx_word' id='word_1_571' title='bbox 1230 4305 1318 4356; x_wconf 87' lang='lat' dir='ltr'>circuli</span> <span class='ocrx_word' id='word_1_572' title='bbox 1329 4304 1481 4356; x_wconf 87' lang='lat' dir='ltr'>dimensione</span> <span class='ocrx_word' id='word_1_573' title='bbox 1496 4305 1608 4371; x_wconf 86' lang='lat' dir='ltr'>scripsit,</span> <span class='ocrx_word' id='word_1_574' title='bbox 1618 4305 1645 4358; x_wconf 85' lang='lat' dir='ltr'>in</span> <span class='ocrx_word' id='word_1_575' title='bbox 1661 4321 1711 4372; x_wconf 85' lang='lat' dir='ltr'>quo</span> 
     </span>
     <span class='ocr_line' id='line_1_43' title="bbox 90 4392 1711 4463; baseline 0.002 -19"><span class='ocrx_word' id='word_1_576' title='bbox 90 4393 202 4444; x_wconf 83' lang='lat' dir='ltr'>altorum</span> <span class='ocrx_word' id='word_1_577' title='bbox 216 4392 289 4445; x_wconf 87' lang='lat' dir='ltr'>alteri</span> <span class='ocrx_word' id='word_1_578' title='bbox 299 4392 545 4460; x_wconf 71' lang='lat' dir='ltr'>aqualiahahebunt</span> <span class='ocrx_word' id='word_1_579' title='bbox 556 4399 582 4448; x_wconf 85' lang='lat' dir='ltr'>et</span> <span class='ocrx_word' id='word_1_580' title='bbox 597 4396 754 4463; x_wconf 88' lang='lat' dir='ltr'>tertiumqui</span> <span class='ocrx_word' id='word_1_581' title='bbox 767 4400 881 4463; x_wconf 86' lang='lat' dir='ltr'>superest</span> <span class='ocrx_word' id='word_1_582' title='bbox 925 4396 973 4448; x_wconf 86' lang='lat' dir='ltr'>viri</span> <span class='ocrx_word' id='word_1_583' title='bbox 991 4395 1122 4448; x_wconf 88' lang='lat' dir='ltr'>consilium</span> <span class='ocrx_word' id='word_1_584' title='bbox 1145 4409 1177 4448; x_wconf 85' lang='lat' dir='ltr'>ex</span> <span class='ocrx_word' id='word_1_585' title='bbox 1193 4395 1248 4462; x_wconf 89' lang='lat' dir='ltr'>ipsa</span> <span class='ocrx_word' id='word_1_586' title='bbox 1269 4395 1429 4461; x_wconf 89' lang='lat' dir='ltr'>inscriptione</span> <span class='ocrx_word' id='word_1_587' title='bbox 1450 4395 1628 4460; x_wconf 67' lang='lat' dir='ltr'>cognoscimus.</span> <span class='ocrx_word' id='word_1_588' title='bbox 1649 4396 1711 4448; x_wconf 88' lang='lat' dir='ltr'>vult</span> 
     </span>
     <span class='ocr_line' id='line_1_44' title="bbox 90 4481 1712 4553; baseline 0.004 -21"><span class='ocrx_word' id='word_1_589' title='bbox 90 4481 213 4547; x_wconf 77' lang='lat' dir='ltr'>angulum</span> <span class='ocrx_word' id='word_1_590' title='bbox 228 4483 302 4534; x_wconf 89' lang='lat' dir='ltr'>tertio</span> <span class='ocrx_word' id='word_1_591' title='bbox 313 4484 403 4550; x_wconf 81' lang='lat' dir='ltr'>angulo</span> <span class='ocrx_word' id='word_1_592' title='bbox 416 4485 547 4550; x_wconf 74' lang='lat' dir='ltr'>aqualem.</span> <span class='ocrx_word' id='word_1_593' title='bbox 740 4525 767 4553; x_wconf 54' lang='lat' dir='ltr'>x</span> <span class='ocrx_word' id='word_1_594' title='bbox 925 4487 990 4538; x_wconf 91' lang='lat' dir='ltr'>enim</span> <span class='ocrx_word' id='word_1_595' title='bbox 1007 4487 1190 4548; x_wconf 85' lang='lat' dir='ltr'>demonstrare,</span> <span class='ocrx_word' id='word_1_596' title='bbox 1206 4485 1248 4538; x_wconf 88' lang='lat' dir='ltr'>cui</span> <span class='ocrx_word' id='word_1_597' title='bbox 1261 4489 1385 4539; x_wconf 69' lang='lat' dir='ltr'>rectamne</span> <span class='ocrx_word' id='word_1_598' title='bbox 1396 4487 1594 4539; x_wconf 81' lang='lat' dir='ltr'>linearumarea</span> <span class='ocrx_word' id='word_1_599' title='bbox 1607 4485 1712 4552; x_wconf 75' lang='lat' dir='ltr'>aqualis</span> 
     </span>
    </p>

    <p class='ocr_par' dir='ltr' id='par_1_4' title="bbox 91 4571 1710 4906">
     <span class='ocr_line' id='line_1_45' title="bbox 127 4571 1710 4642; baseline 0.003 -20"><span class='ocrx_word' id='word_1_600' title='bbox 127 4575 166 4624; x_wconf 79' lang='lat'>88.</span> <span class='ocrx_word' id='word_1_601' title='bbox 183 4571 212 4622; x_wconf 90' lang='lat' dir='ltr'>in</span> <span class='ocrx_word' id='word_1_602' title='bbox 228 4572 296 4624; x_wconf 77' lang='lat' dir='ltr'>orsini</span> <span class='ocrx_word' id='word_1_603' title='bbox 304 4573 427 4640; x_wconf 71' lang='lat' dir='ltr'>triangulo</span> <span class='ocrx_word' id='word_1_604' title='bbox 443 4575 465 4625; x_wconf 84' lang='lat' dir='ltr'>si</span> <span class='ocrx_word' id='word_1_605' title='bbox 477 4589 555 4626; x_wconf 91' lang='lat' dir='ltr'>unum</span> <span class='ocrx_word' id='word_1_606' title='bbox 568 4575 743 4642; x_wconf 89' lang='lat' dir='ltr'>latuslnsuper</span> <span class='ocrx_word' id='word_1_607' title='bbox 753 4575 877 4641; x_wconf 84' lang='lat' dir='ltr'>adjicitur,</span> <span class='ocrx_word' id='word_1_608' title='bbox 925 4575 958 4626; x_wconf 84' lang='lat' dir='ltr'>sit</span> <span class='ocrx_word' id='word_1_609' title='bbox 972 4575 1079 4627; x_wconf 82' lang='lat' dir='ltr'>chculus</span> <span class='ocrx_word' id='word_1_610' title='bbox 1094 4593 1100 4626; x_wconf 92' lang='lat'>:</span> <span class='ocrx_word' id='word_1_611' title='bbox 1118 4589 1195 4642; x_wconf 82' lang='grc' dir='ltr'>(μιαυι</span> <span class='ocrx_word' id='word_1_612' title='bbox 1211 4589 1265 4627; x_wconf 86' lang='lat' dir='ltr'>rem</span> <span class='ocrx_word' id='word_1_613' title='bbox 1275 4577 1356 4627; x_wconf 85' lang='lat' dir='ltr'>multo</span> <span class='ocrx_word' id='word_1_614' title='bbox 1371 4579 1428 4628; x_wconf 88' lang='lat' dir='ltr'>ante</span> <span class='ocrx_word' id='word_1_615' title='bbox 1445 4589 1503 4627; x_wconf 90' lang='lat' dir='ltr'>eum</span> <span class='ocrx_word' id='word_1_616' title='bbox 1516 4575 1565 4628; x_wconf 77' lang='lat' dir='ltr'>viti</span> <span class='ocrx_word' id='word_1_617' title='bbox 1580 4575 1607 4625; x_wconf 88' lang='lat' dir='ltr'>in</span> <span class='ocrx_word' id='word_1_618' title='bbox 1625 4575 1710 4640; x_wconf 86' lang='lat' dir='ltr'>philo-</span> 
     </span>
     <span class='ocr_line' id='line_1_46' title="bbox 91 4661 1708 4732; baseline 0.001 -22"><span class='ocrx_word' id='word_1_619' title='bbox 91 4663 213 4712; x_wconf 85' lang='lat' dir='ltr'>extomus</span> <span class='ocrx_word' id='word_1_620' title='bbox 233 4663 338 4728; x_wconf 84' lang='lat' dir='ltr'>angulus</span> <span class='ocrx_word' id='word_1_621' title='bbox 358 4661 458 4715; x_wconf 88' lang='lat' dir='ltr'>duobus</span> <span class='ocrx_word' id='word_1_622' title='bbox 480 4665 585 4716; x_wconf 82' lang='lat' dir='ltr'>internis</span> <span class='ocrx_word' id='word_1_623' title='bbox 604 4669 681 4732; x_wconf 86' lang='lat' dir='ltr'>atque</span> <span class='ocrx_word' id='word_1_624' title='bbox 698 4681 730 4718; x_wconf 80' lang='lat' dir='ltr'>ex</span> <span class='ocrx_word' id='word_1_625' title='bbox 756 4667 879 4717; x_wconf 87' lang='lat' dir='ltr'>contrario</span> <span class='ocrx_word' id='word_1_626' title='bbox 925 4664 1012 4730; x_wconf 86' lang='lat' dir='ltr'>sophia</span> <span class='ocrx_word' id='word_1_627' title='bbox 1033 4664 1128 4715; x_wconf 90' lang='lat' dir='ltr'>nobiles</span> <span class='ocrx_word' id='word_1_628' title='bbox 1151 4663 1343 4729; x_wconf 83' lang='lat' dir='ltr'>inquisiverunt.</span> <span class='ocrx_word' id='word_1_629' title='bbox 1374 4663 1534 4716; x_wconf 78' lang='lat' dir='ltr'>Manifestum</span> <span class='ocrx_word' id='word_1_630' title='bbox 1566 4663 1632 4714; x_wconf 88' lang='lat' dir='ltr'>enim</span> <span class='ocrx_word' id='word_1_631' title='bbox 1653 4665 1708 4723; x_wconf 87' lang='lat' dir='ltr'>est,</span> 
     </span>
     <span class='ocr_line' id='line_1_47' title="bbox 91 4749 1710 4821; baseline 0.002 -23"><span class='ocrx_word' id='word_1_632' title='bbox 91 4749 200 4815; x_wconf 69' lang='lat' dir='ltr'>aequalis</span> <span class='ocrx_word' id='word_1_633' title='bbox 211 4753 261 4812; x_wconf 85' lang='lat' dir='ltr'>est,</span> <span class='ocrx_word' id='word_1_634' title='bbox 278 4753 304 4804; x_wconf 87' lang='lat' dir='ltr'>et</span> <span class='ocrx_word' id='word_1_635' title='bbox 319 4753 410 4804; x_wconf 89' lang='lat' dir='ltr'>interni</span> <span class='ocrx_word' id='word_1_636' title='bbox 424 4756 477 4806; x_wconf 87' lang='lat' dir='ltr'>tres</span> <span class='ocrx_word' id='word_1_637' title='bbox 490 4754 607 4820; x_wconf 76' lang='lat' dir='ltr'>trianguli</span> <span class='ocrx_word' id='word_1_638' title='bbox 621 4755 690 4808; x_wconf 88' lang='lat' dir='ltr'>illius</span> <span class='ocrx_word' id='word_1_639' title='bbox 709 4756 792 4821; x_wconf 74' lang='lat' dir='ltr'>ungarii</span> <span class='ocrx_word' id='word_1_640' title='bbox 814 4756 879 4807; x_wconf 88' lang='lat' dir='ltr'>duo-</span> <span class='ocrx_word' id='word_1_641' title='bbox 924 4752 988 4804; x_wconf 86' lang='lat' dir='ltr'>hauc</span> <span class='ocrx_word' id='word_1_642' title='bbox 1013 4765 1068 4803; x_wconf 85' lang='lat' dir='ltr'>esse</span> <span class='ocrx_word' id='word_1_643' title='bbox 1089 4751 1158 4802; x_wconf 89' lang='lat' dir='ltr'>illam</span> <span class='ocrx_word' id='word_1_644' title='bbox 1180 4751 1359 4816; x_wconf 71' lang='lat' dir='ltr'>questionem,</span> <span class='ocrx_word' id='word_1_645' title='bbox 1381 4765 1554 4818; x_wconf 84' lang='lat' dir='ltr'>quamquam</span> <span class='ocrx_word' id='word_1_646' title='bbox 1579 4749 1710 4815; x_wconf 75' lang='lat' dir='ltr'>diligemer</span> 
     </span>
     <span class='ocr_line' id='line_1_48' title="bbox 91 4839 1710 4906; baseline 0.001 -16"><span class='ocrx_word' id='word_1_647' title='bbox 91 4839 143 4890; x_wconf 88' lang='lat' dir='ltr'>hus</span> <span class='ocrx_word' id='word_1_648' title='bbox 154 4839 229 4890; x_wconf 85' lang='lat' dir='ltr'>rectis</span> <span class='ocrx_word' id='word_1_649' title='bbox 242 4841 427 4906; x_wconf 70' lang='lat' dir='ltr'>aequalessunt.</span> <span class='ocrx_word' id='word_1_650' title='bbox 924 4841 1070 4894; x_wconf 74' lang='lat' dir='ltr'>munissent</span> <span class='ocrx_word' id='word_1_651' title='bbox 1089 4840 1250 4906; x_wconf 81' lang='lat' dir='ltr'>Hippocrates</span> <span class='ocrx_word' id='word_1_652' title='bbox 1270 4841 1348 4894; x_wconf 78' lang='lat' dir='ltr'>didus</span> <span class='ocrx_word' id='word_1_653' title='bbox 1371 4845 1397 4892; x_wconf 90' lang='lat' dir='ltr'>et</span> <span class='ocrx_word' id='word_1_654' title='bbox 1417 4841 1554 4906; x_wconf 79' lang='lat' dir='ltr'>antiphon,</span> <span class='ocrx_word' id='word_1_655' title='bbox 1576 4839 1619 4890; x_wconf 87' lang='lat' dir='ltr'>iila</span> <span class='ocrx_word' id='word_1_656' title='bbox 1637 4839 1710 4892; x_wconf 90' lang='lat' dir='ltr'>nohis</span> 
     </span>
    </p>

    <p class='ocr_par' dir='ltr' id='par_1_5' title="bbox 90 4928 1708 5176">
     <span class='ocr_line' id='line_1_49' title="bbox 124 4928 1707 5000; baseline 0.008 -22"><span class='ocrx_word' id='word_1_657' title='bbox 124 4931 164 4979; x_wconf 84' lang='lat' dir='ltr'>eo.</span> <span class='ocrx_word' id='word_1_658' title='bbox 181 4931 258 4980; x_wconf 84' lang='lat' dir='ltr'>Juxta</span> <span class='ocrx_word' id='word_1_659' title='bbox 270 4929 356 4982; x_wconf 81' lang='lat' dir='ltr'>datam</span> <span class='ocrx_word' id='word_1_660' title='bbox 368 4933 462 4984; x_wconf 86' lang='lat' dir='ltr'>rectam</span> <span class='ocrx_word' id='word_1_661' title='bbox 475 4932 566 4984; x_wconf 89' lang='lat' dir='ltr'>lineam</span> <span class='ocrx_word' id='word_1_662' title='bbox 578 4932 638 4985; x_wconf 89' lang='lat' dir='ltr'>dato</span> <span class='ocrx_word' id='word_1_663' title='bbox 649 4935 773 5000; x_wconf 79' lang='lat' dir='ltr'>triangulo</span> <span class='ocrx_word' id='word_1_664' title='bbox 782 4933 880 5000; x_wconf 77' lang='lat' dir='ltr'>equale</span> <span class='ocrx_word' id='word_1_665' title='bbox 925 4930 1077 4996; x_wconf 81' lang='lat' dir='ltr'>sophismate</span> <span class='ocrx_word' id='word_1_666' title='bbox 1090 4930 1251 4994; x_wconf 84' lang='lat' dir='ltr'>invenenmt,</span> <span class='ocrx_word' id='word_1_667' title='bbox 1273 4944 1331 4996; x_wconf 67' lang='lat' dir='ltr'>(1¹1ae</span> <span class='ocrx_word' id='word_1_668' title='bbox 1345 4930 1421 4996; x_wconf 64' lang='lat' dir='ltr'>probe</span> <span class='ocrx_word' id='word_1_669' title='bbox 1442 4930 1505 4980; x_wconf 64' lang='lat' dir='ltr'>wire</span> <span class='ocrx_word' id='word_1_670' title='bbox 1524 4928 1632 4980; x_wconf 68' lang='lat' dir='ltr'>irbllffll&#39;</span> <span class='ocrx_word' id='word_1_671' title='bbox 1651 4941 1707 4994; x_wconf 66' lang='grc' dir='ltr'>ωδ,</span> 
     </span>
     <span class='ocr_line' id='line_1_50' title="bbox 90 5015 1708 5090; baseline 0.004 -25"><span class='ocrx_word' id='word_1_672' title='bbox 90 5015 351 5082; x_wconf 75' lang='lat' dir='ltr'>parallelogrammum</span> <span class='ocrx_word' id='word_1_673' title='bbox 366 5019 523 5074; x_wconf 83' lang='lat' dir='ltr'>describatur</span> <span class='ocrx_word' id='word_1_674' title='bbox 534 5021 561 5073; x_wconf 91' lang='lat' dir='ltr'>in</span> <span class='ocrx_word' id='word_1_675' title='bbox 571 5023 672 5088; x_wconf 78' lang='lat' dir='ltr'>angulo,</span> <span class='ocrx_word' id='word_1_676' title='bbox 690 5023 736 5090; x_wconf 84' lang='lat' dir='ltr'>qut</span> <span class='ocrx_word' id='word_1_677' title='bbox 746 5025 896 5088; x_wconf 53' lang='lat' dir='ltr'>ostroque.</span> <span class='ocrx_word' id='word_1_678' title='bbox 924 5018 969 5086; x_wconf 88' lang='lat' dir='ltr'>qui</span> <span class='ocrx_word' id='word_1_679' title='bbox 983 5017 1088 5071; x_wconf 84' lang='lat' dir='ltr'>Eudemi</span> <span class='ocrx_word' id='word_1_680' title='bbox 1103 5017 1233 5072; x_wconf 86' lang='lat' dir='ltr'>historiam</span> <span class='ocrx_word' id='word_1_681' title='bbox 1250 5017 1424 5085; x_wconf 75' lang='lat' dir='ltr'>geometricam</span> <span class='ocrx_word' id='word_1_682' title='bbox 1440 5019 1569 5084; x_wconf 81' lang='lat' dir='ltr'>inspexero</span> <span class='ocrx_word' id='word_1_683' title='bbox 1587 5020 1612 5069; x_wconf 90' lang='lat' dir='ltr'>et</span> <span class='ocrx_word' id='word_1_684' title='bbox 1627 5019 1708 5072; x_wconf 75' lang='lat' dir='ltr'>Fatus</span> 
     </span>
     <span class='ocr_line' id='line_1_51' title="bbox 90 5103 1395 5176; baseline 0.004 -22"><span class='ocrx_word' id='word_1_685' title='bbox 90 5103 125 5154; x_wconf 89' lang='lat' dir='ltr'>lis</span> <span class='ocrx_word' id='word_1_686' title='bbox 139 5103 199 5156; x_wconf 88' lang='lat' dir='ltr'>dato</span> <span class='ocrx_word' id='word_1_687' title='bbox 210 5107 338 5159; x_wconf 84' lang='lat' dir='ltr'>rectarum</span> <span class='ocrx_word' id='word_1_688' title='bbox 353 5107 476 5162; x_wconf 88' lang='lat' dir='ltr'>linearum</span> <span class='ocrx_word' id='word_1_689' title='bbox 485 5111 583 5176; x_wconf 77' lang='lat' dir='ltr'>angulo.</span> <span class='ocrx_word' id='word_1_690' title='bbox 924 5108 1084 5160; x_wconf 78' lang='lat' dir='ltr'>Aristotelem</span> <span class='ocrx_word' id='word_1_691' title='bbox 1101 5109 1203 5174; x_wconf 83' lang='lat' dir='ltr'>legendo</span> <span class='ocrx_word' id='word_1_692' title='bbox 1216 5109 1395 5162; x_wconf 84' lang='lat' dir='ltr'>contriverunt.</span> 
     </span>
    </p>

    <p class='ocr_par' dir='ltr' id='par_1_6' title="bbox 93 5196 1707 5356">
     <span class='ocr_line' id='line_1_52' title="bbox 123 5196 1707 5266; baseline 0.003 -23"><span class='ocrx_word' id='word_1_693' title='bbox 123 5197 165 5245; x_wconf 83' lang='lat'>90.</span> <span class='ocrx_word' id='word_1_694' title='bbox 194 5196 311 5263; x_wconf 75' lang='lat' dir='ltr'>Archyta</span> <span class='ocrx_word' id='word_1_695' title='bbox 345 5197 467 5261; x_wconf 83' lang='lat' dir='ltr'>inventio,</span> <span class='ocrx_word' id='word_1_696' title='bbox 508 5199 719 5266; x_wconf 82' lang='lat' dir='ltr'>quemadmodum</span> <span class='ocrx_word' id='word_1_697' title='bbox 752 5200 880 5254; x_wconf 77' lang='lat' dir='ltr'>Eudemus</span> <span class='ocrx_word' id='word_1_698' title='bbox 954 5203 994 5250; x_wconf 82' lang='lat' dir='ltr'>ea.</span> <span class='ocrx_word' id='word_1_699' title='bbox 1011 5199 1160 5251; x_wconf 84' lang='lat' dir='ltr'>Nosautem</span> <span class='ocrx_word' id='word_1_700' title='bbox 1179 5213 1220 5261; x_wconf 87' lang='lat' dir='ltr'>ea,</span> <span class='ocrx_word' id='word_1_701' title='bbox 1237 5213 1294 5266; x_wconf 79' lang='lat' dir='ltr'>qua</span> <span class='ocrx_word' id='word_1_702' title='bbox 1308 5201 1398 5250; x_wconf 88' lang='lat' dir='ltr'>natura</span> <span class='ocrx_word' id='word_1_703' title='bbox 1412 5200 1483 5258; x_wconf 84' lang='lat' dir='ltr'>sunt.</span> <span class='ocrx_word' id='word_1_704' title='bbox 1503 5197 1643 5258; x_wconf 82' lang='lat' dir='ltr'>automata</span> <span class='ocrx_word' id='word_1_705' title='bbox 1663 5199 1707 5248; x_wconf 88' lang='lat' dir='ltr'>aut</span> 
     </span>
     <span class='ocr_line' id='line_1_53' title="bbox 93 5281 1707 5356; baseline 0.004 -24"><span class='ocrx_word' id='word_1_706' title='bbox 93 5281 180 5334; x_wconf 86' lang='lat' dir='ltr'>tradit.</span> <span class='ocrx_word' id='word_1_707' title='bbox 923 5285 1041 5340; x_wconf 85' lang='lat' dir='ltr'>nonnulla</span> <span class='ocrx_word' id='word_1_708' title='bbox 1053 5287 1148 5340; x_wconf 86' lang='lat' dir='ltr'>moveri</span> <span class='ocrx_word' id='word_1_709' title='bbox 1161 5301 1282 5354; x_wconf 84' lang='lat' dir='ltr'>ponamus</span> <span class='ocrx_word' id='word_1_710' title='bbox 1295 5305 1301 5342; x_wconf 78' lang='grc' dir='ltr'>ι</span> <span class='ocrx_word' id='word_1_711' title='bbox 1316 5285 1385 5356; x_wconf 81' lang='lat' dir='ltr'>quod</span> <span class='ocrx_word' id='word_1_712' title='bbox 1397 5285 1500 5354; x_wconf 80' lang='lat' dir='ltr'>quidem</span> <span class='ocrx_word' id='word_1_713' title='bbox 1519 5300 1551 5342; x_wconf 82' lang='lat' dir='ltr'>ex</span> <span class='ocrx_word' id='word_1_714' title='bbox 1565 5283 1707 5341; x_wconf 86' lang='lat' dir='ltr'>irrductlone</span> 
     </span>
    </p>
   </div>
   <div class='ocr_carea' id='block_1_4' title="bbox 0 0 1984 5942">
    <p class='ocr_par' dir='ltr' id='par_1_7' title="bbox 0 0 1984 5942">
     <span class='ocr_line' id='line_1_54' title="bbox 0 0 1984 5942; baseline 0 0"><span class='ocrx_word' id='word_1_715' title='bbox 0 0 1984 5942; x_wconf 95' lang='lat' dir='ltr'> </span> 
     </span>
    </p>
   </div>
  </div>
 </body>
</html>
