3934 5956
458 407 685 473 simeonitis
707 407 1048 473 NIGOMACHEORUM
1075 407 1357 474 sinirnensis
1644 405 1702 465 335

101 549 158 624 ,ἀπὸ
171 548 271 610 τούτων
285 549 339 608 τιῦν
353 545 448 626 λόγων.
461 549 550 627 Τριῶν
572 547 624 630 γὰρ
647 547 729 608 ὄντων
754 547 788 606 δι’
812 548 829 606 ἄ
843 571 883 614 τις
930 553 988 616 εἰσί,
1000 567 1107 620 quorum
1116 569 1190 606 osuss
1200 555 1433 621 obquidexposstur,
1442 553 1708 622 nutuquoquorum

105 637 219 721 αίριῖτσί
228 662 265 710 τι,
280 641 293 679 l
308 636 353 696 καί
364 635 493 694 τοσούτων
501 637 535 695 δι’
546 634 564 694 ὅ
578 659 617 703 τις
627 636 715 717 φεύγει
727 659 761 695 τι·
773 641 784 670 ⁶
794 640 886 708 καλοῦ,
929 657 1005 694 σουεο
1014 643 1109 708 aliquid
1120 643 1230 694 sitnturr
1245 644 1377 695 honestum
1388 643 1451 704 dico,
1465 643 1535 706 utile,
1554 643 1707 708 iucundum

105 729 297 808 συμφέροντος,
314 724 397 797 ἡδέος·
413 725 542 804 αἰσχροῦ,
558 725 730 805 ἀσυμφόρου,
755 725 885 803 λυπηροῦ·
930 735 1003 797 turpe
1014 731 1083 792 item,
1097 732 1192 793 inutile,
1205 733 1339 784 molestum
1351 752 1357 784 ι
1367 733 1407 784 vir
1419 732 1523 798 quidem
1531 733 1611 784 bonus
1625 735 1707 785 omnio

104 820 118 875 δ
134 817 182 894 μέν
198 816 297 894 ἀγαθὸς
311 821 378 873 πᾶσι
389 810 458 872 κατὰ
473 812 503 871 τὸ
517 811 586 879 είκδς
607 811 758 886 έπιύαίλλει,
784 810 885 870 διώκων
930 819 991 880 breo,
1005 824 1035 872 ut
1049 824 1155 886 oportet,
1171 822 1291 888 sequntur,
1313 836 1419 888 queque
1433 822 1527 886 optime
1540 825 1613 881 sunt,
1631 823 1708 887 petit,

106 903 152 983 μέν
166 903 200 964 τδ
218 905 331 983 ἄριστα,
346 899 448 982 φεύγων
458 899 486 960 δέ
501 901 518 959 θ
532 900 619 981 βλύῦη
634 899 754 974 διώκειν,
771 899 825 958 δδί
838 923 885 960 κα·
929 922 987 973 quae
998 923 1058 960 vero
1076 923 1134 961 oum
1145 910 1236 961 damno
1247 911 1378 975 eonjuuete
1390 913 1462 973 sunt,
1476 911 1539 960 vitot
1562 909 1711 975 :improbus

105 995 148 1060 κὸς
172 993 319 1071 ἁμαρτάνει
341 989 402 1069 περλ
421 988 507 1070 κρίσιν
522 991 607 1049 αὐτῶν
620 1035 629 1068 ,
645 991 691 1050 καί
706 989 821 1066 μάλιστα
837 987 885 1061 τὴν
933 1011 994 1049 vero
1008 999 1074 1051 mnis
1086 999 1118 1050 (lo
1133 999 1165 1050 iis
1172 999 1277 1064 judicat,
1290 999 1448 1065 maxumeque
1457 999 1488 1051 de
1496 1000 1613 1064 iucundo,
1631 1014 1712 1065 noque

105 1085 149 1141 τοῦ
165 1080 278 1154 ἡδέος·ἡ
296 1076 438 1160 γδρὴδονὴ
451 1079 481 1137 αὖ
498 1077 575 1154 μόνον
593 1077 674 1151 κοινὴ
685 1079 740 1137 έστι
754 1087 820 1138 πᾶσι
834 1084 887 1143 τοῖς
931 1086 997 1137 enim
1013 1087 1151 1138 oommunis
1165 1089 1263 1138 tantum
1281 1088 1394 1138 omuibus
1411 1089 1559 1139 animalibus
1581 1091 1619 1140 est
1638 1089 1712 1140 volu·

105 1167 210 1249 ζῴοις,ί
226 1168 294 1228 stit
310 1167 356 1226 καλ
371 1175 452 1226 πᾶσιν
473 1165 566 1224 ίπεται
579 1174 633 1234 τοῖς
651 1165 797 1245 εἰρημένοις
817 1167 886 1245 αίρε-
929 1178 1000 1240 pies,
1012 1176 1057 1226 sed
1068 1175 1234 1228 omnlootinm
1251 1190 1280 1227 eo
1295 1176 1420 1241 sequitur,
1434 1191 1491 1241 quae
1504 1177 1641 1242 expetendo
1657 1190 1711 1229 essu

107 1267 170 1325 τοῖς.
187 1255 218 1318 Ἃ
232 1256 284 1335 γδιρ
300 1253 460 1335 αἱρούμεθα,
476 1253 576 1323 τούτοις
587 1265 669 1314 πᾶσιν
685 1255 815 1333 ἡδόμεθα.
831 1251 886 1314 Καὶ
930 1260 1049 1313 diximus.
1063 1265 1126 1321 Qun
1139 1263 1204 1314 onim
1213 1262 1365 1327 expetimus,
1379 1263 1410 1313 iis
1424 1265 1539 1314 omnibus
1548 1264 1708 1316 delectamur.

106 1344 162 1405 ἔστι
171 1345 200 1404 τδ
211 1347 293 1404 καλὸν
307 1343 353 1405 καί
368 1341 500 1424 συμφέρον
515 1343 564 1415 itt
578 1347 612 1423 τῇ
624 1347 724 1403 ἑαυτῶν
740 1343 825 1424 φύσει·
839 1341 886 1402 καί
931 1351 973 1402 ilie
983 1353 1009 1402 et
1026 1351 1157 1402 honestum
1177 1355 1202 1402 et
1220 1351 1281 1402 utile
1296 1354 1385 1402 natura
1402 1365 1447 1402 suo
1460 1355 1498 1403 est
1507 1352 1664 1416 jucundum:
1683 1366 1712 1402 ao

107 1433 151 1491 διδι
165 1438 242 1491 τοῦτο
251 1434 276 1492 ol
289 1431 366 1492 κακολ
381 1433 553 1505 ἀπατῶνται,
568 1431 598 1490 τὸ
612 1429 661 1504 ἡδύ
672 1429 752 1490 καλὸν
765 1429 810 1490 καί
820 1452 886 1507 συμ-
930 1443 1060 1505 propterea
1077 1439 1199 1492 ielluntur
1216 1440 1329 1506 improbi,
1345 1441 1390 1506 qui
1401 1454 1473 1492 omns
1489 1440 1557 1505 quod
1573 1440 1711 1505 jucundum

107 1525 186 1602 φέρον
209 1519 350 1599 ἡγούμενοι
373 1528 436 1593 πᾶν,
460 1518 527 1579 διότι
553 1518 647 1580 έπεται
670 1519 817 1596 νομίζοντες
840 1515 886 1576 καλ
931 1530 969 1578 est
980 1527 1113 1578 honestum
1123 1541 1223 1593 quoque
1234 1530 1259 1577 et
1275 1528 1337 1578 utile
1351 1541 1405 1579 ssse
1418 1528 1570 1580 arbitrantur
1582 1549 1588 1579 :
1601 1530 1637 1580 ite
1654 1543 1712 1580 sen-

109 1611 298 1690 ἀντιστρέφιιν·
321 1608 350 1666 τδ
372 1607 399 1667 δὲ
414 1609 463 1686 οὐχ
478 1605 558 1675 ούτως
581 1606 648 1688 ἔχει·
674 1605 813 1685 συμῦαίνει
836 1605 887 1685 γδρ
931 1615 1028 1675 tientes,
1045 1615 1256 1680 quielueunditos
1268 1616 1323 1666 beo
1334 1616 1388 1680 ipss
1401 1619 1528 1681 sequntur,
1542 1618 1640 1682 ratique
1652 1631 1712 1668 oon·

108 1699 265 1758 mollitiis
285 1699 367 1768 ἡδέων
382 1695 482 1778 αίσχρδι
503 1695 549 1756 καλ
566 1697 706 1778 ἀσύμφορα
726 1685 801 1755 εἶναι·
817 1694 886 1754 ώοτε
931 1703 1063 1754 νει-ίὶίιωσ
1074 1703 1125 1754 (luo
1138 1716 1210 1768 posse
1223 1717 1229 1749 :
1240 1707 1267 1753 ot
1279 1703 1328 1754 hoo
1346 1702 1438 1755 fulsum
1451 1709 1489 1757 est
1505 1705 1615 1756 tscoidit
1630 1707 1709 1766 enim,

108 1785 219 1869 φανερόν
231 1829 239 1858 ,
260 1783 300 1844 ότι
320 1784 381 1864 περί
394 1785 488 1856 ἡδονδις
503 1786 549 1844 καλ
566 1784 653 1852 λύπας
673 1788 701 1843 αδ
724 1782 885 1866 ἀνθρώπιναι
932 1794 961 1842 ut
973 1792 1054 1842 multo
1065 1804 1151 1842 sorum
1163 1805 1220 1856 qum
1231 1789 1342 1856 juountlo
1356 1795 1423 1852 sunt,
1441 1793 1525 1858 turpio
1534 1793 1609 1844 simul
1620 1797 1645 1846 et
1653 1795 1712 1844 bru·

109 1871 297 1950 καταγίνονται
316 1869 432 1951 πράξεις.
474 1869 537 1932 Ἔτι
558 1881 638 1930 πᾶσιν
653 1873 722 1946 ἡμῖν.
738 1873 768 1930 ἐκ
789 1869 885 1943 νηπίου
931 1879 986 1930 tilis
998 1869 1147 1930 sintz'unde
1157 1893 1245 1930 mrsus
1256 1883 1365 1944 apparet,
1381 1881 1407 1930 in
1419 1881 1590 1946 voluptatibus
1605 1885 1631 1933 ot
1642 1881 1712 1932 dolo-

106 1967 185 2020 τοῦτο
200 1957 230 2017 τδ
252 1959 333 2027 πόθος
357 1958 462 2018 σύνεστι
485 1958 530 2018 καί
550 1959 739 2040 συντρέφεται,
765 1957 886 2038 καθάπερ
930 1967 1001 2018 ribus
1017 1967 1124 2019 actiones
1136 1967 1258 2018 humanas
1271 1969 1373 2019 versari.
1395 1970 1518 2020 Praetsres
1536 1969 1656 2019 utereris
1669 1983 1713 2020 un·

107 2045 322 2127 έγκεχρωσμένον
336 2050 375 2126 τῷ
396 2046 455 2128 βίῳ·
477 2046 523 2105 καί
542 2045 589 2114 τίς
604 2046 705 2124 δγαθδις
719 2044 825 2125 πράξεις
840 2043 886 2104 καί
932 2053 1037 2120 guioulis
1054 2053 1096 2106 bio
1114 2055 1189 2106 animi
1200 2053 1306 2106 oilerius
1317 2054 1432 2106 omnibus
1448 2055 1519 2105 uobis
1532 2053 1596 2106 inest
1613 2069 1713 2120 unaque

106 2135 154 2201 τδις
165 2132 281 2214 πονηρὰς
303 2132 387 2216 τούτῳ
403 2133 526 2212 κρίνομεν
541 2137 579 2214 τῷ
594 2134 702 2208 κανόνι,
717 2139 756 2214 τῷ
776 2133 823 2201 τδις
838 2134 885 2210 μὲν
932 2143 1063 2204 odolesoit,
1083 2145 1187 2208 totoque
1199 2145 1253 2194 rito
1269 2147 1354 2195 nostra
1364 2144 1437 2210 quasi
1452 2144 1530 2195 tinctu
1542 2157 1571 2194 eo
1580 2149 1619 2196 est
1630 2148 1655 2196 et
1664 2145 1713 2196 im-

109 2223 195 2294 λύπην
206 2223 311 2304 φέρειν,
328 2220 374 2288 τὰς
394 2221 422 2280 δέ
437 2221 551 2300 ἡδονήν,
566 2222 613 2283 καὶ
633 2223 730 2290 πάντες
745 2222 815 2282 οὕτω
834 2245 887 2282 κα·
932 2231 1010 2282 buis:
1027 2230 1072 2282 sod
1092 2234 1118 2282 ot
1133 2230 1242 2282 iocinore
1254 2232 1336 2282 omnis
1353 2234 1405 2281 tom
1424 2231 1543 2295 preclaro
1559 2245 1636 2296 quom
1646 2231 1713 2283 molo

108 2311 241 2387 νονίζομεν
266 2307 313 2376 τὰς
341 2308 489 2390 ένιργείας,
514 2313 538 2370 εἰ
559 2309 606 2370 καλ
628 2311 665 2389 μὴ
689 2310 800 2389 δμοίως,
818 2309 886 2370 ἀλλδι
932 2319 980 2370 boo
992 2317 1064 2384 qussi
1076 2319 1161 2383 rogulo
1169 2319 1323 2383 judicamus,
1340 2317 1409 2384 quod
1425 2319 1473 2369 slis
1485 2319 1652 2383 voluptatem,
1664 2319 1713 2370 nlla

111 2400 212 2477 μᾶλλον
228 2396 273 2457 καὶ
284 2389 372 2469 ἧττον·
388 2397 458 2458 ώστε
470 2397 574 2476 ἀνάγκη
592 2400 655 2480 περί
666 2398 762 2470 ἡδονὰς
774 2397 821 2457 καί
838 2397 887 2457 λύ-
933 2407 1070 2457 molestiam
1088 2405 1206 2465 offerant,
1223 2419 1358 2472 omnesque
1376 2407 1408 2458 od
1425 2407 1490 2457 bono
1506 2421 1618 2457 normam
1637 2406 1712 2457 indu-

108 2511 161 2555 πας
176 2477 242 2546 εἶναι
257 2485 303 2558 τὴν
322 2495 411 2547 πᾶσαν
430 2485 539 2559 ταυτηνὶ
562 2486 758 2568 πραγματείαν.
782 2487 823 2546 Ob
837 2485 887 2565 γδρ
933 2494 1007 2545 strias
1018 2494 1143 2546 nostrsssi
1154 2508 1203 2544 non
1213 2494 1351 2560 equaliter,
1364 2496 1391 2546 ot
1401 2494 1530 2558 mogissut
1539 2494 1621 2546 miuus
1631 2494 1713 2558 dirigi-

110 2575 204 2655 μικρδν
226 2580 314 2655 βοηθεῖ
333 2577 371 2656 τῷ
385 2578 506 2647 ζητοῦντι
523 2574 557 2634 τὰ
578 2575 714 2656 πρακτέα,
729 2574 760 2634 τδ
779 2574 887 2648 είδέναι,
933 2594 999 2633 mus.
1011 2581 1177 2641 Quamobrem
1187 2595 1286 2634 neeesse
1294 2583 1332 2632 est
1343 2579 1546 2644 ίανοίαρῑείίθαο
1552 2583 1578 2632 et
1587 2580 1714 2631 doloribus

110 2663 135 2722 τί
148 2666 203 2722 ἐστι
219 2661 249 2722 τδ
265 2664 353 2729 καλῶς
365 2662 467 2744 χαίρειν
489 2663 507 2735 ἡ
527 2664 688 2742 λυπεῖσθαι,
704 2662 723 2735 ἡ
739 2664 769 2723 τδ
790 2667 888 2730 κακῶς·
934 2675 1017 2722 totum
1028 2671 1095 2722 huno
1108 2675 1242 2722 tractatum
1260 2671 1363 2722 versari
1376 2673 1461 2735 Neque
1470 2671 1535 2722 urim
1550 2683 1639 2736 purum
1654 2683 1713 2736 pro-

110 2749 169 2809 έπελ
185 2749 251 2826 μηδὲ
267 2749 360 2830 μικρὸν
382 2751 458 2829 μέρος
473 2755 525 2810 τῶν
539 2751 659 2832 πράξεων
671 2751 701 2810 τδ
718 2750 829 2824 ἡδεσθαι
844 2774 890 2810 κα·
934 2760 991 2813 dest
1001 2760 1108 2820 homiui,
1122 2759 1184 2826 quid
1200 2759 1322 2825 agendum
1330 2759 1364 2811 sit
1375 2759 1505 2824 querenti,
1517 2773 1588 2810 nosse
1598 2759 1660 2824 quid
1677 2759 1711 2810 sit

109 2839 162 2907 λῶς
176 2838 193 2910 ἢ
209 2841 370 2911 λυπεῖσθαι,
385 2837 572 2910 ἡτοῦναντίον.
597 2839 661 2901 ’rtet
678 2839 777 2900 τούτων
790 2837 842 2918 γδρ
856 2837 889 2896 τδι
934 2851 1002 2901 reete
1018 2848 1101 2900 loelori
1109 2849 1150 2900 vel
1159 2847 1307 2916 dolere„sut
1317 2861 1445 2914 perperam
1458 2867 1465 2898 ε
1482 2847 1598 2913 quonism
1611 2847 1714 2898 honesto

110 2930 163 2985 τῶν
179 2925 323 3005 ἀνθρώπων
343 2925 395 2999 ἤθη
409 2925 589 3006 γινώσκομεν,
611 2927 629 3000 ἡ
646 2929 732 3009 φαῦλα
753 2926 770 2999 ἡ
792 2923 888 3005 ἀγαθέ.
935 2939 1052 3004 voluptas
1062 2938 1103 2990 vel
1114 2937 1184 2988 tlolor
1201 2937 1333 2996 honestus,
1344 2937 1495 2997 outoontro,
1507 2936 1618 3002 ipsorum
1637 2936 1715 2988 sotio-

110 3014 176 3078 Ἐτι
187 3014 236 3075 ὅσα
250 3019 301 3074 τῶν
315 3015 453 3096 πρακτέων
469 3019 517 3076 οὐκ
532 3016 582 3074 είσλ
607 3015 695 3099 ῥᾴδια,
707 3024 718 3052 ⁶
732 3015 792 3096 περλ
806 3019 890 3074 ταῦτα
935 3042 994 3078 num
1007 3027 1075 3078 haud
1092 3027 1181 3092 exigua
1193 3039 1252 3091 pars
1267 3028 1314 3077 ost.
1334 3025 1399 3076 Hirro
1412 3025 1476 3076 enim
1488 3024 1617 3076 hominum
1632 3037 1715 3075 mores

111 3103 157 3162 καί
171 3102 252 3183 τέχνη
267 3103 439 3181 καταγίνεται
450 3107 497 3165 καί
513 3105 604 3184 έρετὴ·
619 3105 684 3186 πρδς
699 3103 752 3185 γδιρ
766 3103 799 3162 τδ
814 3101 890 3186 ῥᾴδια
935 3118 979 3166 sut
992 3115 1070 3166 malos
1089 3117 1133 3165 out
1152 3115 1230 3166 bonos
1246 3127 1301 3166 esse
1316 3113 1487 3178 intelligimus.
1502 3116 1604 3178 iusuper
1620 3113 1642 3164 si
1657 3127 1714 3178 quo

112 3191 222 3268 οὐδεμία
237 3189 316 3271 χρεία
336 3192 510 3274 πολυχρονίου
531 3191 619 3269 έθονς,
642 3192 659 3265 ἡ
677 3191 787 3271 μεθόδου
800 3214 890 3272 τεχνι-
935 3203 1044 3256 actiones
1053 3217 1103 3254 non
1113 3205 1172 3254 sunt
1185 3201 1280 3262 mules,
1291 3202 1332 3253 bls
1344 3203 1371 3253 st
1384 3214 1426 3252 ors
1436 3203 1571 3266 ooeupstur
1580 3203 1605 3252 st
1616 3201 1713 3252 virtus:

111 3283 168 3352 κῆς·
183 3278 250 3340 ώστε
274 3277 328 3361 ύσιρ
350 3281 541 3363 χαλεπώτερα,
561 3280 676 3362 τοσούτῳ
692 3281 807 3359 μείζονος
827 3279 889 3354 δεὴ-
935 3306 994 3344 αισα
1004 3291 1086 3343 adres
1098 3290 1183 3342 ieoiles
1191 3291 1310 3355 gerendos
1318 3303 1400 3355 nequo
1410 3289 1529 3341 diuturno
1537 3289 1715 3341 cousuetudine

112 3390 204 3428 σονται
217 3368 262 3428 καί
275 3367 371 3448 τέχνης
382 3368 428 3428 καλ
443 3372 545 3450 αρετῆς·
562 3370 619 3430 ἐπεί
634 3370 680 3430 καὶ
697 3369 799 3450 βέλτιον
812 3369 843 3430 τδ
857 3369 891 3428 τὰ
935 3392 999 3444 opus
1007 3381 1053 3438 est,
1063 3391 1143 3443 noque
1152 3377 1382 3428 disoendi'rstiones
1395 3390 1472 3442 quero
1483 3379 1577 3442 questo
1587 3375 1713 3428 diffieilio-

110 3457 289 3537 χαλεπώτερα
305 3457 439 3518 διαθέσθαι
453 3461 541 3527 καλῶς
555 3465 601 3520 τοῦ
611 3463 663 3519 τῶν
681 3459 777 3542 ραδίων
788 3482 892 3540 περιγε·
935 3481 976 3518 res
989 3469 1049 3518 sunt
1064 3466 1186 3526 sotionss,
1200 3469 1270 3516 torto
1283 3466 1403 3531 mojorem
1422 3467 1448 3517 et
1459 3467 1539 3516 artem
1553 3467 1580 3516 et
1592 3465 1713 3517 virtutem

111 3544 213 3605 νέσθαι·
230 3551 247 3619 ἡ
268 3543 348 3626 δρετὴ
370 3546 422 3627 ι’ίρα
438 3547 556 3623 μάλιστα
578 3552 604 3610 έν
620 3557 674 3619 τοῖς
695 3547 890 3631 χαλεπωτέροις
936 3555 1082 3620 flagitabunt
1096 3554 1173 3620 :quin
1189 3557 1300 3619 praestst,
1315 3567 1372 3620 qun
1386 3553 1497 3604 difficilia
1512 3555 1571 3604 sunt
1585 3555 1652 3604 roote
1668 3551 1716 3602 sd-

111 3634 183 3708 έστί,
194 3635 239 3694 καλ
254 3635 316 3714 περὶ
329 3639 413 3694 ταῦτα
425 3637 607 3716 καταγίνεται.
627 3635 709 3698 Ἔστι
725 3636 753 3696 δὲ
765 3634 892 3716 χαλεπώ·
935 3643 1088 3701 ministrare,
1101 3655 1178 3706 quom
1188 3655 1245 3707 quse
1256 3640 1338 3692 iooills
1351 3643 1410 3693 sunt
1420 3653 1537 3705 superare
1548 3659 1555 3690 ι
1566 3642 1716 3705 quopropter

112 3740 187 3802 τερον
201 3725 239 3802 τῷ
254 3721 390 3802 σπουδαίῳ
413 3726 494 3804 ἡδονῇ
509 3724 661 3804 μάχεσθαι,
683 3725 700 3796 ἡ
721 3729 809 3804 θυμῷ,
823 3723 893 3784 καθέ
935 3731 1044 3782 maxime
1062 3730 1089 3780 ln
1106 3728 1289 3782 diffieilioribus
1305 3731 1388 3782 virtus
1403 3732 1453 3788 est,
1471 3728 1552 3793 iisque
1570 3730 1715 3791 omnpotur.

112 3833 191 3892 φησιν
205 3809 387 3890 Ἥριέκλιιτσς·
402 3811 448 3872 καί
460 3812 503 3870 διδ
520 3819 595 3872 τοῦτο
606 3814 658 3894 όρα
671 3813 730 3894 περί
742 3811 835 3884 ἡδονὰς
846 3813 892 3872 καλ
936 3819 1066 3870 Difficilius
1080 3821 1163 3869 sutem
1176 3818 1230 3868 viro
1243 3819 1307 3869 bono
1324 3821 1370 3878 est,
1383 3820 1412 3868 ut
1427 3818 1463 3868 sit
1479 3816 1630 3875 Heraclitus,
1643 3815 1717 3866 volu-

112 3900 196 3966 λύπας
217 3888 284 3957 εἶναι
298 3897 400 3976 ἀνάγκη
419 3909 509 3960 πᾶσαν
529 3899 578 3973 τὴν
592 3901 776 3981 πραγματείαν
798 3900 843 3960 καλ
858 3905 891 3981 τῇ
936 3908 999 3973 ptati
1011 3921 1086 3973 quom
1098 3905 1233 3957 iracundie
1252 3905 1385 3964 obsistere,
1401 3905 1505 3969 ideoque
1523 3915 1623 3954 necesse
1635 3905 1673 3954 est
1690 3901 1717 3952 ln

114 3991 194 4066 ἀρετῇ
213 3985 260 4046 καλ
280 3992 312 4066 τῇ
335 3989 495 4070 πολιτικῇ·δ
517 3988 563 4066 μὲν
584 3988 634 4068 γδιρ
653 3991 738 4056 καλῶς
758 3989 892 4070 χρώμενος
937 3995 1108 4060 voluptatibus
1123 4007 1152 4044 so
1163 3992 1291 4044 doloribus
1301 4005 1373 4044 omno
1389 3991 1500 4043 studium
1515 4005 1589 4043 suum
1599 3993 1624 4042 st
1635 3990 1717 4040 virtus

113 4077 193 4154 ἡδονῇ
209 4075 254 4133 καί
269 4074 351 4154 λύπῃ,
368 4076 502 4154 ἅγαθός,θ
522 4077 550 4136 δὲ
564 4081 668 4152 κακῶς,
682 4076 772 4144 κακός.
838 4105 841 4111 ’
937 4085 1044 4150 ponatet
1058 4081 1189 4148 prudentis
1202 4079 1304 4132 oistliss
1319 4080 1440 4146 quisuim
1448 4080 1510 4131 boue
1524 4079 1653 4145 voluptate
1668 4076 1717 4129 utl-

154 4163 281 4242 (Soripsi
299 4185 306 4222 :
322 4169 334 4200 ¹
348 4161 492 4244 προσὴκει]
508 4169 572 4227 cod.
589 4169 714 4246 προσῆκε.
731 4200 770 4211 -
783 4164 797 4202 ³
809 4167 893 4244 αίρεῑ-
937 4177 980 4226 tur
991 4171 1117 4233 etdolors,
1128 4171 1222 4234 bouum
1234 4169 1280 4236 qul
1291 4169 1365 4232 ιαείε,
1378 4169 1459 4222 melus
1468 4172 1514 4222 ost.

112 4249 157 4310 ταί
170 4252 217 4330 τι]
228 4252 316 4329 vulgo
330 4253 442 4332 αἱρεῖται
452 4253 487 4312 τί.
502 4288 542 4300 -
552 4263 564 4290 ⁰
574 4253 662 4335 φεύγει
674 4250 716 4336 τι]
730 4253 819 4331 vulgo
833 4254 893 4335 φεύ-
986 4267 1004 4296 -’

112 4361 154 4416 γει
169 4337 206 4400 τί.
223 4372 260 4384 -·
277 4339 290 4375 ⁶
315 4339 405 4422 ζῴοις]
420 4342 510 4419 vulgo
529 4341 623 4421 ζώοις]
637 4349 698 4390 -‘
719 4343 766 4403 οὐκ
779 4341 830 4403 είσλ
844 4342 893 4426 ῥό-

112 4425 176 4504 διιι]
190 4427 279 4505 vulgo
293 4424 341 4486 ούκ
351 4430 403 4488 τίσι
418 4429 506 4509 ῥοίδια.
521 4462 563 4477 -

438 4653 507 4732 Κεφ·
530 4649 563 4713 5⁴·
1271 4671 1331 4737 στρ.
1348 4671 1392 4723 Ν.

111 4797 179 4856 Ὀτι
190 4805 322 4873 διαφέρειθ
338 4807 429 4865 δίκαιος
444 4814 488 4859 τοῦ
502 4815 630 4869 ποιοῦντος
642 4811 674 4860 τὰ
689 4809 783 4874 δίκαια,
797 4811 840 4862 καλ
853 4810 893 4861 έπὶ
1018 4823 1117 4872 nmen-0
1125 4827 1212 4881 jutum
1226 4827 1255 4871 ab
1264 4837 1292 4872 ω
1305 4825 1414 4882 quitario
1429 4824 1492 4880 tacti,
1501 4835 1528 4870 oo
1541 4821 1644 4869 stmltlter

378 4881 428 4930 τῶν
439 4881 516 4932 ἄλλων
526 4882 624 4946 ὁμοίως.
758 4892 762 4898 ”
1262 4895 1286 4939 in
1297 4893 1397 4951 rebquls.

154 5020 221 5086 Ὀτι
238 5025 287 5104 μέν
301 5019 345 5086 οῦν
360 5033 377 5102 ἡ
392 5030 472 5110 όρετὴ
490 5031 549 5112 περί
562 5031 656 5105 ἡδονὰς
668 5031 714 5092 καί
728 5031 814 5100 λύπας
829 5034 894 5112 lost,
969 5033 1095 5085 Virtutem
1103 5032 1212 5098 igiturin
1221 5032 1393 5098 voluptntibns
1401 5045 1431 5082 no
1439 5029 1566 5082 doloribus
1574 5028 1682 5090 versori3
1692 5031 1718 5078 et

116 5113 163 5171 καλ
176 5112 217 5172 ὅτι
231 5114 257 5184 tt
269 5105 305 5176 ών
325 5116 442 5196 γίνεται,
459 5119 511 5179 ἀπὸ
530 5119 626 5180 τούτων
650 5121 696 5180 καί
717 5121 824 5192 αὔξεται
844 5125 890 5184 καί
939 5123 1030 5189 (1ῦὶ1λῦ8
1048 5136 1079 5174 0¹
1092 5121 1168 5173 ¹⁹¹³¹¹⁸
1180 5121 1296 5186 gignitur»
1316 5120 1348 5172 δέ)
1366 5120 1454 5172 ilssdem
1469 5133 1523 5172 fflffl
1537 5118 1613 5171 ‘fiam
1634 5116 1717 5182 ⁸⁰80st

117 5192 267 5275 φθείρεται,
291 5201 349 5256 καθ’
364 5196 453 5280 ίτερον
466 5198 562 5281 τρόπον
583 5199 729 5283 καλύπτραν
745 5205 797 5264 τῶν
815 5206 886 5286 ένιρ-
939 5211 980 5264 vel
991 5210 1089 5276 perimi,
1104 5211 1180 5276 prout
1189 5209 1287 5262 volboo
1296 5207 1371 5261 mollo
1381 5209 1423 5262 vol
1433 5209 1477 5261 illo
1489 5207 1584 5275 aliquid
1590 5207 1716 5268 molimur,
