4020 5950
833 637 925 750 DE
973 633 1265 750 ALBINO.

892 915 1197 943 “OQ——

283 1109 425 1188 Albinus,
438 1112 542 1170 Galeni
560 1127 734 1193 praeceptor,
746 1113 866 1173 secundi
880 1127 946 1194 post
956 1113 1024 1173 Chr.
1071 1117 1170 1192 Neque
1185 1113 1375 1190 negligendus
1390 1114 1476 1174 nobis
1492 1129 1536 1174 est
1552 1116 1683 1196 locuples
1705 1120 1854 1197 sapientias

244 1219 273 1259 n.
302 1201 398 1259 sacculi
425 1199 608 1274 Platonicus,
621 1222 707 1281 quem
735 1203 872 1262 eximiam
900 1203 1024 1279 gloriam
1072 1201 1136 1280 ejus
1150 1203 1230 1262 testis
1242 1202 1381 1277 Proclus,
1394 1203 1480 1282 plura
1493 1222 1530 1262 ex
1544 1203 1697 1284 deperdito
1710 1207 1810 1268 Albini
1823 1210 1853 1268 in

243 1301 429 1346 consecutum
456 1308 518 1347 esse
541 1302 653 1348 veteres
682 1291 842 1369 scriptores
871 1303 1024 1360 testantur,
1072 1289 1204 1349 Platonis
1226 1289 1368 1350 Timaeum
1395 1293 1603 1352 commentario
1627 1293 1772 1369 reserens,
1791 1317 1854 1373 quae

241 1376 358 1436 videtur
371 1377 451 1435 circa
476 1396 584 1436 annum
606 1380 794 1438 centesimum
818 1381 1025 1458 quinquagesi-
1072 1377 1154 1435 illum
1165 1379 1320 1456 separatim
1333 1379 1364 1436 in
1374 1399 1409 1438 eo
1419 1399 1525 1456 genere
1534 1382 1697 1444 elaborasse
1710 1385 1852 1446 indicant.

241 1484 320 1525 mum
343 1465 486 1526 lloruisse.
507 1466 604 1537 Quum
624 1481 720 1528 autem
742 1467 917 1546 Thrasyllus
938 1467 978 1547 (ι)
994 1487 1027 1526 ac
1071 1467 1114 1524 Ac
1139 1467 1266 1546 primum
1289 1467 1406 1545 quidem
1435 1469 1558 1531 Albinus
1579 1472 1640 1531 hacc
1666 1473 1799 1534 Platonis
1822 1475 1852 1533 in

240 1553 424 1630 Dercyllides
447 1553 488 1632 (α)
512 1553 549 1613 ab
573 1575 608 1613 eo
629 1556 781 1615 memorati
804 1557 881 1630 sint,
902 1576 1025 1634 quorum
1073 1555 1185 1616 Timaeo
1207 1556 1298 1615 verba
1321 1577 1385 1637 pag.
1403 1580 1452 1634 27.
1479 1583 1504 1623 c.
1523 1565 1594 1638 ἡμᾶς
1609 1563 1636 1620 δέ
1652 1561 1710 1630 τοὺς
1733 1562 1854 1643 περὶτοῦ

241 1645 314 1702 alter
326 1641 351 1699 T
354 1643 451 1702 iberio
474 1644 651 1721 imperante,
666 1646 738 1704 alter
758 1645 880 1706 sortasse
905 1658 1027 1706 exeunte
1073 1644 1169 1712 παντὸς
1187 1643 1279 1722 λόγους
1301 1647 1431 1706 ποιεῖσθαί
1450 1671 1488 1728 πῃ
1503 1639 1692 1728 με’λλυντας,ᾔ
1707 1650 1805 1733 (vulgo
1826 1650 1855 1731 ἢ)

240 1733 338 1812 primo
352 1733 460 1791 saeculo
472 1731 564 1805 vixit,
577 1732 717 1792 Albinum
734 1734 821 1812 paulo
836 1747 918 1792 aetate
931 1747 1026 1812 poste·
1072 1733 1176 1812 γέγονεν
1191 1733 1208 1805 ἢ
1223 1733 1268 1792 καί
1283 1735 1372 1813 ἀγενίς
1389 1738 1508 1812 ἐστιν,εέ
1523 1737 1561 1814 μὴ
1576 1743 1731 1799 παντάπασι
1749 1743 1855 1820 παραλ-

241 1822 350 1882 riorem
371 1821 457 1880 luisse
483 1841 529 1880 res
558 1835 603 1880 est
628 1823 788 1882 certissima
817 1825 868 1901 (3).
894 1822 1026 1884 Eundem
1072 1822 1218 1900 λόπτομεν,
1233 1823 1336 1899 ἀνάγκη
1354 1825 1425 1892 θεούς
1439 1848 1467 1885 τι
1490 1826 1536 1886 καί
1553 1825 1613 1894 θεὰς
1636 1829 1856 1907 ἐπικαλουμένους

241 1909 320 1989 apud
346 1908 514 1987 Smyruaeos
540 1909 736 1990 philosophiae
761 1924 906 1990 praecepta
930 1911 1026 1970 adolc—
1072 1909 1196 1990 εὔχεσθαι
1219 1909 1307 1969 πάντα
1335 1911 1404 1972 κατά
1431 1918 1489 1974 νοῦν
1516 1915 1622 1983 ἐκείνοις
1648 1915 1696 1992 μὲν
1721 1916 1855 1998 μάλιστα,

243 1997 393 2058 scentibus
403 1999 579 2078 optimarum
590 1999 695 2058 artium
715 1999 854 2058 studiosis
873 1999 1026 2058 tradidisse
1074 2001 1211 2078 ἑπομένως
1229 1999 1257 2058 δέ
1273 2003 1337 2078 ἡμῖν
1354 2003 1436 2062 εἰπεῖν
1451 2004 1494 2062 sic
1507 2005 1686 2084 explicabat,
1702 2019 1735 2065 ut
1748 2007 1856 2067 mundo

241 2087 393 2166 conjicias.
421 2090 552 2166 Smyrnae
577 2101 655 2148 certe
678 2107 742 2146 cum
765 2087 879 2146 audivit
899 2087 1027 2146 Galenus
1072 2103 1100 2148 et
1113 2105 1209 2150 ortum
1225 2103 1254 2148 et
1270 2092 1458 2152 aeternitatem
1483 2092 1573 2152 tribui
1589 2112 1605 2152 a
1620 2094 1740 2154 Platone
1754 2115 1855 2154 cense-

241 2203 331 2242 unum
355 2195 384 2240 et
417 2182 524 2259 viginti
548 2201 641 2242 annos
669 2194 754 2240 natus
783 2181 840 2258 lt),
872 2194 1025 2260 postquam
1073 2192 1127 2237 ret.
1143 2179 1259 2260 Quippe
1286 2180 1414 2242 mundus
1437 2181 1559 2244 abente
1586 2183 1700 2260 diflert,
1715 2199 1856 2264 quatenus

241 2284 357 2332 mortuo
369 2283 490 2352 parente
504 2271 606 2331 relicta
621 2271 716 2351 patria
727 2269 801 2329 urbe
812 2268 1025 2329 nobilissimam
1074 2267 1130 2326 hoc
1145 2287 1259 2346 semper
1274 2283 1334 2342 est,
1350 2267 1401 2329 ille
1414 2283 1443 2332 et
1461 2284 1585 2330 aeternus
1601 2285 1686 2332 estet
1703 2293 1720 2330 a
1739 2288 1857 2352 parente

239 2362 320 2420 illam
341 2362 419 2420 Asiae
441 2361 587 2420 civitatem
607 2363 690 2439 petiit
704 2359 766 2438 (5),
792 2373 825 2417 ut
847 2358 1026 2418 medicorum
1074 2369 1238 2432 generatus.
1249 2356 1345 2427 Quum
1361 2358 1612 2446 enimepluribus
1624 2380 1657 2418 ac
1668 2360 1857 2425 dissimilibus

240 2464 269 2509 et
287 2450 436 2530 sapientiae
450 2450 604 2508 doctorum
618 2448 727 2508 scholis
742 2448 894 2506 interesset
909 2447 957 2526 (6).
1072 2444 1207 2522 partibus
1222 2459 1349 2520 constet,
1364 2461 1460 2506 ortum
1473 2466 1538 2506 cum
1553 2447 1662 2508 habere
1676 2469 1792 2511 necesse
1804 2467 1856 2524 est,

10 2539 403 2600 σι-ι-...ίῖοιιιιιαῖ
427 2558 493 2598 eum
518 2537 638 2617 optimis
665 2537 797 2596 Platonis
817 2535 1026 2614 interpretibus
1072 2534 1216 2613 siquidem
1237 2549 1334 2614 partes
1354 2537 1501 2598 illastoto
1524 2538 1705 2615 antiquiores
1725 2541 1853 2618 judicari

240 2639 461 2690 annumeratum
476 2644 539 2684 esse
551 2623 591 2703 (γ)
607 2624 763 2702 magnique
777 2623 933 2682 aestimasse
945 2623 1024 2680 anti·
1073 2623 1220 2684 convenit.
1237 2624 1275 2682 At
1298 2624 1415 2702 quando
1438 2637 1534 2704 partes
1560 2625 1619 2684 illae
1640 2641 1753 2688 aeternae
1768 2645 1853 2704 sunt,

240 2739 315 2797 quos
327 2716 391 2795 ejus
403 2716 540 2775 derebus
553 2713 665 2773 divinis
677 2725 706 2770 et
720 2713 856 2770 humanis
867 2710 1022 2790 judicium.
1071 2712 1160 2770 simul
1176 2712 1317 2771 mundum
1331 2726 1470 2771 aeternum
1483 2733 1546 2773 esse
1563 2715 1740 2792 intelligitur
1752 2720 1803 2799 (8).

241 2808 342 2886 ltaque
355 2804 555 2864 Tertullianus
579 2800 632 2860 lib.
647 2800 683 2860 de
695 2801 792 2859 anima
805 2819 868 2878 cap.
885 2801 922 2858 αθ
935 2798 1026 2869 :Quis
1112 2800 1206 2860 Porro
1220 2821 1307 2879 quam
1322 2802 1417 2860 oratio
1432 2822 1497 2861 cum
1510 2804 1547 2862 iis
1559 2802 1660 2876 rebus,
1673 2825 1745 2883 quas
1756 2811 1855 2888 expri-

240 2896 307 2972 ille,
326 2893 436 2971 inquit,
455 2913 534 2951 nunc
554 2904 638 2950 vetus
659 2890 773 2948 sermo?
795 2888 1024 2966 Pythagoricus,
1074 2891 1144 2963 mit,
1161 2889 1269 2948 babere
1290 2890 1400 2950 dicitur
1414 2894 1633 2969 cognationem,
1649 2914 1714 2954 eam
1734 2897 1855 2960 Platone

241 2984 398 3056 utrolnnt,
410 2981 483 3061 quin
497 2993 527 3040 ct
539 2980 669 3052 divinus,
685 2991 718 3038 ut
731 2978 857 3038 Albinus
867 2977 1024 3050 existimat,
1070 2978 1143 3036 duce
1165 2977 1291 3038 Albinus
1316 2979 1486 3040 illustravit.
1510 3005 1523 3032 ι
1547 2980 1625 3058 Ergo
1646 3003 1736 3061 quum
1761 2987 1797 3046 de
1821 3010 1854 3048 re

240 3084 290 3132 aut
302 3071 442 3130 Mercurii
457 3070 554 3128 forsan
568 3067 706 3146 AEgyptii.
721 3067 802 3127 Idem
819 3087 882 3146 cap.
901 3087 939 3143 ²9
960 3066 1000 3124 ait
1017 3089 1023 3123 :
1071 3064 1186 3138 stabili,
1201 3066 1297 3144 inquit
1313 3066 1397 3126 Plato
1413 3069 1452 3145 (9)
1466 3089 1533 3147 pag.
1550 3091 1600 3148 ²9·
1615 3071 1662 3146 lt,
1676 3085 1705 3132 et
1718 3075 1851 3136 immuta-

240 3159 307 3218 llaec
320 3171 350 3218 et
369 3157 509 3232 Albinus,
524 3157 641 3216 Platoni
661 3175 714 3216 suo
733 3154 861 3232 veritus,
879 3153 1026 3214 subtiliter
1071 3153 1126 3213 bili
1147 3153 1291 3233 disputat,
1309 3157 1403 3214 oratio
1426 3156 1492 3215 talis
1513 3158 1567 3230 sit,
1588 3161 1684 3237 qualis
1705 3163 1772 3236 illa,
1792 3185 1855 3242 quae

239 3247 345 3327 quaerit
359 3246 595 3306 contrarietatum
611 3263 718 3322 genera
730 3245 925 3321 distinguere,
941 3243 1024 3321 quasi
1071 3262 1165 3322 neque
1192 3243 1330 3320 redargui
1355 3263 1451 3323 ucque
1473 3247 1609 3306 convinci
1633 3263 1737 3326 potest.
1758 3253 1853 3322 Quum

239 3356 300 3398 non
318 3350 347 3396 et
360 3337 422 3395 haec
436 3348 493 3395 tam
507 3335 640 3396 absolute
653 3337 683 3392 in
700 3330 955 3394 contrarietatibus
967 3352 1025 3411 po·
1072 3345 1167 3391 autem
1187 3331 1320 3409 ingressa
1344 3346 1388 3392 est
1408 3333 1521 3393 imitata
1540 3348 1568 3393 et
1590 3336 1685 3396 efficta
1706 3341 1853 3416 membra,

239 3428 296 3488 sita
316 3426 391 3499 siut,
407 3443 495 3504 quam
510 3437 539 3483 et
558 3423 624 3500 illa,
640 3441 705 3502 quae
720 3421 757 3480 ad
777 3423 948 3481 sententiam
962 3439 1024 3478 ma·
1070 3418 1145 3479 bene
1158 3419 1206 3496 agi
1220 3433 1319 3498 putat,
1337 3422 1363 3480 si
1377 3421 1600 3482 similitudinem
1616 3426 1679 3485 reri
1696 3449 1854 3509 consequa·

239 3515 323 3592 gistri
347 3515 393 3574 sui
414 3515 634 3594 interpretatur,
648 3514 738 3570 vitam
759 3511 825 3569 dico
840 3523 870 3568 et
890 3523 1023 3568 mortem.
1071 3523 1129 3572 tur.
1141 3509 1288 3580 Quantum
1300 3510 1377 3570 enim
1391 3513 1429 3571 ad
1442 3512 1490 3588 id,
1503 3514 1583 3591 quod
1597 3528 1692 3575 ortum
1702 3531 1745 3578 est
1752 3562 1762 3591 ,
1775 3533 1856 3578 aeter-

268 3745 303 3810 (1)
316 3743 374 3795 vtd.
387 3740 520 3794 Democriti
537 3741 625 3804 fragm.
640 3751 665 3802 p.
678 3742 708 3790 9⁵
725 3752 777 3801 seq.
793 3765 823 3776 ·-
839 3738 873 3801 (1)
888 3739 983 3802 isagog.
999 3739 1026 3789 in
1070 3739 1163 3802 κόσμου
1174 3739 1231 3804 πρὸς
1247 3745 1279 3804 τῷ
1291 3740 1328 3790 ἀεὶ
1340 3740 1399 3790 εἶναι
1411 3742 1451 3791 καὶ
1461 3743 1573 3802 γενέσεως
1586 3742 1679 3808 ἔχοντός
1697 3747 1785 3810 ἀρχήν,
1800 3748 1853 3814 1όῆ

237 3814 299 3868 Plal.
314 3815 402 3880 dialog.
415 3827 468 3878 cap.
486 3811 598 3876 d.-(3)
611 3809 676 3861 Vide
696 3809 803 3874 Zumpiil
826 3809 1023 3860 ussuuuoncm
1071 3811 1111 3859 καὶ
1133 3810 1169 3860 dul
1184 3811 1218 3861 ὢν
1232 3812 1273 3860 καί
1286 3811 1395 3876 γενητός,
1412 3813 1458 3876 οὐχ
1477 3814 1552 3870 οὕτως
1574 3815 1608 3864 ὢν
1625 3817 1720 3879 γενητὸς
1740 3821 1773 3876 ὡς
1793 3821 1854 3870 κατὰ

237 3900 296 3952 quta
310 3885 451 3938 inscribitur
463 3904 470 3935 :
482 3882 545 3934 iiber
564 3883 612 3933 den
629 3880 735 3932 beslaud
749 3880 794 3930 det·
807 3878 1023 3944 pbilosophiscben
1071 3879 1155 3945 χρόνον
1167 3880 1206 3944 (οὐ
1217 3881 1262 3945 γὰρ
1273 3883 1301 3931 ἂν
1311 3881 1339 3944 ἦν
1351 3882 1391 3932 καὶ
1405 3881 1441 3932 ἀεὶ
1454 3881 1511 3946 ὧν),
1523 3884 1572 3933 ἀλλ’
1582 3885 1642 3942 όλως
1654 3887 1724 3947 λόγον
1737 3887 1800 3952 ἔχων
1816 3907 1852 3954 γε·

237 3959 343 4011 Scbulen
363 3959 389 4009 in
409 3958 491 4008 Athen
505 3955 556 4006 und
577 3955 618 4006 die
631 3954 776 4007 Sucoemion
794 3952 838 4005 der
858 3951 1022 4004 Scholatclten
1070 3953 1157 4010 νὲσεως
1166 3952 1205 4002 διὰ
1216 3953 1258 4011 τὴν
1269 3953 1297 4002 ἐκ
1310 3953 1422 4004 πλειόνων
1433 3956 1473 4004 καὶ
1483 3955 1602 4017 ἀνομοίων
1615 3957 1733 4020 σύνθεσιν,
1746 3961 1775 4017 ἣν
1785 3961 1855 4025 ἀναγ-

238 4029 354 4095 (Berolini
370 4029 440 4092 1813)
452 4041 477 4092 μ.
490 4031 520 4078 17
533 4029 606 4077 11171.
618 4055 648 4068 -
661 4025 697 4090 (1)
709 4039 772 4076 anno
787 4023 951 4090 ρο110111.11.
970 4027 1022 4076 151.
1070 4028 1138 4074 καῖον
1159 4024 1193 4079 εῖς
1213 4021 1285 4081 ἀλλην
1307 4023 1384 4073 αἰτίαν
1402 4025 1443 4083 τὴν
1463 4024 1594 4077 ὑπόστασιν
1613 4027 1758 4092 ἀναπέμπειν
1782 4031 1854 4082 αὐτοῦ

238 4130 266 4140 -
282 4101 317 4166 (t)
329 4101 386 4151 Vid.
406 4098 501 4150 Fabric.
523 4097 585 4149 Bibl.
601 4097 680 4148 Graec.
697 4096 741 4147 lib.
754 4099 788 4148 tv
800 4110 852 4160 cap.
868 4100 896 4148 ll
908 4095 964 4146 Vol.
979 4100 1021 4146 111
1069 4095 1243 4159 spissatus,
1260 4093 1327 4154 δι’θν
1344 4096 1444 4160 πρόπως
1458 4097 1495 4146 dul
1513 4095 1587 4148 οὖσαν
1611 4099 1659 4150 ἐστι
1679 4118 1713 4164 πῃ
1731 4103 1771 4150 καί
1784 4104 1853 4160 αὐτός

238 4188 262 4238 p.
277 4178 331 4224 510.
342 4171 378 4236 (θ)
393 4171 502 4221 Galenus
522 4168 554 4220 de
571 4166 640 4220 libris
653 4168 757 4232 propriis
766 4173 835 4220 Tum.
847 4169 881 4218 tv
895 4166 935 4218 ed.
948 4166 1021 4218 Basil.
1070 4165 1107 4215 ἀεὶ
1118 4165 1152 4216 ὢν
1165 4165 1206 4215 καὶ
1218 4165 1246 4214 οὐ
1256 4164 1327 4228 μόνον
1336 4164 1446 4228 γενητός,
1456 4166 1515 4216 ἀλλὰ
1526 4169 1566 4216 καὶ
1576 4167 1773 4235 ἀγένητος-(9)
1783 4170 1854 4223 Plato

237 4257 263 4307 p.
276 4246 322 4293 371
333 4241 474 4305 τρίαθὲμοι
485 4240 564 4304 βιόλία
575 4240 639 4304 παρά
648 4255 718 4289 τινων
732 4239 799 4298 ἐδόθη
812 4240 960 4304 γεγραμμένα
970 4239 1023 4304 πρὶν
1069 4235 1134 4287 Tim.
1147 4249 1172 4300 p.
1185 4239 1223 4286 29.
1235 4237 1263 4285 Β.
1274 4235 1321 4284 ὧδε
1333 4233 1375 4285 οὖν
1386 4235 1439 4300 περί
1449 4253 1474 4286 τε
1487 4236 1575 4294 εῑκόνος
1589 4239 1630 4288 καί
1645 4241 1698 4304 περὶ
1716 4245 1758 4290 τοῦ
1775 4259 1854 4307 παρα·
1923 4290 1931 4306 ,

238 4315 270 4370 τίς
286 4313 389 4377 Σμύρναν
403 4313 430 4362 ἐκ
441 4311 568 4374 Περγάμου
579 4311 706 4374 μεταόῆναι
723 4309 831 4368 Πέλοπός
842 4326 869 4359 τε
884 4313 926 4359 τοῦ
942 4311 1023 4370 ἰατροῦ
1070 4308 1192 4371 δείγματος
1203 4307 1273 4366 αὐτῆς
1284 4307 1411 4371 διοριστέον
1417 4342 1424 4370 ,
1435 4309 1467 4365 ὡς
1477 4307 1525 4370 ἀρα
1532 4309 1587 4366 τοὺς
1598 4309 1696 4373 λόγους,
1708 4312 1786 4376 ὧνπέρ
1794 4315 1855 4364 τίσιν

237 4387 278 4434 καὶ
296 4383 400 4434 Ἀλόίνου
419 4387 463 4432 τοῦ
486 4383 640 4432 Πλατωνικοῦ
654 4381 729 4445 χάριν.
742 4406 774 4418 -
787 4381 822 4445 (7)
835 4383 863 4432 ln
875 4381 1023 4433 bibliotheca
1070 4375 1196 4442 ἐξηγηταί,
1208 4377 1300 4428 τούτων
1312 4379 1390 4428 αὐτῶν
1404 4379 1444 4428 καὶ
1463 4379 1576 4442 ξυγγενεῖς
1595 4379 1671 4438 ὄντας.
1685 4385 1734 4433 Tot
1752 4385 1794 4447 μέν
1814 4385 1855 4436 οὖν

237 4455 385 4507 Cauliniana
399 4467 423 4518 p.
438 4455 484 4503 598
495 4456 535 4502 τὸν
546 4452 588 4515 μέν
601 4451 718 4502 Πλάτωνα
729 4453 946 4517 ὑπομνηματίζουσι
960 4455 1024 4504 πλεῖ·
1071 4451 1172 4513 μονίμου
1185 4451 1226 4500 καί
1239 4448 1338 4514 βιάαίου
1352 4451 1393 4499 καί
1408 4449 1468 4513 μετὰ
1479 4455 1521 4500 νοῦ
1532 4457 1679 4516 καταφανοῦς
1693 4453 1803 4518 μονίμους
1814 4458 1855 4506 καὶ

236 4525 519 4590 στοι,χρησιμὼτεροιθὲ
534 4523 618 4582 Γάῖος,
633 4521 912 4589 Ἀλόῖνος,Πρισκιανός,
921 4527 1021 4588 Ταῦρος,
1070 4521 1267 4584 ἀμεταπτώτως,
1291 4519 1343 4570 καθ’
1356 4521 1413 4572 όσον
1433 4539 1459 4572 τε
1480 4522 1627 4585 ἀνελέγκτοις
1645 4525 1760 4588 προσήκει
1777 4527 1855 4591 λόγοις

236 4597 357 4664 Πρόκλος,
369 4597 519 4659 Δαμόισκιος,
534 4595 647 4653 Ἰωάννης
657 4595 671 4643 ό
680 4595 827 4658 Φιλόπονος,
838 4597 902 4654 ὅστις
910 4598 950 4646 καὶ
960 4598 1022 4647 κατὰ
1069 4595 1128 4644 εἶναι
1143 4595 1183 4644 καί
1197 4595 1328 4654 ἀκινήτως,
1340 4594 1425 4644 τούτου
1439 4595 1475 4644 ἀεῖ
1491 4595 1561 4656 μηδὲν
1576 4593 1701 4646 ἐλλείπειν·
1712 4597 1765 4655 τοὺς
1777 4597 1801 4648 δὲ
1813 4604 1855 4648 τοῦ

236 4673 383 4734 Πρισκιανοῦ
394 4668 528 4730 ἠγωνίσατο
538 4665 662 4727 ,πολλάκις
675 4665 699 4715 δέ
712 4665 753 4714 καί
764 4667 826 4716 κατὰ
844 4669 1020 4732 Ἀριστοτέλους.
1068 4665 1125 4730 πρὸς
1135 4667 1178 4730 μὲν
1186 4667 1260 4716 ἐκεῖνο
1271 4665 1461 4728 ἀπεικασθέντος,
1468 4665 1533 4722 ὄντος
1540 4665 1659 4722 δέείκόνος
1666 4668 1757 4725 εἰκότας
1765 4669 1809 4718 ἀνὰ
1820 4670 1855 4719 λό

235 4765 268 4778 -
281 4739 315 4803 (8)
329 4737 430 4789 Proetus
449 4735 476 4788 in
495 4733 559 4787 Plat.
573 4733 637 4785 Tim.
656 4747 680 4798 p.
703 4736 777 4784 stc.
795 4736 955 4786 πάλιντοίνυν
967 4738 1021 4798 τὸν(
1068 4751 1110 4796 γον
1121 4752 1147 4786 τε
1156 4734 1251 4786 ἐκείνων
1259 4733 1368 4796 όντας·ό,
1381 4751 1403 4785 τι
1416 4751 1459 4800 περ
1471 4735 1527 4800 πρὸς
1536 4737 1625 4798 γένεσιν
1636 4736 1790 4796 οὐσίωτοῡτο
1798 4739 1856 4803 πρὸς

236 4813 330 4876 γέγονεν
341 4811 356 4869 ἢ
369 4808 447 4872 ἀγενίς
462 4807 525 4857 ἐστιν
535 4808 558 4856 ol
570 4805 612 4868 μάν
627 4805 770 4867 ἐξηγήσαντο
782 4807 810 4856 τὸ
823 4806 864 4868 pir
879 4807 991 4870 πρότερον
1004 4827 1020 4869 η
1068 4809 1146 4858 πίστιν
1157 4807 1262 4866 ἀλήθεια,
1275 4809 1332 4856 Ἐὰν
1342 4804 1397 4868 οὖν,
1408 4807 1428 4856 rb
1439 4807 1575 4870 Σώκρατες,
1586 4805 1659 4856 πολλὰ
1670 4809 1762 4857 πολλῶν
1781 4809 1856 4860 εἰπόν·

236 4880 388 4942 δασύνοντες,
399 4879 427 4930 τό
440 4877 465 4928 tt
477 4876 582 4941 δεύτερον
591 4875 711 4938 ψιλοῦντες
720 4911 728 4937 ,
737 4876 792 4927 boot
802 4877 872 4940 φασὶν
882 4877 952 4928 αὐτόν
963 4878 1022 4941 ἐρεῖν
1067 4897 1114 4930 των
1126 4879 1179 4944 περὶ
1191 4880 1250 4929 θεῶν
1260 4879 1300 4928 καὶ
1310 4883 1351 4938 τῆς
1365 4883 1407 4927 τοῦ
1418 4879 1506 4934 παντὸς
1525 4881 1640 4940 γενέσεως
1661 4880 1693 4940 μὴ
1711 4879 1807 4930 δυνατοί
1820 4897 1855 4942 γι-

235 4956 289 5018 πτρὶ
301 4957 344 5004 τοῦ
354 4951 440 5006 παντὸς
456 4947 508 4997 καθ’
520 4947 576 4997 όοον
589 4947 684 5009 γέγονεν
697 4944 739 4998 ἀπ’
750 4948 866 5010 alsium
885 4949 929 4998 καὶ·
942 4950 1021 5013 όιγενίς
1066 4947 1259 5014 γνόνμεθαπάντη
1270 4949 1363 5006 πάντως
1375 4949 1459 5005 αὐτοὺς
1467 4950 1546 5006 αὑτοῖς
1554 4948 1755 5012 όμολογουμένους
1766 4949 1854 5012 λόγους

236 5025 312 5086 ἐστιν,
325 5024 365 5074 ῖνα
375 5021 500 5086 γενόμενον
516 5018 574 5070 αὐτὸ
588 5018 748 5083 θεωρήσαντες
766 5019 808 5078 την
823 5019 849 5070 ἐν
868 5020 934 5082 αὐτῷ
955 5021 1023 5086 φύσιν
1068 5022 1108 5070 καί
1120 5019 1328 5084 ἀπηκριόωμίνους
1341 5021 1483 5079 ἀποδοῦναι,
1494 5019 1527 5082 μὴ
1538 5018 1672 5082 θαυμάσῃς,
1683 5019 1734 5069 ἀλλ’
1749 5021 1789 5070 ἐὰν
1809 5021 1855 5086 ἄρα

236 5093 384 5158 κατίδωμεν·
397 5094 438 5143 καὶ
453 5091 506 5151 όγε
521 5087 672 5146 Πλατωνικός
687 5087 791 5146 Ἀλόῐνος
807 5089 870 5144 ἀξιοῖ
883 5090 945 5139 κατὰ
956 5091 1023 5142 Πλό·
1069 5091 1167 5154 μηθενός
1174 5088 1244 5152 ἧττον
1250 5091 1410 5154 παρεχόμεθα
1419 5089 1524 5152 εῖκότας,
1532 5090 1627 5153 ἀγαπᾶν
1639 5090 1698 5154 χρή,
1708 5093 1855 5158 μεμνημένον

234 5180 301 5217 rura
316 5166 357 5216 τόν
378 5163 470 5230 κόσμον
484 5161 597 5227 ἀγένητον
612 5159 669 5210 όντα
685 5162 798 5224 γενέσεως
819 5160 884 5228 ἐχειν
905 5161 996 5228 ἀρχήν,
1010 5163 1024 5214 li
1069 5163 1102 5220 ιθς
1113 5165 1127 5213 ό
1140 5161 1215 5224 λόγων
1226 5161 1274 5226 ἐγὼ
1285 5164 1350 5226 ὑμεῖς
1364 5179 1390 5212 τε
1401 5164 1423 5212 ol
1438 5163 1515 5226 κριταί
1523 5162 1591 5225 φύσιν
1603 5161 1748 5228 ἀνθρωπίνην
1758 5163 1852 5231 ἔχομεν,

236 5240 276 5288 καὶ
295 5235 414 5295 πλεονάζει
434 5241 475 5286 τοῦ
495 5234 574 5298 ὄντος,
593 5231 684 5284 ἐκείνου
704 5232 776 5297 μόνον
793 5232 830 5282 ἀεὶ
849 5233 919 5291 ὄντος
924 5271 933 5296 ,
945 5233 1023 5284 robii
1070 5233 1138 5285 ὥστε
1151 5231 1204 5297 περὶ
1217 5233 1306 5285 τούτων
1320 5233 1360 5283 τόν
1377 5231 1459 5282 είκότα
1478 5233 1549 5295 μῦθον
1567 5232 1754 5296 ἀποδεχομένους
1772 5236 1853 5300 πρίσω

1027 5325 1067 5386 20
