3934 5956
247 427 309 488 286
749 421 900 486 EUDEMI
923 422 1058 486 RHODII
1081 422 1347 487 PERIPATETICI

236 557 292 620 ίεα
309 557 488 636 σημαίνομεν·
505 556 614 616 κινεῖται
625 554 677 637 γδρ
691 555 721 616 τδ
732 557 814 618 ποσὸν
825 558 851 616 έν
866 567 918 626 τοῖς
934 559 1027 630 αἰσίη-
1059 558 1151 637 μιν),
1170 559 1250 620 ἄλλον
1270 560 1329 619 τινίι
1344 559 1418 640 παρὰ
1437 558 1544 627 τούτους
1557 557 1643 640 τρίτον
1658 559 1802 640 ἄνθρωπον
1815 561 1867 622 λέ-

245 652 298 715 τοῒς
318 648 362 706 καί
376 644 538 724 μεταύοίλλει
562 649 678 723 συνεχῶς
699 645 745 706 καὶ
766 651 814 706 οὐκ
835 645 905 706 ἔστιν
927 649 1027 729 οἰφωρι·
1073 670 1153 726 γομεν
1168 652 1337 729 περιπατεῖν·
1354 649 1439 730 τρίτος
1454 648 1506 730 δρα
1524 649 1660 729 ἄνθρωπος
1673 649 1771 724 ἔσται,
1790 643 1868 712 αὐτὸ

246 736 351 813 σμένον.
395 733 464 792 Ἀλλ’
479 732 537 794 οὐδὲ
552 732 668 813 οἰκριύῶς
682 733 726 792 τδν
743 739 788 792 τοῦ
800 733 858 794 ίσου
869 735 946 810 λόγον
963 736 1026 794 ιίνα-
1074 737 1226 816 περιπατεῖν
1242 737 1473 818 κατηγορήσαμεν.
1517 737 1613 819 Τούτῳ
1626 736 1658 810 δὴ
1674 741 1712 820 τῷ
1727 739 1804 821 λόγῳ
1815 740 1869 800 όντι

245 823 386 904 δεχόμενον
400 827 453 880 τῶν
470 826 581 882 ἐνταῦθα
594 820 651 880 ἐστί
665 845 701 884 τι.
733 820 814 882 'llll
830 821 882 899 μὴν
899 823 958 882 ἀλλ’
970 823 1028 882 οὐδέ
1076 829 1219 907 σοφιστικῷ
1231 827 1352 908 οἰρορμύς
1364 827 1508 887 ἰνδιδόασιν
1524 831 1547 888 οἰ
1563 827 1722 908 χωρίζοντες
1737 827 1770 888 τδ
1781 831 1869 891 κοινόν

244 915 279 978 ὡς
295 911 323 970 τὸ
333 910 380 989 μέν
393 909 562 991 παράδειγμα
577 910 675 982 αὐτῶν,
688 907 718 968 τδ
731 908 757 967 δὲ
773 910 860 970 εἰκόνα
872 932 878 946 ·
889 909 962 970 οὐδέν
977 909 1029 992 γδρ
1073 917 1126 973 τῶν
1148 919 1209 976 καθ’
1227 915 1338 990 έκαστα,
1357 914 1372 976 δ
1393 919 1511 976 ποιοῦσιν
1526 916 1551 974 οί
1575 915 1622 984 τδς
1636 917 1707 986 ἰδέας
1723 917 1870 994 τιθέμενοι.

245 1005 346 1080 γνῖλλον
367 1001 474 1080 θιίτερον
490 999 598 1078 θατέρου
623 999 793 1079 παράδειγμα
818 999 835 1070 ἢ
865 998 951 1058 εἰκών.
995 1002 1029 1059 Εἰ
1074 1001 1155 1081 Λέγει
1171 1004 1199 1064 δί
1212 1005 1317 1070 Φανίας
1332 1005 1359 1062 ἰν
1374 1009 1412 1084 τῷ
1427 1005 1491 1085 πρδς
1507 1003 1638 1086 Διόδωρον
1658 1005 1813 1076 Πολύξενον
1828 1011 1872 1071 τ’σν

244 1091 272 1151 δὲ
298 1093 343 1152 καί
358 1090 459 1159 δέξαιτό
476 1114 513 1157 τις
531 1088 569 1168 μὴ
582 1088 722 1166 ὁμώνυμον
737 1079 805 1148 εἰναι
819 1087 867 1161 τὴν
883 1089 972 1148 εἰκόνα
990 1092 1028 1170 τῷ
1076 1091 1205 1171 σοφιστὴν
1227 1092 1271 1150 τὸν
1296 1093 1382 1172 τρίτον
1410 1093 1548 1172 ἄνθρωπον
1566 1093 1683 1173 εἰσάγειν
1702 1095 1825 1176 λέγοντα
1848 1103 1871 1158 εἰ

244 1179 507 1261 παραδείγματι,ἆεί
526 1177 619 1238 έπεται
640 1183 724 1238 ταῦτα
748 1178 782 1237 τδ
800 1177 847 1237 ’ίσα
872 1180 908 1246 ὡς
927 1178 1029 1245 εἰκόνας
1074 1179 1143 1238 κατὰ
1162 1183 1279 1260 μετοχήν
1304 1203 1333 1240 τε
1359 1180 1405 1240 καί
1427 1181 1568 1260 μετουσίαν
1590 1186 1637 1254 τῆς
1663 1184 1737 1252 ἰδέας
1758 1188 1808 1245 καὶ
1824 1192 1871 1247 τοῖν

244 1259 311 1330 εἰναι
325 1270 370 1328 ίσα
383 1273 428 1328 τού
441 1265 536 1346 κυρίοις
548 1267 594 1327 καί
611 1269 714 1340 ἀληθῶς
737 1266 806 1326 ῖσου.
855 1270 889 1328 Εἰ
905 1267 931 1326 δέ
943 1273 1029 1343 τοῦτο,
1075 1271 1276 1348 αὐτοανύρώπου
1291 1275 1305 1330 δ
1320 1268 1456 1350 ἅνθρωπός
1472 1273 1539 1344 ἐστι,
1555 1272 1594 1330 δεῖ
1602 1295 1663 1331 τινα
1678 1261 1751 1332 εἰναι
1762 1273 1869 1351 ἄνθρω-

244 1359 299 1420 έατι
310 1383 336 1418 τι
346 1359 464 1418 αύτόῖσον
475 1357 519 1418 καί
527 1357 633 1436 κυρίως,
643 1355 729 1437 πρδςί
740 1356 774 1416 τὰ
785 1356 879 1416 ένίίοίδε
892 1356 1029 1426 ύνςεῑκόνες
1074 1383 1123 1420 πον
1134 1359 1161 1428 ὃς
1172 1360 1235 1438 πρὸς
1249 1361 1295 1432 τὴν
1311 1361 1382 1421 ἰδέειν
1395 1359 1446 1428 ἕξει
1459 1361 1489 1420 τό
1500 1349 1578 1422 εῖναι.
1623 1359 1695 1421 Οὔτε
1715 1361 1774 1420 δέό
1789 1365 1867 1424 αὐτο·

244 1448 343 1526 γίνεταί
353 1471 381 1507 τε
393 1449 438 1508 καί
455 1448 560 1526 λέγεται
570 1445 626 1522 ίαα,
641 1451 717 1506 τούτο
732 1447 760 1504 δέ
776 1448 845 1506 ε’στιν
863 1446 931 1521 ἰδέα,
941 1449 1028 1528 παρεί-
1074 1448 1221 1530 όνδρωπος,
1235 1448 1263 1516 ός
1277 1449 1347 1508 ἰστιν
1363 1446 1438 1520 ἰδέα,
1452 1448 1521 1507 κατίι
1535 1446 1651 1529 μετοχὴν
1668 1449 1757 1526 ἰδέας,
1784 1451 1869 1517 ούτεδ

184 1587 191 1598 .
244 1540 339 1615 διιγμα
367 1539 411 1596 καί
432 1535 508 1598 εἰκὼν
527 1545 580 1605 τοῖς
600 1536 664 1616 πρδς
691 1537 756 1596 αὐτὸ
784 1535 938 1614 γινομένοις.
983 1527 1029 1604 Εἰς
1073 1537 1113 1606 εἰς
1128 1537 1272 1618 ἄνθρωπος.
1317 1536 1445 1598 Λείπεται
1460 1535 1539 1596 ἄλλον
1556 1537 1614 1596 τινδι
1631 1527 1698 1597 εἰναι
1714 1540 1809 1620 τρίτον
1828 1541 1870 1598 έν·

244 1625 291 1704 μέν
307 1617 548 1704 οὐνούτοςλόγοςὸ
563 1625 608 1684 καὶ
629 1628 679 1683 τῶν
695 1624 760 1703 πρός
774 1649 800 1684 τι
821 1625 1026 1696 κατασκευάζων
1074 1631 1176 1708 θρωπον
1191 1628 1233 1687 τὸν
1249 1626 1311 1705 πρὸς
1325 1625 1373 1698 τὴν
1396 1626 1466 1686 ἰδέαν
1481 1625 1511 1685 τδ
1531 1617 1598 1684 εἶναι
1614 1626 1710 1707 έχοντα
1731 1656 1757 1688 ι.
1807 1629 1868 1689 Δεί-

243 1714 329 1792 ἰδέας,
355 1715 437 1774 δοκῶν
460 1715 662 1793 ἐπιμελέστερον
694 1712 740 1772 καί
767 1714 953 1796 οἰκριύέστερον
984 1715 1028 1775 καί
1074 1738 1164 1774 κνυται
1188 1715 1233 1775 καῖ
1256 1715 1338 1783 οὕτως
1355 1720 1369 1774 δ
1389 1714 1474 1793 τρίτος
1497 1714 1644 1794 ἄνθρωπος.
1687 1716 1770 1778 Εἰτδ
1787 1741 1871 1788 κατη-

243 1803 447 1883 προσεχέστερον
459 1801 586 1862 ἅπτεσθαι
600 1806 647 1873 τῆς
658 1801 758 1870 δείξεως
773 1806 825 1861 τῶν
841 1803 928 1864 ἰδεῶν.
959 1805 1028 1864 Οὐδὲ
1073 1803 1229 1884 γορούμενον
1254 1807 1330 1862 τινῶν
1349 1802 1477 1862 πλειόνων
1501 1805 1605 1878 ἀληθῶς
1629 1803 1673 1864 καί
1698 1805 1773 1866 ἔστιν
1802 1805 1869 1866 ἄλλα

242 1892 293 1973 γὰρ
309 1893 339 1952 τύ
362 1893 446 1952 κοινὸν
473 1882 540 1951 εἰναί
553 1915 579 1949 τι
595 1890 669 1982 παρίι
689 1892 722 1950 τίι
738 1895 795 1950 καθ’
811 1891 911 1951 έκαστα
937 1892 1028 1962 ἁπλῶς
1073 1892 1146 1973 παρδι
1160 1892 1193 1952 τδι
1203 1884 1239 1952 ῶν
1255 1893 1655 1973 κατηγορεῖται,κεχωρισμένον
1669 1895 1872 1974 αὐτῶν(τσῦτο

243 1972 316 2048 οὗτος
334 1984 348 2040 ό
363 1980 438 2060 λόγος
456 1981 526 2039 δοκεῖ
551 1980 699 2054 δεικνύναι,
714 1978 805 2059 ὥσπερ
819 1982 843 2040 οἰ
862 1979 914 2060 πρὸ
929 1984 1026 2057 αὐτοῦ,
1074 1981 1124 2060 γὰρ
1150 1986 1273 2059 ἡγοῦνται
1291 1981 1421 2041 δεικνύναι
1444 1985 1468 2040 οί
1491 1981 1537 2050 τδις
1560 1981 1630 2049 ἰδέας
1652 1982 1804 2058 τιίίέμενοι·
1827 1984 1871 2042 διδ

243 2067 311 2128 llll
336 2067 367 2127 τδ
382 2066 553 2149 παράδειγμά
568 2092 595 2126 τι
609 2057 738 2126 εἶναιτῶν
757 2069 867 2128 ἰνταῶύα
884 2068 966 2129 όντων
981 2095 1027 2130 κυ-
1073 2076 1150 2130 τοῦτο
1171 2071 1222 2150 γοίρ
1239 2069 1295 2129 ἰστί
1317 2095 1343 2128 τι
1360 2067 1561 2148 αὐτοάνθρωπος
1574 2071 1633 2128 κατ’
1660 2069 1772 2142 αὐτούς,
1790 2069 1868 2130 ene

244 2157 305 2238 ρίως
316 2157 358 2216 όν·
371 2162 449 2217 τοῦτο
460 2156 512 2236 γδρ
529 2156 772 2236 χαρακτηριστικδν
793 2147 860 2215 εἰναι
878 2159 951 2217 δοκεῖ
973 2163 1026 2219 τῶν
1074 2157 1209 2238 ἄνθρωπος
1223 2157 1292 2217 κατδι
1307 2161 1358 2216 τῶν
1377 2160 1437 2216 καθ’
1450 2156 1549 2216 έκαστα
1572 2155 1718 2237 ἀνθρώπων
1733 2157 1866 2218 πλειόνων

242 2248 318 2306 ἰδεῶν
342 2247 470 2323 μάλιστα.
516 2247 616 2304 Τοῦτον
637 2241 669 2314 δὴ
684 2244 727 2302 τὸν
744 2243 820 2322 λόγον
836 2245 901 2324 φησὶ
914 2246 959 2304 καί
974 2254 1025 2309 τῶν
1073 2245 1153 2306 όντων
1165 2247 1267 2320 ἀληθῶς
1281 2246 1465 2325 κατηγορεῖται
1475 2245 1521 2306 καί
1533 2245 1610 2313 ἄλλος
1624 2249 1675 2304 τῶν
1688 2249 1748 2304 καθ’
1762 2245 1866 2306 ἕκαστα

242 2335 306 2415 πρός
320 2358 346 2394 τι
361 2333 430 2400 ἰδέας
445 2333 661 2400 κατασκευάζειν.
686 2329 720 2392 Ἣ
734 2337 794 2411 γοῦν
807 2332 881 2402 δεῖξις
894 2338 910 2405 ἡ
925 2340 969 2394 νῶν
985 2337 1028 2395 ἐπὶ
1073 2334 1218 2414 ἀνθρώπων
1235 2333 1325 2414 ἐστίν)
1343 2367 1384 2380 -
1402 2333 1462 2394 ἀλλ’
1476 2336 1499 2393 εἰ
1517 2339 1604 2408 τοῦτο,
1618 2333 1693 2392 ἔσται
1716 2359 1758 2400 τις
1782 2335 1867 2415 τρίτος

241 2431 286 2485 τοῦ
302 2425 359 2484 ἴσου
370 2422 539 2504 προῆλθεν,δ
552 2423 608 2480 ἰ-στι
620 2424 670 2480 τῶν
686 2422 749 2502 πρός
764 2446 805 2480 τι·
819 2428 870 2482 τῶν
886 2423 913 2484 δέ
926 2425 991 2506 πρός
1000 2451 1026 2486 τι
1074 2423 1218 2502 ἄνθρωπος.
1265 2423 1364 2502 Εἰγίιρ
1381 2422 1730 2504 όλλοςόκατηγσρούμενος
1745 2413 1863 2483 τῶνκατ-

243 2515 289 2574 ούκ
302 2511 390 2590 έλιγον
402 2511 472 2578 ἰδέας
486 2501 552 2570 εἰναι
567 2509 609 2568 διίι
623 2509 653 2568 τδ
668 2509 715 2576 τδις
726 2510 772 2587 μέν
788 2510 857 2578 ἰδέας
871 2515 930 2571 καθ’
945 2515 1026 2582 αύτίις
1072 2513 1229 2592 ηγορεῖται,
1248 2511 1293 2570 καί
1308 2511 1366 2570 κατ’
1389 2511 1457 2570 ἰδίαν
1473 2511 1598 2590 ύφεστιύς,
1628 2520 1823 2592 κατηγορεῖται
1838 2513 1865 2572 δέ

243 2601 383 2682 ὑφεστάναι
396 2601 483 2666 αὐτοῖς
496 2598 585 2666 οὐσίας
599 2598 669 2664 τινὰς
685 2597 778 2671 οὔσας,
793 2597 826 2658 τδι
842 2599 869 2658 δέ
882 2603 946 2681 πρός
960 2626 986 2661 τι
1000 2606 1027 2662 ἰν
1074 2601 1143 2662 κατέ
1157 2625 1186 2661 τε
1200 2604 1251 2660 τῶν
1266 2600 1323 2660 καθ’
1335 2600 1435 2660 ἕκαστα
1452 2601 1497 2659 καὶ
1510 2599 1579 2660 κατῖι
1588 2604 1635 2670 τῆς
1649 2601 1720 2670 ἰδέας
1734 2605 1750 2661 ὁ
1766 2603 1864 2684 ἄνδρα

241 2688 350 2769 τῇπρδς
367 2687 469 2760 ἄλληλα
488 2688 578 2766 σχέσει
597 2685 627 2744 τδ
643 2675 804 2766 εἰναιέχειν.
828 2683 892 2747 Ἔτι
907 2688 933 2746 δί
954 2691 977 2749 εἰ
997 2690 1026 2750 τό
1072 2713 1130 2764 πος,
1152 2689 1226 2750 ἔσται
1240 2689 1326 2768 τρίτος
1352 2712 1391 2756 τις
1406 2688 1541 2766 ἄνθρωπος
1569 2689 1643 2768 παρά
1668 2713 1698 2746 τε
1721 2691 1784 2757 τούς
1806 2697 1864 2750 καθ’

241 2775 297 2836 ίσον
313 2776 362 2855 ίσῳ
375 2774 443 2848 ἴσον,
459 2775 563 2840 πλείους
579 2773 646 2833 ἰδέαι
666 2779 713 2830 τοῦ
727 2772 785 2833 ἴσου
799 2771 829 2832 ἂν
845 2763 910 2832 εἰεν·
929 2775 960 2834 τδ
975 2777 1026 2855 γδιρ
1072 2776 1171 2836 ἕκαστα
1186 2777 1230 2835 καί
1242 2777 1288 2848 τὴν
1302 2778 1384 2840 ἰδέαν.
1428 2775 1525 2846 Οὐτως
1539 2775 1567 2836 δὲ
1577 2778 1622 2836 καὶ
1631 2777 1758 2857 τέταρτος
1771 2783 1865 2840 emta

242 2863 362 2922 αὐτόῐσον
374 2857 488 2942 αὐτοῖσῳ
499 2859 570 2921 ίσον·
586 2863 607 2922 εἰ
617 2859 668 2942 γδιρ
680 2861 772 2937 μηδενὶ
783 2861 849 2934 ἰσον,
861 2863 919 2922 οὐδέ
932 2865 985 2924 ἴσον
994 2865 1026 2924 διν
1072 2889 1101 2926 τε
1113 2865 1205 2925 τούτου
1219 2865 1268 2924 καί
1292 2869 1339 2937 τῆς
1360 2865 1428 2932 ἰδέας
1442 2866 1488 2924 καί
1507 2868 1559 2924 τῶν
1577 2865 1636 2925 καθ’
1652 2865 1755 2925 έκαστα
1777 2891 1864 2940 κατη-

241 2950 293 3022 είη.
317 2950 378 3010 Ἔτι
394 2950 480 3020 δεήσει
494 2950 539 3010 καί
551 2953 602 3008 τῶν
611 2950 706 3010 ἀνίσων
718 2949 787 3010 κατδ
799 2950 843 3009 τδν
857 2951 934 3012 αὐτόν
950 2952 1025 3032 λόγον
1072 2953 1237 3034 γορούμενος,
1251 2955 1347 3028 δμοίως
1358 2953 1440 3014 δὲκαὶ
1452 2955 1579 3030 πέμπτος,
1590 2954 1780 3014 καίτοῶτοέπ’
1792 2959 1866 3014 ἄπει·

242 3037 310 3104 ἰδέας
321 3029 511 3113 εἰναι·όμοίως
524 3037 576 3118 γδρ
586 3043 637 3098 τῶν
652 3039 838 3116 ἀντικειμένων
848 3039 1025 3119 έσονταίγεῆ
1073 3065 1127 3121 ρον,
1172 3037 1251 3100 Ἔστι
1266 3040 1412 3117 δέδλόγος
1424 3032 1500 3109 οὗτος
1511 3044 1550 3121 τῷ
1564 3040 1792 3122 πρώτγιδαύτός,
1804 3043 1866 3101 ἰπεί

241 3129 288 3188 οὐκ
300 3125 403 3186 ἔσονται
411 3127 489 3185 ἰδέαι·
498 3126 528 3186 τδ
537 3128 564 3185 δὲ
577 3125 665 3188 οἰνισον
676 3129 841 3206 ὁμολογεῖται
857 3129 902 3188 καί
913 3131 973 3188 κατ’
984 3135 1027 3190 αὐ-
1073 3130 1162 3190 ἔθεντο
1176 3131 1209 3188 τδι
1222 3129 1300 3206 ὅμοια
1312 3133 1357 3188 τοῖν
1372 3131 1451 3188 αὐτοῦ
1462 3153 1530 3198 τινος
1541 3133 1668 3211 μετουσία
1684 3131 1767 3207 ὅμοια
1783 3124 1866 3191 εῖναι·

240 3214 333 3281 τούςίν
348 3213 465 3274 πλείοσιν
479 3204 555 3273 εἰναι.
564 3214 652 3276 Πόλιν
662 3217 688 3273 δέ
698 3217 879 3288 ἰκοινοποίηαε
890 3215 937 3287 τὴν
949 3217 1025 3286 δόξαν
1072 3218 1157 3292 δμοιοι
1171 3219 1222 3297 γὰρ
1233 3215 1259 3276 οἵ
1270 3242 1299 3278 τε
1314 3218 1447 3298 ἄνθρωποι
1462 3217 1508 3277 καί
1522 3220 1550 3276 αἰ
1563 3217 1641 3279 ἰδέαι.
1686 3217 1869 3299 Ἀμροτέρσυς

241 3307 276 3369 ὡς
291 3303 356 3379 πρὸς
370 3302 467 3362 οἰκείαν
487 3296 565 3362 οὖσαν
591 3305 671 3374 αὐτὴν
689 3306 792 3382 λέγων,
809 3303 851 3362 eze
877 3309 922 3362 τού
944 3308 1025 3365 εἰπεῖν
1073 3307 1103 3381 δὴ
1120 3307 1326 3376 τούςδοκοῶντας
1341 3307 1539 3388 ἁκριύεοτέρους
1553 3296 1868 3387 εἰναιλόγουςδιήλεγξε,

243 3383 302 3451 «ὧν
313 3390 342 3452 οὐ
352 3415 439 3472 φαμεν
454 3383 521 3451 εἰναι
532 3395 590 3451 καθ’
604 3393 668 3450 αύτδ
677 3392 747 3470 γένος
760 3421 781 3464 ν,
792 3392 864 3470 γένος
874 3391 957 3470 λέγων
968 3397 1026 3454 εἰντί
1072 3397 1116 3458 τδν
1129 3396 1176 3474 μέν
1187 3401 1222 3464 ῶς
1234 3396 1279 3456 καί
1289 3401 1342 3455 τῶν
1355 3397 1418 3476 πρός
1430 3420 1455 3454 τι
1467 3395 1699 3464 κατασκευάζοντα
1721 3396 1804 3471 ἰδέας,
1819 3402 1867 3458 τὸν

241 3489 287 3542 τοῦ
302 3480 445 3541 ύπόστασιν
465 3481 510 3540 καί
525 3479 615 3561 φύσιν,
632 3479 685 3558 εἴγε
700 3479 729 3538 τδ
744 3479 808 3561 πρός
831 3505 857 3540 τι
872 3485 1026 3565 παραρυοίδι
1072 3485 1246 3568 δέὼςτρίτον
1274 3486 1410 3566 ἄνθρωπον
1430 3486 1581 3564 εἰσοίγοντα,
1609 3474 1666 3542 εἰτα
1684 3486 1727 3543 ἐπ’
1751 3486 1866 3566 ἄπειρον

241 3571 339 3642 έοικεν,
369 3572 405 3636 ὡς
427 3571 453 3628 έν
480 3569 567 3634 ἄλλοις
602 3558 685 3629 εἰπεν.
729 3567 763 3630 Ὁ
792 3569 820 3630 δέ
838 3569 912 3650 λόγος
938 3576 951 3630 δ
980 3573 1024 3634 τδν
1073 3575 1182 3646 αὔξοντα
1197 3575 1255 3642 τούς
1273 3575 1433 3655 ἀνθρώπους.
1475 3573 1592 3651 Ὁμοίως
1608 3571 1635 3631 δέ
1649 3573 1759 3632 καὶτῶν
1772 3573 1867 3634 ἄλλων

241 3661 328 3742 τρίτον
343 3659 478 3739 ἄνθρωπον
490 3658 603 3736 εἰσάγων
617 3663 740 3725 τοιοῦτος.
759 3656 873 3736 Λέγουσι
887 3660 921 3720 τδι
935 3668 1025 3732 κοινῶς
1071 3665 1181 3725 ἕκαστον
1204 3664 1380 3736 αὐξηθήσεται
1401 3655 1436 3724 ὧν
1452 3662 1573 3742 λέγουσιν
1597 3661 1667 3729 ἰδέας
1690 3654 1773 3724 εἰναι.
1822 3668 1868 3744 Τῇ

240 3747 456 3829 κατηγορούμενα
472 3751 523 3806 τῶν
547 3749 642 3806 οὐσιῶν
659 3746 755 3827 κυρίως
771 3771 800 3805 τε
815 3738 882 3808 ε’ίναι
901 3757 1023 3826 τοιαῦτα,
1072 3757 1119 3834 μέν
1137 3747 1181 3815 οὐν
1201 3755 1294 3834 πρώτῃ
1317 3759 1363 3812 τοῦ
1385 3753 1473 3834 τρίτου
1492 3751 1630 3832 οἰνδρῶπου
1645 3751 1771 3829 έξηγήσει
1784 3752 1867 3814 ἄλλοι

240 3839 392 3898 καὶταῦτα
418 3827 617 3898 εἰναιτδιῖσα.
663 3835 724 3896 Ἔτι
747 3835 781 3894 τδι
800 3836 878 3915 ὅμοια
902 3841 1026 3912 ἀλλήλοις
1070 3867 1098 3901 τε
1113 3841 1313 3921 κέχρηνταικαί
1323 3839 1446 3919 Εὔδημος
1455 3845 1546 3923 σαιρῶς
1560 3845 1587 3900 έν
1599 3840 1654 3908 τοῖς
1666 3840 1727 3919 περί
1743 3839 1864 3919 ΛεἜεως,

239 3933 285 3985 τοῦ
301 3928 380 3985 αὐτοῦ
394 3948 461 3992 τινος
478 3924 605 4005 μετουσίᾳ
619 3923 698 4002 ὅμοια
710 3924 833 3998 ἀλλήλοις
846 3915 926 4000 εἰναι,
945 3928 1025 3989 δκυ-
1070 3937 1104 4006 τῆ
1116 3932 1144 3990 δὲ
1164 3930 1303 4011 τελευταία
1328 3932 1405 3998 αὐτὸς
1424 3931 1450 3991 έν
1466 3956 1494 3992 τε
1513 3933 1550 4012 τῷ
1565 3929 1682 4009 τετάρτῳ
1697 3931 1760 4008 περὶ
1771 3929 1865 3992 ’ἰδεῶν

242 4013 301 4094 ρίως
316 4013 371 4072 έστί
385 4018 477 4072 τοῦτο·
494 4013 539 4073 καί
553 4020 629 4074 τοῦτο
642 4005 711 4073 εἰναι
727 4015 774 4085 τὴν
790 4015 872 4076 ἰδέαν.
907 4015 979 4078 Ἀλλ’
1001 4023 1024 4078 εἰ
1071 3999 1115 4080 καί
1130 4021 1256 4101 ἐντούτῳ
1272 4022 1329 4098 μετ’
1344 4019 1443 4098 ὀλίγον.
1488 4019 1565 4096 Ergo
1577 4019 1715 4078 certiores
1730 4020 1867 4081 rationes

240 4100 386 4172 τοῦτο,καί
402 4101 432 4158 τὸ
459 4101 688 4180 κατηγορούμενον
706 4105 782 4160 τινῶν
805 4107 916 4174 κοινῶς,
936 4104 968 4164 ἂν
983 4106 1022 4184 μὴ
1071 4110 1212 4190 appellari
1231 4109 1345 4188 judicat
1358 4107 1537 4182 Alexander,
1556 4107 1662 4186 quibus
1685 4127 1745 4166 non
1761 4110 1865 4168 solum

240 4179 363 4264 ταύτύνῇ
378 4187 483 4247 ἐκείνων
499 4189 549 4248 τινί
564 4181 600 4248 ῶν
620 4191 824 4269 κατηγορεῖται,
841 4193 906 4252 ἄλλο
920 4194 945 4252 τί
968 4197 1025 4256 ἐστι
1070 4219 1223 4259 commune
1238 4199 1387 4279 quidpiam
1401 4212 1508 4278 γυναίοις
1522 4197 1652 4274 singulas
1665 4217 1711 4256 res
1726 4217 1793 4256 esse
1810 4200 1865 4259 de·

240 4277 303 4354 παρ’
319 4278 421 4338 ἐκεῖνα·
438 4275 481 4334 διὰ
502 4281 578 4336 τοῦτο
603 4277 654 4358 γὰρ
683 4279 754 4356 γένος
768 4283 782 4337 ὁ
808 4281 1025 4361 αὐτοάνθρωπος,
1070 4301 1259 4366 monstretur,
1270 4308 1373 4350 verum
1382 4289 1457 4347 idem
1472 4307 1590 4366 quoque
1603 4286 1766 4364 exemplar,
1778 4291 1865 4365 quod

241 4361 282 4423 ὅτι
303 4362 528 4442 κατηγορούμενος
555 4369 607 4424 τῶν
638 4365 696 4425 καθ’
719 4365 821 4426 ἕκαστα
838 4371 923 4429 οὐδενί
939 4374 1024 4435 αὐτῶν
1070 4378 1191 4456 singulae
1220 4398 1268 4437 res
1293 4379 1455 4440 imitentur.
1477 4375 1571 4454 Cujus
1598 4375 1714 4454 quidem
1738 4381 1863 4450 generis

240 4443 272 4525 ἦν
301 4451 424 4518 latiale·
468 4451 563 4532 Τρίτος
578 4453 713 4532 ἅνθρωπος
739 4454 814 4514 ἔσται
837 4480 876 4525 τις
897 4460 972 4542 παροί
994 4487 1024 4523 τε
1069 4488 1134 4546 quae
1154 4467 1214 4526 dun
1235 4467 1321 4526 allent
1342 4467 1489 4545 exempla,
1504 4486 1538 4523 ea
1557 4463 1667 4543 aliquid
1684 4464 1865 4528 offensionis

239 4540 284 4602 τύν
308 4539 365 4600 καθ’
387 4539 507 4618 έκαστα,
525 4533 577 4602 οἶον
600 4544 731 4624 Σωκράτη
748 4543 793 4603 καί
814 4545 963 4624 Πλούτωνα,
978 4552 1024 4612 καί
1071 4555 1190 4616 habent.
1206 4559 1322 4634 Quippe
1336 4555 1507 4616 Aristoteles
1524 4573 1622 4612 rerum
1643 4554 1733 4611 etiam
1750 4556 1789 4612 ad
1807 4558 1863 4613 ali-

240 4630 314 4710 παρδι
340 4628 387 4702 τὴν
408 4629 491 4706 ἰδέαν,
510 4629 567 4703 ἥτις
588 4631 633 4692 καί
662 4631 728 4706 αὐτὴ
752 4632 801 4709 μία
831 4639 890 4694 κατ’
911 4639 1022 4716 ἀριθμόν
1071 4645 1143 4722 quid
1158 4645 1312 4702 relatarum
1334 4644 1416 4704 ideas
1432 4664 1495 4704 esse
1513 4644 1589 4702 effici
1608 4645 1671 4703 istis
1692 4643 1863 4706 rationibus

241 4723 318 4783 ἐστιν.
362 4710 418 4780 ’Ἦν
431 4719 460 4778 δέ
472 4744 510 4790 τις
521 4721 597 4802 λόγος
610 4721 661 4782 ύπδ
674 4725 726 4782 τῶν
740 4729 869 4800 σοφιστῶν
885 4727 1024 4806 λεγόμενος
1069 4736 1118 4795 ait.
1136 4733 1192 4791 Sed
1204 4734 1355 4810 quaen'tur,
1370 4753 1455 4812 quem
1476 4735 1592 4792 tertium
1607 4733 1756 4792 hominem
1771 4734 1860 4794 intel·

239 4807 324 4889 τρίτον
358 4808 492 4889 ἄνθρωπον
528 4812 638 4890 εἰσάγων
678 4819 801 4882 τοιοῦτος.
847 4817 880 4876 Εἰ
906 4816 1023 4896 λέγοντες
1068 4824 1139 4900 ligat
1149 4821 1312 4898 Stagirites,
1325 4843 1382 4901 qua
1396 4823 1591 4903 appellatione
1607 4821 1677 4880 nihil
1694 4821 1767 4880 olim
1780 4825 1860 4883 cele·

242 4923 257 4952 ι
273 4898 407 4982 ἄνθρωπος
422 4909 562 4981 περιπατεῖ
585 4929 598 4954 ν
622 4901 681 4962 ούτε
705 4902 749 4961 τὸν
767 4905 803 4971 ὡς
827 4904 898 4964 ἰδέαν
920 4906 1023 4988 ἄνθρω-
1068 4909 1181 4968 bratius
1206 4909 1272 4970 luit.
1295 4909 1346 4970 Est
1369 4925 1464 4970 autem
1488 4909 1535 4968 hic
1559 4909 1623 4988 ejus
1650 4909 1859 4989 appellationis

240 5011 288 5048 πον
308 4992 459 5071 περιπατεῖν
483 4991 594 5071 λέγομεν
618 4993 753 5071 (ἀκίνητος
771 4991 822 5072 γδιρ
844 4995 946 5067 ἐκείνη)
962 4997 1022 5058 οὔτε
1070 5017 1181 5058 sensus.
1207 4997 1293 5068 Quod
1321 4999 1513 5057 communiter
1546 4998 1584 5057 de
1604 4999 1743 5077 pluribus
1767 4997 1859 5060 rebus

239 5078 291 5136 τῶν
307 5083 365 5138 καθ’
378 5078 479 5140 ἕκαστοί
502 5105 561 5140 τινα
576 5084 647 5160 (πῶς
661 5083 712 5163 γὰρ
736 5081 765 5142 δν
781 5081 818 5159 μὴ
841 5083 1019 5166 γνωρίζομεν;
1068 5089 1253 5168 praedicatur,
1277 5088 1308 5147 id
1323 5087 1473 5148 diversum
1493 5109 1528 5147 ao
1548 5087 1715 5167 sejunctum
1737 5087 1857 5150 abillis

239 5165 270 5224 τδ
293 5167 340 5242 μέν
358 5166 410 5250 γδρ
429 5169 564 5252 ἄνθρωπον
583 5181 737 5252 περιπατεῖν
757 5173 928 5256 γνωρίζομεν,
943 5176 982 5242 τίς
994 5175 1020 5236 δὲ
1067 5189 1177 5250 εκείοίς
1194 5177 1274 5254 atqui
1299 5190 1359 5236 tum
1377 5177 1413 5236 de
1437 5177 1570 5237 sensibili
1591 5177 1711 5238 homine
1733 5189 1798 5236 tum
1819 5178 1855 5240 ιίε

239 5256 292 5313 τῶν
314 5255 372 5315 καθ’
386 5257 486 5319 ῖκαστιί
507 5263 579 5323 ε’στιν
603 5263 643 5331 ὐφ’
662 5253 685 5335 ᾧ
703 5263 826 5340 λέγομεν,
842 5265 872 5323 οὐ
896 5265 1020 5343 γνωρίζο·
1067 5265 1197 5326 hominis
1217 5265 1296 5328 idea.
1313 5265 1398 5339 ουγύε
1413 5267 1620 5326 communione
1644 5266 1697 5324 ille
1721 5265 1853 5338 exsistit,
