3958 5942
810 335 1058 398 FRAGMENTA.
1671 341 1730 404 223

129 465 194 548 χήν,
207 464 264 554 ὅθεν
279 464 408 544 λοιδορίας
421 467 504 533 νεῖκος
523 465 604 545 ἀρχή.
619 465 677 539 Τὴν
698 464 745 544 μέν
759 460 804 528 οὖν
822 467 908 549 ἀρχὴν
952 469 1087 542 νοῦνταιῆ
1111 467 1229 542 ἀκίνητοί
1243 473 1305 532 εἰσι.
1321 470 1375 531 Καὶ
1394 473 1472 544 δῆλον
1489 470 1529 531 ότι
1545 469 1593 546 τ’λν
1614 473 1730 554 ἀνάγκην

125 553 174 616 καλ
189 552 219 612 τδ
234 561 361 633 στοιχεῖον
375 549 444 612 ούτω
461 555 582 630 λέγουσιν
596 545 662 612 εἶναι
685 553 772 630 αίτιο,
791 559 820 616 τὸ
834 558 861 616 δὲ
878 549 908 617 ού
952 547 1022 616 ούτοι
1036 561 1085 628 τῆς
1097 559 1266 640 ἀντιφατικῆς
1281 558 1433 638 διαιρέσεως
1448 559 1657 625 ἀποδεδώκασιν.
1672 563 1731 622 Gae·

126 641 205 702 ένεκο
221 645 268 702 ούκ
282 641 434 720 ἀπιδέχεται
446 641 489 700 τὸν
505 647 549 701 τοῦ
562 643 692 723 στοιχείου
706 642 796 723 λόγον·
812 645 841 704 ού
857 645 907 726 γὰρ
953 659 1046 705 terum
1062 645 1238 706 'l'hcmistius
1253 648 1301 707 iol.
1323 648 1357 704 15
1372 647 1419 722 b.,'
1431 649 1590 708 Eudemum
1613 651 1730 711 fortasse

126 731 269 812 ἐνυπάρχει
282 734 309 790 έν
333 733 371 811 τῷ
394 734 518 812 αἰτιοτῷ,
540 721 592 791 οἷον
617 734 644 790 έν
662 736 699 812 τῷ
720 739 907 813 περιποτεῖνή
952 749 1083 809 secutus,
1106 736 1272 800 Aristotelis
1292 735 1383 794 verba
1404 736 1454 794 tali
1475 738 1731 798 circumlocutione

125 823 229 903 ύγίεια,
240 819 299 882 οὐδὲ
317 819 386 900 ἀρχὴ
401 826 447 880 τοῦ
464 829 617 900 περιπατεῖν
633 825 650 893 ἡ
672 821 757 901 ύγίεια
791 821 906 900 αίνετοι,
952 825 1087 902 explanat
1100 843 1108 886 ε
1122 824 1223 902 ἀνάγκη
1234 824 1282 897 τήν
1295 825 1380 905 ἀρχήν
1392 824 1410 896 ’λ
1424 825 1488 902 μίαν
1504 825 1520 897 ἢ
1535 825 1638 892 πλείους
1652 813 1729 897 εἶναι,

124 911 193 970 ἀλλά
210 908 408 992 μᾶλλονιοίτίο.
427 908 467 968 Τδ
481 907 508 968 δὲ
523 899 553 967 ού
567 907 644 969 ένεκα
660 908 706 969 καλ
718 908 748 968 τό
760 844 827 980 elio<
841 910 905 970 σύν·
953 913 1011 971 ἀλλ’
1029 911 1081 972 είτε
1101 913 1216 991 μίαν,ἢ
1237 913 1391 992 κινουμένην
1412 936 1442 991 γε
1459 911 1477 986 ἢ
1492 914 1634 990 ἀκίνητον,
1653 913 1731 984 ἢπε-

124 1021 199 1080 εγγυς
215 997 347 1080 φαίνεται,
356 997 396 1057 διὸ
407 996 524 1073 μάλιστα
534 997 611 1078 αἰτίῳ
620 997 688 1059 ίοικε
699 999 730 1058 τὸ
745 990 775 1058 ού
786 999 905 1060 ἕνεκεν.»
951 1001 1119 1080 περασμένην
1134 1000 1152 1074 ἢ
1166 1001 1286 1082 ἄπειρον·
1297 1001 1350 1062 εἴτε
1359 1002 1475 1076 πλείους,
1488 999 1534 1061 κοί
1545 1001 1643 1068 τούτοις
1657 1025 1686 1078 γε
1697 991 1731 1059 ού

125 1091 243 1148 Τοιοῦτο
267 1087 314 1162 μὲν
337 1085 382 1146 καλ
404 1086 438 1146 cl
458 1091 504 1146 τοῦ
528 1087 664 1164 Εύδήμου.
690 1120 728 1142 -ι-
747 1087 854 1149 Τούτων
878 1088 907 1150 δὲ
951 1087 1138 1169 ήκινουμίνας
1162 1114 1192 1170 γε
1211 1091 1229 1164 ἢ
1245 1091 1397 1166 ἀκινήτους,
1413 1087 1430 1162 ἢ
1449 1091 1650 1172 πεπερασμένος
1672 1091 1731 1150 κοτ’

124 1177 188 1252 ἡμῖν
204 1174 383 1255 ἱστορημένων
398 1175 461 1255 πρὸς
476 1174 523 1254 μὲν
544 1175 588 1236 τὸν
604 1175 771 1256 Ἀλέξανδρον
790 1175 836 1238 καί
855 1178 907 1258 πρὸ
952 1177 1092 1257 ἀριθμδνή
1109 1179 1189 1238 πάλιν
1205 1179 1334 1260 ἀπείρους.

123 1264 215 1325 τούτου
226 1263 291 1345 πρὸς
300 1263 345 1324 τδν
357 1263 482 1342 Εὔδημον
494 1264 602 1346 ῥητέον,
615 1265 694 1326 ότιτδ
705 1258 735 1325 ού
746 1264 823 1324 ένεκα
833 1267 906 1335 τέλος
990 1286 1015 1328 4.
1038 1269 1078 1327 'it
1095 1265 1142 1342 μὲν
1164 1257 1209 1326 σύν
1232 1269 1255 1325 εἰ
1275 1267 1303 1326 έν
1317 1265 1362 1324 καί
1381 1267 1503 1337 ἀκίνητον
1518 1265 1548 1324 τὸ
1561 1261 1589 1324 δν
1605 1266 1729 1339 σκοπεῖν,

124 1353 152 1412 δν
166 1351 213 1413 καί
231 1351 302 1432 ἀρχὴ
317 1352 358 1425 είη
373 1352 405 1411 δν
422 1352 526 1421 ποίντως
540 1353 586 1414 καλ
601 1353 747 1435 κυριωτέρα
766 1359 811 1413 τού
826 1377 905 1430 ποιη-
951 1358 979 1416 ού
1001 1355 1061 1434 περί
1085 1354 1185 1435 φύσεώς
1209 1357 1266 1415 ἐστι
1288 1363 1407 1416 σκοπεῖν.
1429 1350 1538 1433 Ὥσπερ
1557 1354 1609 1433 γὰρ
1627 1354 1672 1413 καί
1692 1359 1730 1434 τῷ

123 1446 197 1500 τικοῦ
213 1441 306 1520 ἀρχή.)
951 1443 1088 1523 γεωμέτρῃ
1112 1443 1196 1505 οὐκέτι
1215 1443 1291 1522 λόγος
1313 1443 1370 1502 έστλ
1390 1443 1454 1521 πρὸς
1476 1443 1520 1502 τδν
1540 1441 1663 1502 ἀνελόντα
1684 1441 1732 1510 τὰς

164 1549 188 1592 ο.
212 1528 328 1607 Ἀνάγκη
343 1529 365 1586 δ’
378 1529 438 1601 ήτοι
450 1527 511 1606 μίαν
523 1518 590 1588 εἶναι
601 1529 649 1601 τήν
660 1531 744 1610 ἀρχὴν
758 1530 775 1601 ἢ
788 1531 903 1602 πλείους,
951 1531 1048 1610 ἀρχάς,
1065 1533 1122 1590 ἀλλ’
1141 1531 1200 1602 ήτοι
1215 1531 1305 1610 έτίρας
1318 1529 1465 1610 ἐπιστήμης
1483 1530 1500 1602 ἢ
1517 1533 1609 1588 ποσῶν
1626 1533 1729 1602 κοινῆς,

125 1616 172 1677 καὶ
187 1620 212 1676 εί
229 1617 308 1693 μίαν,
327 1615 385 1688 ἤτοι
399 1616 536 1690 ἀκίνητον,
554 1617 588 1685 ὥς
600 1641 664 1698 φησι
679 1619 846 1700 Παρμενίδης
859 1619 905 1680 καί
951 1619 1031 1685 οὕτως
1044 1617 1103 1678 οὐδὲ
1116 1623 1155 1699 τῷ
1177 1619 1236 1698 περί
1255 1621 1355 1698 ἀρχῶν.
1373 1620 1413 1680 oi
1434 1619 1486 1699 γὰρ
1507 1617 1546 1676 ἔτι
1561 1616 1631 1696 ἀρχή
1647 1619 1730 1690 ἐστιν,

126 1706 280 1782 Μέλισσος,
295 1705 312 1777 ἢ
336 1704 491 1779 κινουμένην
513 1705 603 1786 ὥσπερ
624 1710 647 1764 cl
668 1709 787 1787 φυσικοί,
810 1711 833 1768 οἱ
857 1708 904 1786 μὲν
953 1710 974 1765 εἰ
988 1705 1015 1764 ἓν
1031 1706 1108 1786 μόνον
1121 1708 1167 1766 καί
1180 1708 1263 1776 οὕτως
1276 1707 1302 1766 έν
1319 1711 1402 1768 έστιν.
1425 1707 1460 1768 Ἡ
1480 1706 1530 1788 γάρ
1545 1709 1615 1788 ἀρχὴ
1630 1705 1729 1776 τινδςή

124 1795 190 1875 ἀέρα
205 1793 348 1876 φάσκοντες
363 1784 447 1867 εἶναι,
460 1797 484 1854 ol
499 1795 521 1853 δ’
538 1794 608 1875 ὕδωρ
623 1795 670 1866 τὴν
685 1799 791 1876 πρώτην
804 1797 904 1876 ἀρχήν·
950 1799 1038 1854 τινῶν.

125 1886 148 1942 εἰ
172 1885 199 1942 u
215 1881 333 1960 πλείους,
350 1882 367 1954 ἢ
391 1883 592 1963 πεπερασμένος
612 1881 629 1956 ἢ
653 1885 788 1965 ἀπείρους,
812 1884 858 1945 καί
881 1889 904 1946 εί
991 1884 1179 1962 (Aristoteles
1194 1885 1284 1962 Phys.
1302 1884 1379 1945 lib.l
1395 1904 1458 1963 cap.
1475 1905 1505 1945 α.
1527 1903 1593 1961 pag.
1611 1884 1676 1952 184.
1696 1881 1727 1940 b.

124 1969 323 2053 πεπερασμένος
338 1972 443 2039 πλείους
456 1971 483 2030 δέ
505 1982 586 2049 μιᾶς,
601 1972 682 2044 ήδύο
698 1973 795 2053 ήτρεῖς
815 1972 905 2046 ήτέτ-
950 1973 998 2030 κύ,
1014 1972 1061 2032 ed.
1078 1971 1200 2032 Belker.
1222 1970 1387 2050 Simplicius
1407 1971 1457 2030 iol.
1481 1991 1514 2026 10
1537 1967 1568 2028 b.
1595 1987 1657 2045 seq.
1674 1968 1727 2045 (cl.

124 2083 205 2138 ταρος
227 2058 245 2130 ἢ
267 2060 345 2119 ἀλλον
368 2059 428 2120 τινὰ
456 2061 583 2140 ἀριθμόν,
608 2061 654 2121 καί
680 2064 701 2122 εἰ
723 2061 862 2138 ἀπείρως,
885 2063 903 2136 ἢ
948 2059 1055 2118 Scholl.
1071 2060 1100 2117 in
1114 2059 1204 2121 Arist.
1218 2079 1285 2138 pag.
1303 2060 1371 2132 3²7.
1394 2079 1419 2120 ιι.
1437 2057 1483 2118 ed.
1502 2055 1638 2133 licendis)
1658 2056 1729 2128 ζητεῖ

123 2149 205 2215 ούτως
218 2147 308 2230 ὥσπερ
322 2148 503 2228 Δημόκριτος,
524 2150 554 2209 τὸ
574 2149 647 2228 γένος
669 2149 716 2223 έν,
733 2151 854 2229 σχήματι
875 2153 903 2211 δέ
948 2147 975 2206 δὲ
996 2153 1009 2208 δ
1025 2145 1201 2227 Ἀριστοτέλης
1224 2151 1249 2206 έν
1265 2151 1298 2225 τῇ
1313 2147 1389 2207 Μετὰ
1402 2145 1435 2205 τάι
1449 2143 1546 2226 φυσικά
1561 2143 1602 2224 (ll
1617 2149 1668 2218 α),
1681 2143 1730 2204 πό-

122 2237 139 2308 i]
153 2235 216 2295 είδει
230 2235 402 2314 διαφερούσας
414 2282 421 2312 ,
438 2235 456 2308 ἢ
471 2236 515 2296 καί
530 2238 657 2305 ἐναντίας.
948 2258 1022 2314 τερον
1036 2236 1082 2302 τὰς
1093 2236 1205 2307 ἑκάστης
1218 2233 1366 2311 ἐπιστήμης
1381 2234 1466 2314 ἀρχὰς
1480 2235 1538 2292 καθ’
1553 2234 1668 2303 ἑκάστην
1681 2232 1730 2311 μία

165 2325 350 2402 (Aristoteles
364 2325 451 2403 Phys.
470 2324 522 2388 lib.
537 2325 549 2384 l
566 2347 630 2406 cap.
652 2348 682 2400 υ,
696 2345 764 2404 pag.
782 2328 848 2394 1823.
869 2326 900 2387 b.
947 2323 985 2390 τίς
999 2324 1068 2381 ἐστιν
1087 2325 1104 2393 ἡ
1123 2320 1326 2397 διικνύουσα,ἣ
1348 2331 1409 2398 μιᾶς
1429 2321 1576 2398 ἐπιστήμης
1591 2319 1647 2378 ἐστὶ
1662 2324 1727 2376 θεω-

127 2414 355 2473 ι5.εά.Βε1ιλιετ.
367 2413 533 2490 Simplicius
547 2414 597 2473 fol.
611 2412 899 2490 5.b.(Conl.Sclroll.
949 2416 1027 2492 ρήσοι
1049 2414 1136 2480 κοινῆς
1156 2433 1222 2478 τινος
1244 2415 1337 2470 πασῶν
1358 2412 1409 2468 τῶν
1428 2411 1589 2485 ἐπιστημῶν.
1606 2406 1661 2470 Καί
1676 2405 1729 2466 Ei-

121 2505 150 2560 in
167 2501 259 2562 Arist.
279 2521 345 2580 pag.
366 2502 435 2562 325.
450 2500 479 2562 b.
497 2502 542 2562 ed.
557 2503 693 2579 Brundisi
711 2503 755 2560 καλ
770 2502 799 2562 τδ
816 2503 900 2563 κινού-
948 2501 1029 2577 δημος
1044 2499 1070 2557 δέ
1082 2501 1225 2578 ἀρχόμενος
1235 2501 1286 2558 τῶν
1301 2501 1427 2560 Φυσικῶν
1439 2499 1510 2567 ζητεῖ
1521 2493 1568 2572 μέν
1581 2492 1729 2576 φιλοκάλως

122 2615 198 2669 μενον
215 2590 242 2650 δὲ
256 2589 300 2648 καλ
314 2589 344 2649 τὸ
356 2587 478 2662 ἀκίνητον
491 2590 537 2648 καί
549 2601 603 2657 τοῖς
616 2589 679 2666 μίαν
694 2591 737 2650 καλ
751 2601 804 2656 τοῖς
815 2591 903 2651 πλείο-
947 2587 977 2646 τδ
998 2585 1160 2667 πρόύλημα,
1183 2587 1230 2658 τήν
1250 2586 1276 2646 δὲ
1294 2586 1368 2646 λύσιν
1388 2585 1424 2653 είς
1446 2586 1528 2650 ἄλλος
1543 2583 1727 2662 πραγματείας

119 2705 167 2746 νας
183 2679 301 2754 λέγουσιν
315 2679 399 2759 ἀρχάς
414 2676 539 2758 ἁρμόττει
556 2679 617 2758 πρὸς
633 2680 770 2758 διαίρεσιν.
788 2683 902 2760 Τοιγορ·
948 2675 1106 2755 τελεωτέρας
1118 2673 1292 2754 ὑπερτίθεται.
1307 2673 1386 2754 Λέγει
1401 2673 1429 2734 δέ
1441 2672 1538 2740 ούτως·
1550 2699 1563 2725 ε
1575 2669 1685 2748 πότερον
1700 2667 1727 2730 δέ

119 2773 166 2826 οῦν
179 2765 225 2826 καὶ
237 2764 359 2842 Εὔδημος
372 2769 406 2833 ὡς
428 2765 471 2841 ἀν,
486 2767 575 2847 φησίν,
592 2769 745 2847 ὑπάρχουσιν
760 2771 788 2826 αἱ
809 2771 899 2848 σἰρχοί,
948 2764 1046 2838 ἑκάστη
1067 2763 1114 2830 τάς
1136 2766 1217 2834 αὑτῆς
1239 2764 1323 2844 ἀρχὰς
1345 2763 1459 2842 εὑρίσκει
1480 2783 1508 2820 τε
1527 2756 1572 2818 καλ
1596 2756 1693 2836 κρίνει,
1711 2755 1728 2827 ἢ

119 2857 180 2927 ήτοι
202 2859 333 2913 κινοῦνται
349 2852 366 2926 ἢ
387 2853 505 2928 ἀκίνητοί
530 2857 635 2916 eloim
658 2854 738 2916 Ἀλλά
755 2861 832 2915 τοῦτο
853 2856 900 2934 μίν
948 2855 1006 2910 καθ’
1023 2851 1134 2924 ἑκάστην
1156 2851 1231 2931 ἑτέρα
1245 2875 1304 2929 τις,
1320 2849 1337 2922 ἢ
1353 2847 1414 2929 περί
1428 2848 1516 2914 πάσας
1536 2845 1583 2922 μία
1598 2845 1636 2911 τίς
1655 2849 1727 2920 ἔστι,

119 2947 150 3004 τὸ
165 2941 323 3023 διαιρετικόν
337 2945 456 3022 παρῆκεν
471 2947 485 3002 ό
503 2941 684 3020 Ἀριστοτέλης
700 2943 742 3002 δεδι
756 2944 786 3002 τύ
800 2942 841 3012 μὴ
863 2966 904 3020 γε·
948 2941 1128 3020 διαπορήσειεν
1144 2939 1175 3000 οἷν
1191 2964 1240 3006 τις.
1253 2941 1288 3001 Οἱ
1303 2938 1354 3022 γάρ
1369 2935 1549 3016 μαθηματικοί
1564 2933 1611 3002 τάς
1631 2933 1727 3002 οίκείας

123 3033 231 3113 γονάνοι
254 3031 331 3101 δόξαν
348 3031 449 3100 πολλὰς
468 3029 514 3090 καί
535 3031 672 3102 ἀκινήτους
689 3032 735 3098 τάς
757 3035 840 3111 ἀρχας
855 3037 900 3091 λε-
948 3029 1032 3108 ἀρχάς
1045 3028 1220 3088 ἐνδείκνυνται
1230 3028 1274 3087 καὶ
1287 3029 1312 3086 τί
1323 3027 1441 3104 λέγουσιν
1455 3023 1575 3097 ἕκαστον,
1589 3023 1728 3102 ὁρίζονται.

119 3143 232 3198 γουσοιν.
250 3121 329 3180 ldem
347 3119 396 3180 lul.
418 3121 456 3197 96
477 3119 527 3198 (cl.
544 3119 653 3182 Scholl.
670 3120 700 3178 in
722 3122 811 3180 Arist.
835 3138 899 3199 pag.
948 3117 982 3177 Ὀ
997 3117 1024 3176 δέ
1039 3117 1119 3195 μηδὲν
1135 3117 1245 3178 συνιδὼν
1255 3120 1353 3194 γελοῖος
1365 3115 1396 3175 ἀν
1412 3105 1478 3174 εἶναι
1491 3111 1585 3180 δόξειεν
1599 3115 1726 3184 ἐπιζητῶν

120 3212 190 3268 δαύ.
215 3208 245 3270 b.
270 3207 316 3268 erl.
341 3207 483 3285 Brendis)
499 3205 542 3266 ἀπὶ
568 3210 618 3266 τῶν
642 3206 749 3273 πλείους
771 3205 901 3284 λεγόντων
948 3205 973 3266 τί
987 3211 1043 3266 ἐστι
1055 3207 1166 3286 γραμμὴ
1179 3209 1224 3267 κοί
1239 3209 1290 3266 τῶν
1305 3205 1392 3264 ἄλλων
1408 3203 1538 3276 ἕκαστον,
1556 3199 1615 3281 περλ
1633 3199 1660 3259 δέ
1676 3205 1727 3260 τῶν

119 3297 167 3363 τὰς
186 3295 272 3376 ἀρχάς
291 3297 338 3354 ούκ
357 3293 413 3374 ἔχει
433 3295 523 3373 χώραν
545 3295 574 3354 τδ
596 3294 683 3374 ἕτερον
698 3295 854 3374 διαιρετικὸν
873 3297 903 3357 τὸ
948 3299 1038 3376 ἀρχῶν
1063 3294 1119 3364 οίος
1142 3295 1215 3357 αὒτολ
1238 3295 1371 3372 λέγουσιν,
1388 3294 1441 3352 οὐδ’
1463 3295 1639 3372 ἐπιχειροῦσιν
1659 3291 1728 3348 ἀπο-

121 3385 240 3456 οίκίνητοι
252 3385 270 3456 ἢ
284 3383 447 3461 κινούμενοι.
463 3383 516 3444 llcl
528 3383 579 3464 γάρ
592 3383 717 3444 ἀδύνατον
734 3387 763 3443 ἐκ
776 3383 902 3444 πλειόνων
949 3385 1066 3464 φαίνειν,
1085 3385 1144 3444 ἀλλ’
1160 3384 1220 3445 ούδί
1233 3408 1311 3466 φασιν
1331 3387 1415 3442 αὑτῶν
1431 3371 1595 3440 εἶναιτοῦτο
1620 3381 1726 3437 έπισκο·
1762 3427 1763 3430 ,

120 3478 213 3554 ἀρχῶν
230 3471 266 3551 μὴ
281 3471 438 3551 κινουμένων
454 3473 570 3550 γίνεσθαί
589 3497 630 3532 τι·
645 3474 774 3532 κοινωνεῖν
788 3471 838 3553 γὰρ
859 3477 904 3534 ἀλ·
947 3481 1024 3542 πεῖν,
1042 3473 1111 3532 iili
1134 3473 1233 3532 τούτων
1254 3469 1479 3552 συγχωρουμένων
1500 3468 1533 3527 cli
1556 3464 1623 3541 μετάι
1643 3470 1726 3524 τοῦτο

119 3565 217 3634 λήλοις
240 3564 350 3621 δέονται.
368 3560 421 3622 llcl
442 3561 485 3620 διὰ
500 3561 530 3620 τδ
549 3567 687 3644 προφανῶς
701 3553 827 3622 ἀδύνατον
842 3561 901 3621 οὐδὲ
947 3560 1118 3622 δεικνύουσιν.
1132 3564 1164 3621 Εἰ
1177 3561 1205 3621 δέ
1219 3564 1288 3620 ἀστιν
1304 3559 1379 3640 έτέρο
1394 3583 1432 3626 τις
1447 3556 1506 3634 περί
1521 3556 1567 3622 τάς
1585 3576 1728 3634 γεωμετρι·

118 3653 185 3732 ἔσχε
204 3653 388 3731 προοτοίτηνή
410 3649 481 3718 δόξα.
506 3653 652 3730 Τοιγαροῦν
672 3650 716 3710 καὶ
739 3651 902 3730 Δημόκριτος
952 3651 998 3717 κάις
1015 3656 1116 3730 ἀρχάς,
1135 3650 1230 3728 ὁμοίοις
1253 3647 1281 3708 δὲ
1301 3649 1346 3708 κοί
1364 3645 1411 3714 τάς
1425 3643 1600 3728 ἀριθμητικὰς
1613 3641 1658 3700 καί
1672 3647 1725 3701 τῶν

117 3741 195 3820 φύσει
205 3740 318 3813 ἀκίνητοι
328 3738 412 3817 λέγων
422 3737 455 3798 τά
470 3740 557 3815 άτομο
572 3743 661 3819 πληγῇ
672 3739 799 3798 κινεῖσθαί
812 3762 899 3820 φησιν.
947 3739 1033 3799 ἄλλων
1057 3739 1155 3798 ἕκαστα
1161 3787 1170 3814 ,
1198 3738 1306 3819 πότερον
1333 3736 1381 3812 μία
1405 3757 1444 3804 τις
1468 3733 1529 3812 περὶ
1548 3731 1594 3798 τδις
1614 3730 1727 3790 ἀπασῶν

116 3829 154 3890 ‘0
170 3829 258 3904 μέντοι
280 3828 407 3906 εύφροδὴς
424 3828 567 3905 Θεμίστιος
581 3827 759 3909 ποραφράζων
774 3828 804 3888 τὸ
822 3833 900 3908 ῥητὸν
948 3825 1031 3907 ἀρχάς
1045 3830 1131 3900 έοτιν,
1147 3826 1164 3898 ἢ
1180 3829 1239 3886 καθ’
1255 3825 1368 3896 ἑκάστην
1389 3823 1474 3894 άλλη,
1488 3821 1539 3880 εἴτε
1556 3820 1583 3877 δὲ
1607 3816 1654 3895 μία
1675 3818 1729 3876 ἐστὶ

119 3917 167 3977 καλ
178 3919 226 3986 τίς
237 3917 343 3985 πλείους
356 3917 374 3989 ἢ
392 3916 547 3994 κινουμένας
562 3915 642 3998 φησίν
659 3917 840 3990 ήάκινήτους,
856 3918 901 3978 καλ
948 3917 1023 3986 κοινή
1037 3939 1090 3989 τις,
1110 3917 1162 3974 elce
1178 3915 1236 3974 καθ’
1257 3914 1370 3984 ἑκάστην
1386 3909 1456 3982 ἰδία,
1480 3907 1566 3978 δεήσει
1581 3905 1625 3966 καὶ
1640 3909 1667 3964 έν
1682 3907 1729 3964 οὗ·

118 4006 137 4077 ἢ
153 4005 353 4086 πεπερασμένος
368 4005 426 4064 κατ’
444 4005 553 4082 ἀριθμὸν
568 4002 585 4074 ἢ
601 4005 680 4064 πάλιν
702 4005 831 4084 ἀπείρους.
848 4007 901 4066 Καὶ
947 4008 1005 4072 ταῖς
1025 4005 1109 4083 ἀρχάς
1131 4025 1200 4068 τινας
1216 3991 1292 4060 εἶναι.
1310 3997 1395 4060 Πάλιν
1416 3988 1460 4058 ούν
1478 3995 1668 4069 ίπιζητήσετοι
1683 3993 1727 4053 rit

121 4091 243 4170 Εὔδημος
256 4094 295 4170 δέ,
309 4096 344 4161 ὥς
354 4091 401 4152 καλ
415 4092 542 4174 πρότερον
556 4079 630 4154 ε’ίπον
651 4096 678 4152 όν
688 4095 742 4160 τοῖς
756 4095 899 4173 Φυσικοῖς,
949 4093 1026 4153 αὐτὸν
1042 4091 1155 4171 τρόπον,
1168 4091 1191 4149 εί
1206 4089 1316 4148 καὶτῶν
1335 4086 1436 4147 οίκείων
1457 4087 1546 4167 ἀρχῶν
1568 4085 1632 4142 τίσιν
1653 4071 1730 4142 ούτοι

117 4187 155 4249 ύις
179 4182 209 4241 ἀν
230 4205 294 4241 ποτε
315 4181 470 4262 ίιπάρχωσιν
493 4184 520 4241 σί
546 4181 643 4263 ἀρχαί,
658 4182 753 4262 φησίν,
776 4181 838 4254 ἤτοι
862 4207 901 4242 κι-
949 4179 1060 4252 leiim
1074 4178 1150 4247 τινές.
1168 4176 1285 4259 Ἐτίμων
1300 4175 1347 4256 μὲν
1363 4165 1407 4235 ούν
1421 4175 1561 4252 γινομένων
1575 4175 1609 4239 είς
1623 4171 1728 4252 οίπειρον

148 4408 173 4452 3.
190 4405 296 4452 Necesse
310 4405 393 4452 eutem
410 4405 449 4452 est
463 4405 506 4453 eut
524 4416 602 4453 uuum
621 4415 675 4453 esse
693 4403 839 4466 principium
857 4406 901 4453 eut
977 4407 1000 4452 4.
1020 4401 1179 4453 considerare
1200 4401 1285 4466 igitur,
1308 4413 1368 4450 num
1396 4397 1423 4448 id
1448 4397 1515 4462 quod
1537 4399 1577 4446 est
1597 4408 1675 4444 uuum
1697 4393 1728 4442 sii

117 4489 206 4553 plura,
221 4492 246 4540 et
262 4491 284 4540 si
300 4491 333 4541 sit
348 4504 439 4551 uuum,
453 4495 498 4540 eut
510 4489 651 4552 inmobile,
664 4492 693 4540 ut
704 4491 864 4542 Parmenides
875 4496 901 4542 et
948 4493 1023 4554 atque
1043 4490 1179 4552 immobile,
1194 4503 1243 4540 nou
1261 4491 1300 4539 cst
1319 4487 1344 4538 in
1365 4501 1447 4538 rerum
1467 4488 1579 4536 naturum
1595 4481 1726 4544 inquirere.

117 4579 233 4629 Melissus
245 4578 328 4640 ajunt,
349 4583 393 4629 aut
405 4579 495 4630 mobile
507 4583 682 4644 mecummet,
699 4581 728 4628 ut
743 4577 837 4644 physici
850 4583 900 4630 sta·
948 4580 1010 4628 nun
1020 4579 1049 4629 ut
1062 4579 1194 4642 geometrae
1209 4575 1270 4628 nihil
1284 4575 1320 4626 rei
1330 4575 1436 4639 amplius
1452 4576 1491 4623 est
1502 4585 1558 4622 cum
1572 4584 1602 4620 eo
1616 4568 1658 4632 qui
1669 4580 1726 4630 geo·

116 4673 206 4732 tuoni,
220 4671 261 4720 elii
272 4674 368 4728 serem.
386 4671 426 4720 elii
440 4684 530 4734 equum
543 4669 649 4733 primum
662 4669 807 4733 principium
819 4670 902 4720 existi·
948 4667 1044 4717 metrise
1058 4666 1176 4730 principia
1193 4667 1272 4727 tollit,
1286 4664 1330 4715 sed
1340 4667 1383 4714 eut
1399 4661 1461 4712 alius
1480 4659 1587 4709 scientim
1602 4654 1727 4736 proprium

115 4761 221 4808 meotes.
255 4758 351 4816 Quodsi
371 4757 442 4822 plura
455 4759 518 4820 sint,
533 4761 578 4808 eut
596 4757 664 4808 linito
680 4761 724 4807 eut
739 4757 833 4808 inlicita
846 4773 902 4808 esse
949 4754 1062 4814 berctus,
1071 4755 1114 4802 eut
1124 4751 1154 4802 ari
1166 4763 1319 4801 communem
1332 4748 1442 4798 omnium
1452 4743 1594 4794 facultatem
1604 4739 1709 4805 pertinet

116 4857 218 4895 necesse
236 4849 288 4907 οείς
303 4847 363 4896 etsi
378 4845 445 4896 linita
461 4845 511 4895 sini
522 4845 642 4909 pluraque
657 4859 719 4906 uno,
735 4845 785 4896 duc
800 4846 839 4896 rel
853 4847 902 4896 trin
948 4843 984 4894 sic
997 4846 1022 4892 et
1038 4841 1072 4891 illi
1089 4841 1131 4904 qui
1152 4841 1182 4891 rie
1203 4838 1331 4906 principiis
1348 4836 1477 4899 disputet,
1492 4832 1553 4884 nihil
1565 4829 1602 4881 rei
1616 4830 1655 4878 est
1672 4839 1728 4876 cum

115 4933 156 4982 vel
170 4935 289 4996 quattuor
305 4933 345 4984 vel
359 4933 407 4982 alio
424 4933 533 4996 quodem
549 4946 651 4982 numero
665 4945 719 4983 esse
737 4935 842 4996 oportet.
876 4935 902 4984 Si
949 4944 979 4982 eo
1003 4931 1046 4994 qui
1064 4931 1164 4980 unicum
1187 4931 1284 4979 tentum
1305 4925 1399 4976 stituit.
1433 4925 1518 4985 iisque
1539 4918 1605 4970 euim
1625 4913 1730 4978 emplius
1799 4976 1801 4987 Ι

115 5021 229 5082 inlicite,
242 5023 285 5071 sut
299 5034 387 5085 genere
399 5021 501 5086 quidem
513 5021 691 5084 unum‚iigure
703 5033 761 5070 vero
770 5021 810 5070 vel
822 5020 903 5084 specie
949 5017 1096 5084 principium
1116 5020 1168 5081 est,
1186 5017 1208 5066 ei
1221 5029 1298 5066 unum
1312 5013 1520 5074 duntuetetque
1535 5005 1571 5057 ita
1590 5017 1668 5054 uuum
1682 5003 1726 5053 cst.
1797 5058 1801 5087 l

115 5109 271 5172 differentis,
284 5114 313 5160 ut
324 5111 482 5162 Democritus
495 5109 625 5169 censebat,
640 5111 683 5160 eut
693 5109 815 5160 contrarie
827 5109 901 5160 etiam
949 5105 1099 5170 Principium
1114 5107 1179 5156 cmm
1190 5105 1294 5166 aiicujus
1305 5104 1348 5152 eut
1364 5099 1502 5163 aliquorum
1515 5093 1661 5160 principium
1678 5101 1729 5140 esse
1795 5118 1803 5174 γ

116 5211 174 5250 esse
188 5211 289 5249 neccsse
299 5201 345 5249 est.
949 5198 1054 5246 consui.
