3958 5942
842 417 1097 482 FRAGMENTA.
1702 426 1759 482 nii

148 545 228 624 αὔτῆ.
245 573 257 598 ν
299 545 443 624 Ἐμπόδιος
456 547 520 614 ίσως
532 545 575 607 δεδι
588 546 618 608 τδ
633 546 670 625 μὴ
686 549 773 616 καλῶς
787 549 933 626 διελέσθαι,
1023 549 1213 628 (Aristoteles
1230 549 1319 628 Phys.
1339 549 1392 611 lib.
1410 551 1423 608 l
1444 572 1507 630 cap.
1525 555 1540 611 3
1557 573 1622 630 pag.
1643 557 1710 618 186.
1732 576 1759 614 ιι.

148 633 209 692 ἀλλ’
221 631 264 693 ἐπὶ
279 633 373 714 μικρὸν
391 639 513 715 χρῆσθαι.
559 634 708 696 Καλταῶτα
718 635 766 716 μέν
778 637 830 698 εἴτε
843 639 933 716 οὔτως,
980 649 1008 710 i.
1024 640 1071 698 ed.
1086 640 1206 700 Bekier.
1217 639 1384 718 Simplicius
1396 641 1449 702 ίοί.
1463 663 1511 702 22.
1524 642 1554 700 b.
1571 645 1597 700 ἐν
1613 643 1644 715 δὴ
1661 646 1763 712 τούτοις·

148 719 200 780 είτε
224 721 312 790 ἄλλως
333 721 407 803 ἔχει,
425 727 510 798 ζητεῖν
528 721 611 793 ἀξιον·
626 729 672 784 τοῦ
692 725 720 784 δέ
742 726 867 805 Εὔδήμου
886 729 933 788 λέ·
978 730 1080 809 πρῶτον
1096 725 1196 786 εὐθύνει
1215 727 1258 788 τὸν
1275 730 1377 808 πρῶτον
1394 729 1469 807 λόγον
1486 729 1529 788 τὸν
1545 731 1672 810 λέγοντα,
1693 735 1762 792 εἰτὸ

146 833 237 890 γοντος
260 809 301 871 δτι
323 811 438 874 Πλάτων
453 814 479 872 ἐν
501 817 534 892 τῆ
554 815 606 892 τῶν
627 812 834 894 συμθεὸηκότων
847 839 932 890 κατη-
978 815 1115 894 γενόμενον
1141 813 1225 896 ἀρχὴν
1249 815 1320 896 ἔχει,
1337 817 1367 876 τθ
1388 817 1425 894 μή
1449 819 1586 898 γενόμενον
1611 821 1696 901 ἀρχὴν
1715 823 1762 882 οὔκ

147 899 223 981 γορίφ
243 898 273 960 αθ
295 897 365 959 ἐστιν
388 901 436 959 οὔκ
455 898 523 982 ᾤετο
543 903 681 976 σημαίνειν
702 902 790 971 οὐσίας
813 903 931 982 μέθεξιν,
978 901 993 962 έ
1011 927 1052 984 ει,
1065 903 1114 964 κάν
1128 905 1212 986 τούτῳ
1226 909 1329 985 πρῶτον
1342 906 1389 984 μὲν
1404 907 1507 989 ἐλέγχει
1520 911 1550 970 εδ
1562 909 1760 990 ἀσυλλόγιστον,

147 987 217 1048 ἀλλά
231 988 310 1066 μόνον
322 989 369 1060 τήν
386 987 456 1048 κατδι
471 989 639 1067 συμθεθηκδς
653 990 786 1068 διάθεσιν,
801 991 891 1072 ῶσπερ
904 993 934 1052 τὸ
979 927 1027 1054 οὔτ’
1043 991 1107 1054 οὔτὸ
1121 993 1151 1052 τδ
1166 995 1259 1074 ψεῦδος
1280 997 1398 1054 αἰτιᾶται
1413 1000 1464 1056 τῶν
1478 998 1638 1076 λημμάτων.
1655 999 1695 1060 Τὸ
1714 1000 1761 1077 μέν

147 1077 272 1160 φρόνιμός
284 1080 354 1138 ἐστιν
369 1078 444 1139 οὔδέν
465 1077 531 1138 ἀλλο
545 1076 701 1158 σημαίνειῆ
722 1078 752 1138 τδ
766 1087 868 1160 φρονεῖν
887 1079 935 1158 καὶ
978 1071 1021 1141 οὔν
1041 1081 1230 1161 ἀσυλλόγιστον
1246 1085 1276 1142 ἐκ
1295 1091 1340 1144 τοῦ
1359 1084 1407 1156 τήν
1428 1087 1585 1147 ἀκολουθίαν
1600 1087 1762 1162 ἀνόπαλινῆ
1820 1091 1823 1096 ’

146 1168 176 1226 τὸ
192 1166 340 1245 καθήμενός
355 1169 425 1227 ἐστιν
440 1165 513 1226 οὔδέν
533 1169 592 1228 ἀλλ’
606 1167 623 1240 ἢ
641 1167 671 1228 τδ
690 1171 836 1240 καθῆσθαι·
851 1171 934 1226 ταῦτα
980 1171 1061 1251 ἐχρῆν
1076 1168 1167 1228 λαθεῖν
1184 1169 1320 1251 ᾐτιάσατο.
1365 1174 1405 1234 Οὔ
1421 1173 1472 1254 γδρ
1485 1171 1578 1235 ἐπεται
1592 1177 1630 1256 τῷ
1644 1175 1673 1234 τδ
1688 1176 1762 1254 γενό-

146 1248 190 1317 οὔν
215 1259 261 1315 τοῦ
284 1253 410 1332 Εὔδήμου
426 1255 550 1338 λέγοντος
572 1259 586 1314 θ
610 1255 776 1338 Ἀλέξανδρος
798 1255 933 1318 Πλάτωνά
980 1281 1057 1335 μενον
1074 1256 1160 1338 ἀρχὴν
1175 1261 1230 1339 ἔχει
1240 1258 1309 1319 τὸτδ
1324 1260 1362 1338 μὴ
1374 1261 1512 1340 γενόμενον
1527 1265 1612 1344 ἀρχὴν
1628 1264 1666 1342 μή
1681 1264 1762 1343 ἔχειν,

145 1369 225 1427 φησιν
242 1335 310 1406 εἰναι
323 1345 368 1406 τὸν
382 1345 430 1419 τῆν
445 1347 527 1416 λέξιν·
533 1345 774 1429 μεταρρυθμίζοντα
788 1349 841 1406 τῶν
863 1370 931 1424 συμ-
978 1348 1046 1406 ἀλλά
1060 1347 1091 1407 τδ
1104 1347 1135 1406 τὸ
1149 1346 1186 1422 μὴ
1202 1345 1263 1428 ἐχον
1278 1348 1363 1431 ἀρχὴν
1380 1352 1409 1408 οὔ
1425 1349 1542 1430 γέγονεν.
1586 1350 1685 1412 neiis
1704 1353 1731 1412 δέ
1749 1358 1763 1413 ὁ

146 1433 310 1510 δεθηκότων,
325 1435 370 1495 καλ
381 1433 445 1508 ἴσως
458 1437 526 1506 διότι
538 1441 552 1496 θ
564 1435 687 1514 Εὔδημος
701 1435 769 1514 μετὰ
780 1434 840 1502 τοὺς
854 1437 933 1516 ἀφαι-
978 1435 1124 1514 Μέλισσος,
1138 1433 1179 1494 δτι
1193 1436 1223 1496 τδ
1244 1437 1282 1514 μὴ
1304 1438 1441 1516 γενόμενον
1459 1437 1543 1520 ἀρχὴν
1564 1441 1612 1500 οὔκ
1632 1440 1702 1521 ἐχει,
1718 1441 1763 1500 καὶ

148 1527 257 1603 ροῶντας
269 1523 300 1582 τδ
314 1523 369 1583 ἐστι
389 1528 435 1596 τῆς
449 1524 523 1598 δόξης
543 1525 640 1598 ταύτης
653 1523 783 1602 ἐμνήσθη.
825 1519 891 1585 Ὀτι
905 1523 932 1583 δέ
976 1523 1113 1604 προδείξας
1130 1521 1171 1583 ὅτι
1193 1524 1223 1584 τδ
1247 1525 1275 1584 δν
1298 1527 1328 1586 οὔ
1349 1526 1469 1608 γέγονεν·
1493 1527 1552 1588 οὔτε
1571 1529 1622 1609 γδιρ
1646 1529 1673 1600 έξ
1691 1531 1763 1598 όντος

146 1612 194 1670 οὔκ
208 1600 240 1680 ῆν
255 1612 307 1670 τῶν
322 1610 365 1670 ἐπὶ
384 1615 415 1690 τῇ
431 1613 531 1694 ἀπορέφ
551 1611 777 1692 θορυὸηθέντωνθ
798 1612 929 1688 Πλούτων,
977 1611 1035 1672 οὔτε
1056 1614 1085 1672 ἐκ
1099 1610 1136 1689 μὴ
1155 1612 1227 1682 ὄντος
1248 1615 1311 1674 αύτδ
1331 1617 1453 1694 γενέσθαι
1472 1617 1597 1694 δυνατόν,
1617 1622 1762 1700 συνήγαγεν

147 1697 207 1756 οὔδέ
222 1703 311 1758 τοῦτον
326 1703 340 1759 θ
354 1699 533 1775 Ἀριστοτέλης
547 1701 708 1780 αἰνίττεται,
720 1704 799 1776 δῆλον
814 1703 840 1772 ἐξ
853 1693 889 1762 ῶν
904 1705 931 1762 έν
977 1701 1016 1761 ότι
1029 1700 1058 1760 τὸ
1074 1699 1102 1761 δν
1117 1703 1203 1782 ἀρχὴν
1217 1705 1264 1763 οὔκ
1279 1702 1346 1782 ἔχει.
1390 1703 1460 1764 Ἀλλ’
1474 1705 1537 1776 ino<
1552 1708 1604 1786 ἐρεῖ
1616 1731 1654 1775 τις
1665 1707 1705 1768 ὅτι
1717 1707 1762 1766 καί

147 1785 264 1869 Φιλήθιρ
281 1787 328 1866 μέν
342 1789 443 1850 παίδων
462 1793 668 1872 ἐρεσχελοῦντων
688 1791 845 1872 ἀδολεσχίαν
866 1781 931 1850 εἰναι
977 1788 1065 1862 ήάπδ
1086 1794 1134 1849 τοῦ
1148 1790 1295 1868 ἡγουμένου
1318 1793 1475 1874 ἐντιστροφή
1503 1793 1602 1867 ἀληθής
1624 1798 1680 1855 ἐστι
1701 1798 1762 1856 πολ·

144 1873 193 1947 τήν
206 1875 330 1950 τοιαύτην
344 1879 544 1956 ἀμφισύήτησίν
558 1903 648 1960 φησιν,
666 1884 692 1940 ἐν
707 1882 825 1961 Σοφιστῇ
840 1876 867 1936 δέ
886 1878 931 1938 καί
977 1879 1051 1946 λέκις
1073 1877 1113 1961 ἐφ’
1127 1870 1164 1938 ῶν
1184 1878 1297 1950 ἐξεσέζει
1319 1879 1347 1940 τθ
1367 1882 1494 1960 ἑπόμενον
1510 1887 1547 1964 τῷ
1567 1885 1719 1966 ἡγουμένῳ·
1740 1887 1763 1943 εἰ

144 1963 192 2036 τήν
208 1963 271 2039 όλην
283 1967 396 2048 ἀπορίαν
411 1972 501 2050 σαφῶς
515 1968 644 2030 ἐκτίθεται
658 1969 704 2030 καί
719 1965 932 2036 διαπαίζειπένυ
976 1965 1028 2047 γδρ
1048 1967 1197 2048 ἄνθρωπος,
1218 1971 1282 2046 ζῷον
1302 1969 1406 2048 λογικὸν
1428 1971 1599 2046 θνητόν,καί
1620 1976 1643 2034 εἰ
1663 1975 1700 2050 μὴ
1720 1977 1762 2031 έν·

145 2055 205 2123 τοῦς
221 2056 418 2125 ἐσπουδακότας
432 2058 492 2138 περὶ
507 2056 587 2130 αὔτῆν
601 2058 709 2140 γράφων
720 2055 812 2124 οὔτως.
856 2057 929 2114 Sim·
976 2062 1093 2129 θωπος,
1117 2059 1144 2115 οὔ
1164 2059 1230 2135 ζῷον
1245 2058 1349 2136 λογικὸν
1372 2059 1475 2131 θνητόν.
1520 2060 1589 2122 Ἀλλ’
1604 2063 1645 2120 ἐπί
1664 2062 1762 2122 τούτων

145 2146 250 2225 plinius
265 2145 316 2205 sol.
334 2147 371 2204 30
387 2147 445 2204 ἀλλ’
461 2145 544 2206 έοικεν
555 2145 607 2206 ἀπὸ
617 2150 669 2206 τῶν
681 2145 806 2222 Εὔδημον
821 2143 932 2223 λόγωνθ
976 2079 1012 2205 gv
1027 2145 1121 2204 ἔλαθεν
1137 2148 1151 2202 δ
1171 2146 1304 2214 Μέλισσος
1318 2149 1348 2206 οὔ
1368 2148 1441 2206 δοκεῖ
1455 2147 1594 2218 έξισόζειν.
1639 2149 1696 2210 iiii
1712 2149 1763 2229 γθιρ

144 2235 311 2314 Ἀλέξανδρος
326 2233 401 2304 δόξαν
417 2234 478 2314 περί
492 2241 536 2294 τοῦ
554 2233 676 2306 Ζήνωνος
693 2233 785 2294 λαθεῖν
802 2236 837 2300 ῶς
850 2235 928 2292 ἀναε-
976 2235 1006 2292 τὸ
1020 2233 1156 2313 γενόμενον
1170 2243 1222 2292 πᾶν
1239 2233 1323 2314 ἀρχὴν
1338 2234 1388 2315 έχῃ
1401 2236 1449 2310 τήν
1464 2239 1534 2296 κατδι
1547 2237 1577 2296 τδ
1588 2247 1699 2317 πρᾶγμα
1715 2261 1757 2296 πε·

146 2330 248 2401 ροθντος
259 2322 290 2383 τδ
310 2320 348 2386 ἐν.
393 2323 471 2402 Λέγει
486 2323 537 2402 γὰρ
553 2327 574 2383 δ·
589 2322 712 2400 Εὔδημος
733 2324 826 2388 ἐντοῖς
841 2323 927 2382 Φυσι·
976 2322 1138 2404 περασμένον
1152 2321 1197 2396 όν,
1212 2323 1280 2382 οἰλλδ
1295 2324 1324 2382 τὸ
1345 2325 1545 2404 πεπερασμένον
1565 2327 1595 2385 οὔ
1612 2335 1663 2386 πᾶν
1686 2326 1755 2402 γέγο

144 2421 213 2478 κοῖς·
238 2439 250 2464 ι
275 2401 328 2492 ἀρα
348 2402 392 2472 οὔν
407 2417 484 2472 τοῦτο
505 2411 553 2491 μέν
575 2412 623 2472 οὔκ
644 2409 787 2486 έστι,έστι
802 2408 830 2467 δέ
847 2432 872 2466 τε
889 2405 931 2483 ένς
975 2435 1032 2486 νεν,
1056 2413 1090 2478 ὡς
1111 2410 1183 2484 ἥλιος
1203 2410 1248 2468 καί
1271 2411 1367 2484 σελήνη
1390 2413 1435 2470 καί
1456 2413 1573 2493 οὔρανός.
1616 2413 1650 2474 ‘0
1674 2415 1762 2490 μέντοι

144 2505 222 2560 τοῦτο
241 2501 292 2583 γδρ
313 2505 454 2583 ἠπορεῖτο,
468 2502 514 2563 καί
538 2501 650 2575 Ζήνωνά
670 2523 735 2582 φασι
752 2499 837 2577 λέγειν
856 2497 880 2557 εἰ
893 2521 931 2564 τις
976 2498 1100 2576 Εὔδημος
1120 2498 1165 2556 καί
1178 2498 1221 2556 διὰ
1243 2497 1341 2559 τούτων
1361 2503 1413 2558 τῶν
1434 2503 1584 2579 λημμάτων
1607 2501 1678 2562 οὐδὲν
1698 2502 1763 2562 ἄλλο

144 2591 220 2670 αὐτῷ
235 2590 265 2649 τὸ
280 2589 307 2650 ἐν
325 2591 437 2665 ἀποδοίη
459 2593 485 2652 τί
501 2591 565 2651 ποτέ
579 2594 655 2664 ἐστι,
676 2587 758 2658 λέξειν
778 2589 848 2666 (leg.
866 2585 931 2655 ἕξειν
976 2587 1125 2648 δείκνυσθαί
1137 2610 1215 2669 φησιν
1235 2587 1253 2660 ὴ
1268 2587 1332 2668 ὅπερ
1345 2587 1371 2656 ἐξ
1389 2590 1487 2668 ἀρχῆς,
1499 2590 1539 2647 δτι
1551 2591 1581 2650 τὸ
1597 2588 1625 2648 δν
1638 2589 1763 2668 ἀγένητόν

143 2692 177 2738 ut
191 2679 241 2739 iol.
257 2701 292 2738 21
305 2681 315 2757 )
331 2679 365 2738 τδι
377 2679 441 2740 ὄντα
455 2679 551 2758 λέγειν.
595 2677 709 2757 Ἠπόρει
720 2674 746 2736 δέ
759 2679 794 2744 ῶς
808 2675 875 2735 ἔοικε
888 2675 930 2734 διδ
976 2678 1062 2736 ἐστιν·
1074 2679 1092 2750 ἡ
1103 2674 1155 2756 γὰρ
1170 2673 1243 2754 ὑγιής
1255 2677 1415 2756 ἀντιστροφή
1432 2679 1489 2738 ἐστι
1507 2677 1537 2737 τδ
1548 2677 1586 2754 μὴ
1603 2678 1662 2756 ἔχον
1677 2678 1762 2759 ἀρχὴν

143 2767 175 2825 τδ
194 2771 246 2826 τῶν
263 2767 311 2846 μὲν
328 2771 457 2842 αἰσθητῶν
479 2766 589 2828 ἕκαστον
604 2769 783 2846 κατηγορικῶς
801 2787 830 2824 τε
844 2764 931 2832 πολλὰ
976 2764 1102 2844 ἀγένητόν
1114 2765 1182 2838 ἐστι,
1194 2765 1223 2824 τὸ
1238 2765 1265 2824 δέ
1276 2763 1304 2825 θν
1319 2767 1366 2823 οὔκ
1380 2764 1439 2848 ἔχει
1452 2765 1549 2847 ἀρχήν.
1592 2766 1671 2843 Λέγει
1682 2765 1709 2825 δέ
1720 2765 1763 2826 οὔ·

143 2856 266 2933 λέγεσθαι
281 2855 327 2916 καί
341 2859 480 2937 μερισμῶν,
491 2856 539 2928 τὴν
554 2855 581 2916 δέ
595 2855 707 2934 στιγμὴν
723 2853 804 2932 μηδὲν
818 2849 929 2912 τιθέναι·
975 2879 1040 2924 τως·
1054 2883 1068 2911 ι
1080 2856 1109 2916 οὔ
1123 2853 1174 2935 γδρ
1187 2857 1209 2914 εἰ
1222 2853 1252 2914 τδ
1266 2857 1404 2934 γενόμενον
1419 2855 1507 2936 ἀρχὴν
1526 2855 1598 2936 ἔχει,
1615 2856 1645 2914 τὸ
1666 2855 1703 2931 μὴ
1718 2878 1763 2934 γε·

143 2943 224 3023 δγδιρ
245 2944 313 3023 μήτε
332 2945 535 3027 προστιθέμενον
555 2945 627 3014 αὔξει
651 2942 719 3022 μήτε
741 2940 930 3026 ἀφαιρούμενον
975 2946 1083 3022 νόμενον
1098 2942 1182 3024 ἀρχήν
1196 2946 1243 3002 οὔκ
1258 2942 1331 3025 ἐχει,
1347 2947 1448 3021 μᾶλλον
1465 2942 1493 3003 δέ
1505 2949 1535 3004 τὸ
1549 2944 1586 3021 μὴ
1602 2943 1662 3023 ἔχον
1678 2943 1762 3024 ἀρχὴν

146 3041 233 3110 μειοῖ,
248 3036 296 3092 οὔκ
309 3031 375 3116 ᾤετο
389 3037 440 3093 τῶν
453 3023 624 3108 όντωνεέναι,
640 3059 654 3086 ο
696 3029 826 3097 Κελτικὸς
841 3029 888 3108 μέν
899 3021 930 3102 ῆν
977 3036 1023 3092 οὔκ
1047 3031 1164 3110 ἐγένετο·
1188 3031 1258 3092 οὔτω
1273 3030 1324 3110 γδιρ
1344 3031 1386 3090 ἐπί
1413 3035 1464 3090 τῶν
1487 3031 1646 3112 ἀποφάσεων
1667 3034 1763 3104 ήάκο-

144 3119 189 3178 τὸν
202 3123 312 3192 Ζήνωνα
324 3125 358 3188 ὡς
373 3123 413 3204 ἐφ’
425 3122 538 3202 έκοίτερα
548 3123 734 3202 γυμναστικῶς
746 3122 930 3199 ἐπιχειροῦντα
977 3119 1099 3192 λούθησις
1111 3115 1222 3199 γίνεται.
1265 3117 1402 3196 Ἀγένητον
1417 3109 1461 3180 οὔν
1478 3121 1550 3199 αύτῷ
1563 3118 1662 3197 γίνεται
1677 3118 1707 3178 τὸ
1718 3118 1762 3178 όν·

149 3207 206 3288 (διὸ
232 3209 278 3268 καί
306 3209 557 3292 ἀμφοτερόγλωσσος
582 3210 708 3289 λέγεται)
730 3207 775 3267 καί
801 3205 932 3273 τοιούτους
977 3211 1006 3267 οὔ
1024 3207 1074 3289 γὰρ
1089 3207 1145 3288 ἐχει
1162 3209 1289 3287 ἀρχήν.»

145 3299 264 3380 ἐκφέρειν
282 3297 374 3379 λόγους
395 3297 456 3380 περὶ
479 3304 524 3358 τοῦ
540 3295 596 3366 ένθς
616 3300 781 3378 ἀποροῦντα,
799 3297 825 3354 ἰν
843 3293 932 3372 μέντοι
1018 3318 1043 3360 υ.
1067 3287 1135 3358 Εἰτα
1149 3297 1194 3356 καλ
1209 3301 1285 3354 τοῦτο
1300 3295 1415 3368 ἄτοπον,
1431 3294 1460 3354 τδ
1470 3296 1568 3359 παντὸς
1584 3294 1684 3356 οἴεσθαι
1699 3285 1763 3354 εἶναι

146 3388 396 3468 τῷσυγγροίμματι
418 3389 497 3446 αὔτοῶ
518 3385 605 3447 πολλά
627 3386 714 3467 ἔχοντι
736 3381 931 3464 ἐπιχειρήματα
977 3383 1063 3468 ἀρχὴν
1077 3391 1123 3444 τοῦ
1138 3385 1296 3464 πράγματος
1315 3386 1414 3461 καὶμὴ
1438 3390 1484 3444 τοῦ
1503 3385 1613 3464 χρόνου,
1631 3383 1676 3442 καί
1691 3383 1763 3463 γενέ-

145 3479 205 3534 καθ’
226 3476 338 3536 ἕκαστον
361 3475 490 3536 δείκνυσιν
509 3475 550 3537 ότι
569 3477 608 3556 τῷ
630 3472 715 3536 πολλίι
740 3464 807 3534 εἶναι
830 3469 932 3549 λέγοντι
978 3496 1043 3542 σεως
1054 3475 1091 3550 μὴ
1103 3477 1149 3545 τῆς
1164 3474 1264 3548 ἁπλῆς,
1277 3473 1346 3534 ἐλλθι
1362 3472 1407 3533 καί
1423 3472 1597 3546 ἀλλοιώσεως,
1613 3469 1704 3552 ῶσπερ
1716 3473 1763 3534 οὔκ

146 3563 287 3641 συμόαίνει
301 3563 335 3624 τά
351 3566 456 3626 ἐναντία
470 3564 566 3643 λέγειν.
979 3559 1073 3642 ἀθρόας
1086 3561 1223 3639 γενομένης
1242 3561 1401 3638 μεταθολῆι.

186 3674 210 3718 ε.
232 3653 286 3714 Τόν
313 3677 342 3712 τε
366 3653 398 3725 δὴ
426 3652 523 3735 τρόπον
549 3657 639 3713 τοῦτον
663 3655 779 3712 ἐπιοῦσιν
806 3649 932 3712 ἀδύνατον
1020 3651 1206 3730 (Aristoteles
1217 3651 1307 3729 Phys.
1322 3649 1476 3728 Ιίἰι.ἰοαρ.
1489 3650 1505 3706 3
1518 3667 1585 3726 pag.
1604 3649 1762 3708 186.a.13

147 3740 269 3824 φαίνεται
283 3741 316 3800 τδι
331 3741 394 3801 όντα
409 3740 437 3800 ἐν
458 3735 544 3820 εἰναι,
562 3742 608 3802 καί
628 3741 654 3812 ἐξ
675 3731 712 3800 ῶν
728 3735 932 3810 ἐπιδεικνύουσι,
978 3738 1024 3798 ed.
1039 3738 1159 3800 Beklser.
1171 3738 1340 3816 Simplicius
1351 3739 1401 3796 sol.
1415 3741 1451 3796 αδ
1463 3737 1493 3795 b.
1507 3736 1553 3794 καλ
1564 3742 1647 3794 ταῦτα
1658 3735 1705 3811 μέν
1714 3759 1762 3794 κα-

147 3831 215 3892 λύειν
235 3833 264 3890 οὔ
278 3829 414 3912 χαλεπόν·
432 3829 576 3913 ἀμφότεροι
588 3829 640 3912 γίερ
660 3832 795 3911 ἐριστικῶς
810 3827 932 3906 συλλογί-
978 3826 1030 3892 λῶς
1039 3829 1053 3883 ὁ
1062 3823 1241 3904 Ἀριστοτέλης
1252 3825 1387 3904 ἀντείρηκε
1398 3823 1461 3904 πρὸς
1475 3823 1505 3882 τδ
1516 3822 1670 3906 φαινόμενον
1683 3825 1763 3882 ὑπαν-

148 3923 238 3989 ζονται
253 3918 300 3979 καί
313 3922 445 3988 Μέλισσος
459 3922 504 3981 καί
519 3920 704 4000 Παρμενίδης·
725 3917 771 3979 καί
782 3917 834 3999 γδρ
849 3919 933 3996 ψευδῆ
979 3917 1043 3972 τῶν·
1054 3915 1110 3975 ἐπεί
1122 3913 1149 3974 δέ
1162 3914 1239 3994 σοφὸς
1248 3913 1313 3994 ἀνὴρ
1327 3912 1467 3986 Μέλισσος,
1477 3916 1512 3980 ῶς
1523 3913 1640 3972 τοιούτου
1650 3914 1703 3993 χρὴ
1717 3913 1763 3973 καί

147 4007 313 4086 λαμδένουσι
335 4007 380 4067 καί
400 4007 582 4088 ἀσυλλόγιστοί
607 4011 671 4069 εἰσιν
692 4011 780 4069 αύτῶν
799 4009 823 4068 oi
845 4006 933 4084 λόγοι·
980 4001 1762 4084 τῆείννυίυιστθχαζόμῑνῦντίέπαχθίντααῦϊῷἓγκλύματα

154 4097 254 4173 μδλλυν
266 4093 294 4154 δέ
310 4097 325 4155 θ
339 4095 474 4156 Μελίσσου
486 4097 607 4176 φορτικὸς
619 4099 664 4155 καὶ
673 4097 720 4154 οὔκ
732 4094 800 4174 ἔχων
812 4093 933 4174 ἀπορίαν,
979 4092 1170 4155 ἀπολύσασθαι.
1188 4093 1238 4154 Καί
1256 4091 1297 4152 ότι
1311 4092 1358 4166 μέν
1372 4095 1401 4152 οὔ
1414 4091 1566 4171 σωματικόν
1582 4090 1717 4170 ἐλέμῦανε
1732 4092 1762 4152 τδ

151 4181 209 4242 ἀλλ’
223 4182 277 4251 ἐνὸς
292 4184 391 4244 ἀτόπου
405 4183 521 4251 δοθέντος
534 4175 621 4243 τάλλα
639 4182 797 4260 συμὸαίνει,
811 4188 888 4242 τοῦτο
905 4181 932 4242 δέ
980 4181 1020 4255 όν,
1029 4183 1108 4254 δῆλον
1117 4184 1147 4242 ἐκ
1155 4188 1200 4242 τοῦ
1211 4183 1332 4254 ἀκίνητον
1340 4181 1386 4242 καί
1396 4181 1541 4262 ἀδιαίρετον
1548 4181 1613 4242 αὐτὸ
1621 4182 1761 4254 δεικνύναι,

147 4269 219 4336 οὔθέν
240 4269 369 4352 χαλεπόν.
420 4269 488 4332 Ὅτι
509 4270 556 4350 μὲν
580 4263 625 4330 οὔν
643 4269 849 4352 παραλογίζεται
877 4269 931 4331 iii·
979 4271 1030 4328 τῶν
1055 4268 1186 4347 σωμάτων
1210 4271 1306 4348 ἐναργῆ
1326 4269 1375 4342 τήν
1388 4269 1491 4342 κίνησιν
1513 4271 1559 4330 καί
1574 4270 1622 4343 τὴν
1638 4269 1763 4352 διαίρεσιν

148 4361 253 4436 λισσσς,
267 4360 361 4432 δῆλον·
378 4359 460 4419 οίεται
478 4359 529 4441 γδιρ
544 4357 694 4441 εἰληφέναι,
709 4362 732 4420 εἰ
749 4359 781 4418 τθ
795 4359 932 4439 γενόμενον
979 4359 1175 4440 ἐμφαινόντων,
1194 4362 1252 4420 ἀλλ’
1275 4359 1333 4418 ἀντί
1354 4361 1402 4438 μὲν
1424 4366 1469 4421 τοῦ
1492 4363 1617 4432 αἰσθητοῦ
1632 4361 1677 4420 καί
1700 4362 1760 4419 δια-

147 4445 206 4528 ἐχει
231 4447 316 4529 ἀρχὴν
344 4446 434 4522 έπσν,
459 4447 500 4507 ότι
528 4447 574 4508 καί
598 4447 629 4507 τδ
658 4446 696 4525 μή
723 4447 860 4526 γενόμενον
886 4449 933 4507 οὔκ
980 4454 1078 4510 στατοῶ
1098 4448 1248 4528 τδγενητδν
1263 4449 1482 4530 παραλαμόοίνει,
1495 4447 1585 4528 ῶσπερ
1598 4446 1643 4508 καί
1664 4449 1764 4524 δπαρδι

147 4535 215 4615 ἔχει.
981 4537 1107 4600 ίίλιέτωνι
1123 4539 1237 4615 Τίμαιος
1254 4537 1353 4618 λέγων·
1373 4539 1493 4616 γέγονεν,
1514 4535 1606 4616 θρατθς
1619 4529 1671 4611 γῦρ
1684 4531 1765 4598 inti<

179 4705 204 4756 θ.
223 4703 276 4754 iioo
286 4703 360 4768 igitur
372 4704 529 4757 modonobis
548 4703 612 4756 inne
625 4702 772 4791 senientiam
788 4702 934 4769 impugnnr-
982 4705 1139 4770 ooniingunt,
1161 4706 1230 4771 quod
1255 4705 1354 4770 quidem
1375 4705 1469 4756 nullom
1489 4701 1565 4752 hebet
1583 4699 1763 4750 difficultatem.

148 4789 220 4845 iihns
231 4803 260 4844 os
271 4805 328 4858 (γοα
340 4795 398 4845 soni
415 4807 464 4846 non
479 4806 554 4859 posse
567 4806 647 4846 onum
660 4805 716 4846 esse
731 4792 856 4844 videniur.
890 4795 934 4844 nt·
981 4796 1055 4846 Patet
1070 4793 1146 4861 ἰμιιιι
1162 4795 1253 4848 vitiose
1266 4793 1394 4846 Melissum
1407 4789 1581 4856 argumentari.
1615 4789 1691 4838 Putet
1701 4787 1765 4838 enim

151 4879 199 4950 qni
216 4893 298 4946 τιοιιοο
314 4881 415 4935 iiiiioiie
430 4885 472 4936 esi
485 4895 516 4936 en
536 4879 649 4949 εοίιετε,
661 4881 753 4949 quibus
775 4881 812 4932 illi
826 4882 939 4934 homines
982 4882 1261 4950 sesnmsisse‚siomne
1271 4883 1337 4950 quod
1349 4883 1499 4943 factumest,
1516 4877 1663 4946 principium
1675 4876 1764 4938 hebet,

151 4967 219 5025 hano
233 4985 304 5024 sunm
313 4973 461 5024 εεαίεοῑῖεια
474 4973 647 5026 murriano
680 4974 791 5037 Uterque
801 4969 867 5024 enirn
880 4985 939 5023 eon·
983 4963 1007 5019 id
1021 4968 1087 5034 qnod
1103 4970 1198 5020 ieeinm
1212 4983 1261 5019 non
1273 4971 1324 5030 est!
1340 4966 1485 5032 principium
1497 4977 1545 5014 non
1557 4961 1660 5014 hebere.

152 5055 260 5113 tentione
278 5058 448 5123 ratiocinatur,
464 5063 491 5112 οἰ
508 5061 623 5116 Melissus
638 5063 665 5112 ei
678 5061 845 5114 Parmenides.
877 5063 939 5112 iiam
1014 5064 1038 5110 θ.
1056 5059 1150 5110 Deinde
1166 5059 1214 5110 hoo
1225 5059 1301 5112 etiam
1313 5059 1352 5108 esi
1361 5055 1506 5118 absurdum,
1520 5051 1652 5119 cujuslibet
1666 5051 1700 5104 rei
1713 5065 1766 5102 esse

151 5147 182 5202 θί
192 5145 254 5202 false
266 5150 377 5212 sumunt,
389 5153 415 5202 εἰ
428 5149 597 5202 οοιιοίιιείοιιοε
608 5149 689 5202 torno
706 5149 809 5204 vitiosos
820 5149 937 5202 officiunt.
984 5147 1131 5217 principium
1146 5150 1171 5200 et
1190 5161 1240 5198 non
1259 5145 1392 5210 temporis,
1410 5147 1435 5195 ei
1454 5141 1617 5209 generationis
1638 5155 1686 5190 non
1705 5139 1782 5210 siro-s

154 5233 250 5292 iiei'nsi
264 5239 348 5291 iernen
359 5238 509 5304 rniionrngis
520 5241 559 5292 esi
571 5239 669 5306 ἰοορίε,
679 5253 760 5306 noque
776 5236 938 5292 nilamdnbi·
982 5238 1067 5304 piiein.
1090 5239 1135 5290 sed
1157 5238 1232 5290 etism
1255 5235 1437 5298 conversionis,
1458 5234 1527 5300 qussi
1549 5246 1598 5286 non
1619 5232 1704 5298 iirgens
1725 5230 1767 5292 iet

152 5321 275 5382 mmm
289 5325 367 5381 nabet
378 5327 502 5393 ρτοίεοίο,
520 5327 564 5383 sed
579 5342 630 5380 uno
645 5329 755 5381 absurdo
770 5327 830 5380 isio
847 5328 937 5378 estere
982 5325 1095 5378 ωυίεἰίο.

1634 5412 1664 5460 io
