3958 5942
833 378 1083 442 FRAGMENTA.
1700 391 1761 451 259

157 503 227 585 τείιρ,
242 503 458 585 μαλθακωτέραις
471 505 489 580 ἠ
504 503 539 576 ὥς
553 529 631 588 φησιν
643 505 809 590 Ἀλέξανδρος
822 512 935 590 λογικω-
982 512 1011 570 οὔ
1029 511 1107 588 μόνον
1122 510 1161 571 ὅτι
1178 510 1215 590 μή
1231 511 1357 593 πρότερον
1374 503 1453 574 οὔσαν
1467 514 1596 595 ἀρξασθαί
1609 541 1672 580 ποτε
1689 518 1761 600 λέγει

158 591 245 674 utpute
258 600 316 659 ταῖς
328 592 477 662 mittit&
492 592 638 675 χρώμενον.
683 596 737 656 Καὶ
747 597 763 656 θ
770 621 800 677 γε
815 599 938 675 Εὔδημος
983 599 1032 672 τήν
1046 599 1159 676 κίνησιν,
1172 600 1284 661 ἀλλ’ὅτι
1298 603 1343 662 καὶ
1358 602 1419 681 περί
1433 609 1479 662 τοῦ
1496 605 1626 682 διαμένειν
1640 604 1658 678 ἠ
1673 607 1761 680 λήξειν

158 681 235 762 μέχρι
253 683 328 754 rubba
341 689 396 748 τοῖς
409 681 471 754 ὅλης
483 685 575 764 σχεδὸν
592 687 638 756 τῆς
656 687 839 765 πραγματείας
855 711 937 770 κεφα-
982 686 1045 748 ποτὲ
1059 689 1204 768 παρεἈιπεν
1217 691 1308 764 εῖπεῖν,
1320 688 1416 770 καίπερ
1429 692 1476 750 οὔκ
1487 689 1558 760 ὄντος
1571 701 1697 774 φανεροῦ·
1711 724 1723 751 ιν
1735 679 1765 756 τί

153 762 238 838 λαίοις
253 768 441 844 ἀκολουθήσας,
460 777 535 831 τοῦτο
548 771 685 853 παρελθὼν
694 777 729 842 ὡς
740 775 875 854 περιττόν,
893 775 937 834 tari
981 773 1031 854 γὰρ
1045 777 1154 851 κωλύει,
1167 776 1241 858 φησί,
1254 777 1326 847 δόξαι
1339 777 1403 839 ποτέ
1414 781 1452 836 τῶ
1466 781 1502 859 νῷ
1518 785 1614 851 στῆσαι
1627 781 1715 842 πάντα
1726 783 1759 842 τό

155 857 228 917 τάἐν
246 858 439 940 τῷτελευταίῳ
454 859 548 943 βιόλίιρ
566 864 696 944 κεφάλαια
713 866 837 940 μετῆλθε.
882 863 936 926 Καί
980 863 1127 943 χρήματα,
1149 865 1268 948 καθάπερ
1295 867 1392 935 ἐκεῖνος
1422 837 1479 926 siae
1503 873 1620 942 κινῆσαι.
1649 895 1663 924 ιι
1704 871 1761 933 Καὶ

155 949 170 1005 δ
193 946 337 1025 Θεμίστισς
359 945 386 1006 δέ
402 946 450 1022 τήν
466 947 531 1020 όλην
555 952 740 1030 πραγματείαν
756 953 935 1036 παραφράζων
980 959 1058 1014 τοῦτο
1068 955 1095 1013 δὲ
1106 957 1222 1015 αίτιάται
1233 963 1276 1017 τοῦ
1286 955 1460 1035 Ἀναξαγόρου
1473 955 1631 1035 δΕὔδημος.
1676 961 1760 1029 «Πῶς

154 1039 181 1096 ἐν
208 1036 292 1116 τούτῳ
307 1040 344 1114 τῷ
361 1035 454 1119 βιόλίῳ
469 1037 605 1116 γενόμενος
629 1037 715 1099 πολλὰ
740 1042 792 1098 τῶν
813 1042 839 1099 ἔν
865 1042 935 1120 αὐτῷ
980 1041 1113 1122 ἐνδέχεται
1133 1043 1253 1124 στέρησίν
1269 1068 1329 1104 τινα
1346 1043 1476 1123 προτέραν
1492 1034 1559 1104 εἶναι
1583 1050 1629 1118 τῆς
1646 1049 1759 1107 ἀντικει·

154 1125 303 1205 κεφαλαίων
318 1127 522 1186 κατενοιτίσατο.
981 1127 1062 1206 μένης
1091 1131 1183 1210 ἑξεως;
1209 1135 1231 1192 εἰ
1256 1123 1300 1191 οὔν
1323 1136 1338 1205 ἠ
1365 1131 1461 1214 ἐρημία
1484 1133 1604 1210 στέρησις
1632 1135 1760 1209 κινήσεώς

194 1214 381 1293 {Simplicius
408 1217 528 1294 praesat.
553 1215 606 1276 tib.
636 1215 689 1274 Vll
713 1217 764 1278 fot.
794 1223 871 1296 2423
897 1218 934 1280 cf.
980 1220 1061 1293 ἐστιν,
1077 1222 1123 1280 οὔκ
1135 1220 1166 1279 ἀν
1179 1220 1219 1293 εἴη
1231 1223 1282 1302 πρὸ
1295 1225 1343 1293 τῆς
1357 1219 1519 1292 κινήσεως.»
1563 1225 1601 1282 At
1612 1222 1757 1284 decadem

152 1301 260 1364 Schoil.
273 1304 305 1362 in
319 1303 410 1362 Arist.
427 1324 494 1382 pag.
512 1305 580 1372 416.
594 1303 625 1366 b.
641 1305 688 1365 ed.
704 1305 854 1385 Brundis.)
979 1328 1010 1367 re
1025 1309 1086 1387 ipse
1096 1311 1266 1370 Aristoteles
1276 1311 1365 1389 Phys.
1379 1309 1431 1368 tib.
1446 1309 1513 1370 viil
1524 1332 1588 1391 cap.
1608 1334 1631 1372 1.
1643 1335 1673 1392 p.
1688 1316 1756 1376 251.

193 1410 230 1452 71.
261 1392 296 1451 Et
323 1389 355 1461 δὴ
379 1393 453 1450 ταῦτ’
469 1390 598 1464 ditiora,
615 1393 692 1464 δῆλον
713 1396 747 1460 ὡς
762 1393 831 1452 ἔστιν
853 1387 933 1460 ἀίδιος
978 1401 1063 1462 a16.
1081 1400 1170 1458 οὖκοῦν
1190 1398 1234 1458 καί
1254 1405 1337 1458 ταῦτα
1359 1399 1500 1476 ἀναγκαῖον
1523 1395 1540 1470 ἠ
1561 1399 1680 1478 γενέσθαι
1694 1401 1758 1460 ποτί

153 1476 267 1554 κίνησις,
294 1479 353 1539 ἀλλ’
370 1481 419 1560 οὐχ
442 1479 484 1540 tat
507 1479 555 1556 μέν
569 1471 666 1553 {imbri
683 1481 705 1540 δ’
729 1479 771 1543 οὔ.
813 1479 869 1543 Καί
883 1480 933 1562 γδρ
978 1477 1278 1560 οάκόνταήἀῖδιαεῖναι.
1325 1483 1759 1565 Είμὲντοίνυνάγένετοτῶνκινη-

155 1567 224 1628 ἔοικε
244 1567 275 1626 τδ
289 1568 356 1627 οὔτοι
370 1568 454 1646 λέγειν
466 1569 605 1648 πλάσματι
624 1572 733 1648 μᾶλλον.
776 1569 892 1649 Ὁμοίοις
906 1572 933 1630 δὲ
978 1579 1029 1636 τῶν
1043 1575 1169 1650 ἕκαστον,
1180 1577 1320 1654 ἀναγκαῖον
1329 1575 1453 1656 πρότερον
1462 1577 1509 1646 τῆς
1522 1576 1664 1657 ληφθείσης
1674 1578 1757 1652 ἀλλην

153 1656 198 1716 καί
212 1655 242 1716 τδ
257 1656 352 1736 λέγειν,
367 1657 405 1716 ότι
426 1656 539 1738 πέφυκεν
554 1657 636 1726 οὔτως
656 1657 702 1717 καί
717 1656 816 1732 ταύτην
837 1662 877 1719 δεῖ
889 1681 932 1718 νο·
978 1664 1097 1740 γενέσθαι
1114 1663 1263 1743 μεταόολῆν
1285 1665 1329 1725 καί
1350 1665 1472 1737 κίνησιν,
1489 1665 1550 1723 καθ’
1561 1665 1592 1737 ἠν
1614 1665 1717 1744 ἐγένετο
1728 1667 1758 1727 τδ

153 1745 236 1822 μίζειν
248 1735 315 1805 εἶναι
327 1745 421 1826 ἀρχήν,
429 1746 493 1826 ὅπερ
505 1747 587 1808 ἔοικεν
596 1746 780 1825 Ἐμπεδοκλῆς
795 1746 825 1807 ἀν
839 1749 932 1821 εἰπεῖν,
979 1751 1087 1812 δυνατόν
1096 1757 1242 1826 κινηθῆναι,
1256 1751 1273 1824 ἠ
1287 1758 1404 1826 κινῆσαι.
1449 1758 1483 1816 Ei
1492 1757 1514 1814 δ’
1521 1754 1582 1814 ὄντα
1588 1759 1758 1836 προϋπῆρχεν

150 1836 186 1902 ὡς
199 1835 229 1894 τὸ
244 1842 349 1914 κρατεῖν
364 1835 409 1894 καί
429 1839 509 1895 κινεῖν
530 1838 556 1895 έν
578 1834 652 1916 μέρει
672 1835 720 1908 τήν
737 1835 826 1917 φιλίαν
845 1836 933 1896 καὶτὸ
978 1842 1018 1901 ἀεί
1034 1840 1160 1913 κινήσεως
1175 1841 1213 1918 μή
1239 1839 1331 1918 οὔσης,
1347 1842 1441 1924 ἀλογον
1461 1843 1508 1922 μὲν
1524 1842 1643 1925 φαίνεται
1659 1842 1705 1902 καί
1717 1846 1759 1903 αὖ·

148 1929 232 1991 νεῖκος
242 1923 357 2004 ὑπάρχει
370 1932 423 1994 τοῖς
434 1923 587 2006 πράγμασιν
602 1925 629 1993 ἐξ
642 1925 766 2004 ἀνάγκης,
786 1929 894 2005 ἠρεμεῖν
906 1925 933 1985 δὲ
977 1929 1049 1990 τόθεν
1068 1928 1252 2003 ίπιστήσασιν,
1272 1933 1301 1990 οὔ
1322 1930 1376 2009 μὴν
1387 1931 1455 1990 ἀλλά
1471 1933 1571 2010 μᾶλλον
1585 1931 1623 1990 ἔτι
1637 1935 1758 2013 προῖοῦρι

149 2013 194 2072 τόν
222 2011 322 2090 μεταξὺ
349 2012 451 2093 χρόνον.
494 2015 575 2094 Τάχα
601 2013 627 2074 δὲ
649 2013 693 2072 καί
717 2016 740 2073 οῖ
769 2012 832 2088 μίαν
848 2013 932 2096 ἀρχήν
977 2023 1053 2078 τοῦτο
1067 2015 1222 2094 συμὸαίνειν
1235 2020 1388 2094 ἀναγκαῖον.
1433 2021 1468 2080 Et
1484 2019 1534 2099 γδιρ
1549 2022 1601 2079 τῶν
1617 2018 1665 2096 μέν
1681 2043 1758 2093 κινη-

150 2106 297 2180 ποιοῦντις,
312 2100 402 2180 ὥσπερ
417 2102 600 2182 Ἀναξαγόρας,
618 2101 697 2170 οὔτως
712 2101 743 2161 ἀν
763 2101 869 2164 εἴποιεν.
977 2109 1029 2163 τῶν
1042 2103 1123 2164 όντων
1139 2108 1190 2164 τῶν
1205 2105 1232 2164 δὲ
1245 2109 1387 2178 κινητικῶν
1404 2104 1446 2165 tri
1463 2107 1511 2184 μὲν
1522 2107 1599 2166 ἔσται
1614 2129 1639 2164 τι
1653 2111 1757 2188 πρῶτον

192 2191 377 2269 (Aristoteles
399 2191 485 2269 Phys.
506 2190 558 2249 lib.
573 2189 643 2248 Vlll
666 2210 728 2268 cap.
759 2213 785 2252 1.
812 2211 842 2269 p.
862 2190 930 2264 σόα,
977 2197 1074 2265 κινοῦν,
1089 2190 1118 2249 τὸ
1147 2192 1174 2251 δὲ
1192 2193 1354 2272 κινούμενον,
1371 2191 1414 2253 δεῖ
1431 2193 1454 2251 δ’
1469 2193 1559 2265 οὐθέν,
1576 2191 1636 2252 ἀλλ’
1650 2196 1757 2274 ἠρεμεῖ,

151 2299 178 2337 a.
204 2281 221 2338 3
245 2279 293 2340 ed.
315 2279 435 2339 Beirker.
455 2279 625 2362 Simplicius
648 2278 697 2338 tot.
719 2299 787 2352 apa.
806 2283 836 2337 b.
858 2279 927 2338 aiat-
977 2281 1119 2358 ἀναγκαῖον
1143 2285 1220 2341 τοῦτο
1246 2282 1421 2358 μεταάάλλειν
1444 2281 1584 2361 πρότερον·
1605 2272 1640 2354 ἠν
1654 2281 1705 2360 γάρ
1731 2304 1757 2341 τι

150 2390 231 2444 σματι
244 2365 354 2426 ἐοικέναι
362 2364 442 2427 εἰπὼν
453 2367 483 2426 τδ
494 2367 591 2446 λέγειν,
602 2365 643 2427 ότι
653 2369 695 2426 δεῖ
710 2367 758 2442 μὲν
772 2357 803 2440 ἠν
817 2366 929 2441 κίνησις,
977 2367 1059 2428 αῖτιον
1071 2371 1118 2439 τῆς
1129 2367 1256 2448 ἠρεμίας·
1271 2369 1346 2451 ἡγὰρ
1356 2369 1484 2449 ἠρέμησις
1495 2370 1616 2448 στέρησις
1626 2373 1674 2440 τῆς
1686 2367 1758 2440 κινή-

151 2455 234 2516 tritt
250 2453 289 2529 οὔ,
304 2453 347 2514 διδ
361 2454 391 2514 ab
414 2455 451 2534 μή
465 2453 535 2537 ἔχειν
552 2455 637 2514 αἰτίαν
660 2456 802 2516 ἀποδοῦναι
824 2455 928 2532 τούτου,
976 2479 1052 2523 σεως.
1095 2453 1181 2516 Ὥστε
1196 2457 1247 2536 πρὸ
1262 2460 1308 2530 τῆς
1322 2456 1431 2538 πρώτης
1447 2455 1597 2536 μεταῦολῆς
1619 2454 1693 2514 ἔσται
1711 2478 1756 2534 με·
1842 2480 1846 2488 ·

149 2544 241 2625 ἐφεξῆς
267 2565 355 2622 φησιν,
374 2542 414 2604 ότι
431 2544 477 2603 καί
501 2545 531 2604 τό
556 2545 639 2622 λέγειν
662 2543 701 2603 ότι
718 2543 832 2625 πέφυκεν
852 2546 930 2617 οὔτω,
975 2543 1076 2616 ταθολή
1090 2542 1235 2624 προτέρα.)

148 2633 196 2691 καί
214 2629 313 2702 ταύτην
330 2633 364 2698 ὡς
390 2631 475 2713 ἀρχὴν
500 2631 546 2692 καί
569 2631 655 2692 αἰτίαν
670 2633 821 2692 ἀποδιδόναι
836 2631 931 2708 ὁμοίως
1014 2655 1051 2695 ra.
1067 2629 1155 2691 Ὥστε
1170 2631 1201 2691 τδ
1216 2631 1296 2714 φάναι
1310 2635 1425 2714 συνεχῶς
1441 2634 1609 2692 ἀλλοιοῦσθαι
1622 2630 1682 2692 λίαν
1698 2631 1755 2692 ἔστί

148 2718 342 2797 πλασματῶδές
363 2723 444 2782 ἐστιν.
487 2725 573 2783 Τοῦτο
597 2721 623 2780 δέ
647 2719 729 2780 ἔοικεν
746 2719 931 2800 Ἐμπεδοκλῆς
975 2731 1027 2788 τοῖς
1041 2724 1160 2804 φανεροῖς
1176 2720 1363 2802 ἀμφιοῦητεῖν.
1381 2723 1428 2788 Εἰς
1445 2720 1593 2780 τούναντίον
1606 2719 1657 2800 γθιρ
1674 2726 1688 2794 ἡ
1707 2723 1754 2780 ἀλ-

150 2809 183 2868 ἀν
201 2811 283 2868 εἰπεῖν
299 2808 342 2868 ὅτε
355 2809 426 2888 λέγει
440 2809 481 2870 ότι
493 2809 523 2869 τδ
538 2811 643 2888 κρατεῖν
658 2811 703 2870 καί
717 2818 797 2869 κινεῖν
812 2811 838 2870 ἐν
855 2809 930 2891 μίρει
974 2811 1094 2883 λοίοισις,
1118 2815 1132 2870 δ
1155 2808 1183 2868 δὲ
1203 2809 1274 2878 λίθος
1296 2808 1354 2870 οὔτε
1381 2809 1553 2890 σκληρότερος
1572 2808 1671 2886 γίνεται
1695 2806 1754 2869 οὔτε

149 2899 197 2969 τῆν
217 2896 305 2978 φιλίαν
319 2896 364 2956 καί
377 2897 409 2958 τθ
432 2907 515 2966 νεῖκος
540 2898 567 2968 έξ
592 2899 708 2980 ἀνάγκης
745 2899 859 2978 ὑπάρχει
877 2904 930 2968 τοῖς
976 2898 1173 2978 μαλακώτερος.
1219 2897 1298 2956 Κατά
1317 2921 1344 2955 τε
1372 2897 1401 2957 τό
1417 2897 1540 2980 φέρεσθαι
1556 2896 1707 2974 θαυμαστὸν
1732 2902 1754 2958 εῖ

147 2987 314 3066 πράγμασιν.
357 2989 390 3046 Ei
406 2986 432 3046 δὲ
448 2987 593 3060 καὶτοῦτο,
609 2989 655 3047 καί
671 2990 702 3047 ab
723 2991 831 3068 ἠρεμεῖν
848 2992 873 3048 ἐν
891 2993 929 3070 τῷ
974 2989 1081 3060 λεληθεν
1098 2991 1112 3045 δ
1126 2987 1196 3052 λίθος
1210 2987 1283 3044 κάτον
1298 2985 1463 3064 φερόμενοςή
1480 2985 1564 3064 μένων
1579 2987 1623 3044 ἐπί
1637 2990 1684 3056 τῆς
1696 2989 1753 3064 γῆς.

148 3074 246 3154 μεταξὺ
260 3075 362 3156 χρόνῳ·
376 3079 428 3134 τῶν
438 3077 489 3156 γὰρ
498 3075 621 3136 ἐναντίων
637 3075 762 3147 κινήσεσιν
773 3077 871 3157 ἠρεμία
884 3102 929 3156 με·
1016 3076 1201 3154 (Aristoteles
1216 3075 1303 3152 Phys.
1318 3075 1372 3137 lib.
1389 3075 1456 3136 Vlll
1473 3096 1535 3154 cap.
1554 3077 1569 3134 3
1591 3097 1620 3153 p.
1647 3076 1704 3133 253
1721 3074 1752 3133 b.

147 3164 292 3234 ταξῦῖστι.
335 3163 458 3240 Εὔδημος
482 3163 509 3224 δὲ
533 3165 581 3236 τήν
602 3164 741 3236 ἀκινησίαν
760 3169 786 3226 ἐν
815 3170 848 3248 τῇ
883 3172 930 3240 τῆς
976 3165 1013 3222 28
1024 3165 1071 3224 ed.
1088 3166 1205 3223 Bekker.
1217 3164 1384 3242 Simplicius
1400 3165 1448 3225 fot.
1461 3187 1516 3238 277
1535 3165 1584 3241 (ci.
1601 3164 1707 3223 Sciroil.
1723 3165 1754 3222 in

146 3253 234 3335 φιλίας
254 3253 407 3333 ἐπικρατείᾳ
423 3253 492 3313 κατὰ
506 3251 550 3313 τὸν
565 3262 675 3332 σφαῖρον
689 3253 836 3334 ἐκδέχεται,
854 3257 929 3315 ἐπει·
975 3255 1096 3316 Αείεῑοε.
1121 3275 1149 3332 p.
1166 3256 1235 3321 430.
1254 3273 1282 3313 a.
1300 3253 1345 3312 ed.
1366 3253 1519 3326 Brundisi
1545 3253 1585 3312 ότι
1601 3252 1628 3310 δὲ
1645 3253 1682 3327 μή
1698 3255 1754 3310 ἐστι

147 3342 195 3401 δάν
216 3341 321 3415 ἅπαντα
345 3347 470 3422 συγκριθῆ
493 3368 505 3396 ι
531 3341 582 3402 ἔνθ’
608 3341 664 3402 οὔτ’
683 3343 780 3414 ἠελίοιο
808 3343 928 3403 διείδεται
975 3343 1120 3423 συνεχήςῆ
1140 3340 1210 3400 κατὰ
1229 3339 1276 3412 τήν
1294 3342 1434 3400 ἀλλοίωσιν
1450 3341 1563 3412 κίνησις,
1578 3340 1693 3401 δείκνυσι
1709 3340 1754 3400 καί

145 3429 218 3491 ἀικέα
233 3431 414 3509 γυῖα,ιάλλ’,
428 3429 463 3497 όις
477 3431 677 3510 φησινιοῦτως
693 3429 818 3510 ἁρμονίης
828 3437 928 3513 πυκινῷ
974 3433 1004 3490 ’έκ
1017 3435 1064 3504 τῆς
1080 3431 1223 3510 ἐναργείας.
1265 3427 1298 3489 Ὁ
1311 3429 1361 3509 γδιρ
1374 3431 1444 3496 λίθος
1459 3431 1584 3509 ἕνπολλῷ
1597 3428 1683 3508 χρόνῳ
1694 3427 1754 3488 οὔτε

147 3518 235 3598 κρύφα
250 3517 402 3598 ἐστήρικται
421 3518 529 3598 σφαῖρος
549 3517 705 3597 κυκλοτερὴς
720 3523 796 3597 μονιῆ
811 3543 929 3600 περιγη-
973 3518 1146 3598 σκληρότερος
1173 3516 1274 3596 γίνεται
1299 3515 1361 3576 οὔτε
1388 3515 1577 3597 μαλακώτερος
1603 3517 1662 3575 ἀλλ’
1695 3516 1753 3577 cnidi

148 3606 188 3666 θὲῖ
203 3603 276 3668 αἰών.
296 3629 309 3664 ιι
327 3605 487 3686 Ἀρξαμένου
503 3603 530 3664 δὲ
545 3606 624 3665 πάλιν
638 3612 683 3666 τοῦ
701 3605 800 3675 νείκους
815 3610 926 3690 έπεκρα-
974 3607 1086 3678 ἑκάστης
1098 3606 1199 3686 ἠμέρας
1214 3609 1324 3686 ἀπορρεῖ
1334 3629 1360 3665 τι
1375 3607 1465 3680 αὐτοῦ,
1476 3605 1510 3672 ὥς
1526 3629 1606 3686 φησιν
1624 3604 1753 3682 Εὔδημος.

144 3696 207 3767 τεῖν,
221 3695 279 3754 τότε
290 3695 368 3754 πάλιν
379 3694 478 3766 κίνησις
491 3697 517 3752 έν
527 3697 565 3775 τῷ
574 3693 676 3776 σφαίριρ
687 3694 801 3771 γίνεται·
814 3722 826 3752 ι
838 3699 926 3756 πάντα
974 3693 1021 3754 Ἐν
1037 3695 1142 3762 πολλοῖς
1157 3693 1208 3774 γδιρ
1223 3693 1292 3752 έτεσι
1308 3693 1405 3752 πλείων
1427 3691 1530 3762 έσταιή
1555 3689 1685 3772 ἀπόρροια
1707 3697 1753 3750 τοῦ

143 3785 194 3864 γάρ
209 3783 291 3856 ἑξείης
306 3783 460 3859 πελεμίζετο
483 3789 545 3860 γυῖα
568 3783 646 3843 θεοῖο.
666 3806 680 3840 ι
709 3783 801 3863 (vide
816 3787 926 3863 Enipe-
973 3782 1104 3860 σώματος,
1122 3785 1165 3863 ἀφ’
1190 3773 1220 3841 οὔ
1239 3783 1358 3862 ἀπορρεῖ,
1378 3780 1463 3839 καίτοι
1488 3779 1653 3856 διαμένοντα,
1672 3777 1752 3859 φησί,

145 3875 219 3936 doci.
242 3894 288 3935 vs.
309 3875 438 3951 169·180
453 3873 483 3931 in
508 3873 584 3934 Phil.
603 3873 697 3934 Graec.
710 3873 770 3934 voi.
786 3895 799 3932 1
818 3895 848 3952 p.
864 3874 881 3931 5
899 3887 927 3933 et
973 3871 1092 3952 φαίνεται
1102 3870 1189 3931 πολλδι
1200 3871 1245 3930 καί
1255 3867 1511 3950 σμικράπαμπλήθη
1523 3865 1614 3948 χρόνον
1631 3869 1753 3950 ἀψαυστα

146 3971 180 4031 ήι
203 3964 283 4042 seq.)
299 3961 334 4023 ‘0
348 3960 375 4020 δὲ
398 3959 519 4039 Εὔδημος
543 3959 675 4042 μέμφεται
690 3965 729 4041 τῷ
748 3959 923 4041 Ἀναξαγόρᾳ,
972 3960 1114 4038 κείμενα.)

144 4211 170 4264 id
184 4215 234 4272 est¹
248 4209 327 4262 totius
342 4211 465 4261 tractatus
476 4207 564 4260 ultimo
581 4207 664 4260 allatis
678 4205 826 4259 certioribus
845 4220 924 4272 argu·
972 4207 1024 4258 nim
1041 4205 1076 4258 ita
1089 4206 1171 4259 dicere
1190 4205 1273 4273 potius
1291 4206 1372 4258 simile
1392 4208 1430 4258 est
1447 4209 1599 4272 comment03
1612 4207 1753 4274 pariterque

142 4301 234 4354 ruentis
246 4299 375 4351 institutas
389 4299 516 4350 contineri.
533 4298 701 4358 Quamobrem
715 4296 790 4348 etiam
802 4297 927 4348 nonnullis
972 4297 1067 4360 dicero,
1081 4297 1118 4348 sic
1136 4309 1190 4348 esse
1208 4299 1298 4348 natura
1312 4300 1495 4362 comparatum,
1514 4299 1593 4363 atque
1611 4297 1659 4348 boc
1678 4309 1753 4362 opor-

144 4387 187 4438 hic
197 4387 262 4440 liber
276 4387 302 4439 iu
318 4401 402 4439 rerum
413 4387 561 4439 tractatione
579 4399 776 4452 supervacaneus
791 4399 845 4437 esse
856 4386 926 4437 visus
971 4389 1026 4438 tere
1039 4387 1187 4453 principium
1204 4400 1259 4438 esse
1273 4389 1374 4452 putare,
1388 4387 1456 4452 quod
1475 4387 1577 4452 quidam
1591 4384 1753 4452 Empedocles

145 4479 198 4535 est,
219 4479 307 4541 utpote
330 4476 374 4542 qui
398 4476 575 4528 infirmioribus
593 4475 648 4540 rel,
663 4477 693 4526 ut
714 4474 852 4526 Alexander
871 4475 925 4538 ait,
971 4476 1064 4528 dixisse
1077 4475 1185 4536 videtur,
1198 4475 1274 4526 rcbus
1286 4473 1398 4526 videlicet
1409 4475 1551 4540 contingere
1562 4473 1753 4533 necessarium

145 4565 319 4618 subtilioribus
339 4566 477 4618 rationibus
494 4567 596 4618 nitatur.
617 4565 700 4625 Quid?
713 4565 781 4631 quod
800 4565 927 4617 Eudemus
970 4578 1015 4631 per
1025 4565 1094 4616 vices
1105 4565 1236 4616 concordia
1247 4567 1273 4614 et
1285 4563 1408 4614 discordia
1419 4564 1519 4614 vincant
1528 4562 1751 4627 casquemovoant‚

145 4672 246 4725 quoque
265 4657 386 4710 hactum
415 4659 539 4710 universae
566 4658 743 4724 propemodum
765 4657 925 4723 expositionis
971 4653 1054 4706 medio
1075 4656 1159 4705 autern
1180 4656 1292 4718 tempore
1312 4652 1448 4717 quiescant.
1471 4650 1584 4701 Forsitan
1610 4649 1685 4701 etiam
1707 4645 1752 4714 qui

146 4747 229 4812 capita
243 4747 373 4799 intellectu
385 4752 544 4811 consecutus,
557 4747 648 4799 omisso
659 4747 707 4798 hoc
717 4751 834 4812 tanquam
843 4761 928 4812 super·
971 4758 1048 4794 unuin
1062 4741 1210 4807 principium
1224 4740 1332 4800 faciunt,
1348 4743 1378 4791 ut
1397 4742 1566 4802 Anaxagoras,
1580 4739 1616 4788 ita
1631 4735 1749 4792 dixerint.

144 4848 268 4898 εεεαιιοο,
282 4835 315 4888 ad
330 4835 412 4888 ultimi
426 4836 484 4888 iibri
498 4836 579 4901 capita
592 4835 699 4888 transiit.
712 4835 762 4888 sed
774 4833 927 4887 themistius
1002 4837 1041 4884 72.
1058 4830 1224 4889 Quamobrem
1237 4829 1334 4890 dicore,
1354 4841 1381 4878 se
1397 4827 1551 4878 continenter
1566 4824 1750 4890 transumunt,

143 4939 245 4992 quoque
262 4925 342 4977 totius
363 4927 487 4977 tractatus
503 4925 639 4991 interpres,
662 4923 707 4989 qui
733 4923 829 4988 singula
850 4923 927 4974 latius
971 4921 1010 4969 est
1027 4916 1103 4968 rebus
1115 4915 1249 4968 admodum
1260 4913 1398 4981 perspicuis
1415 4912 1545 4966 obsistere.
1558 4909 1752 4974 ‘transfiguratio

142 5014 287 5081 perscribit,
306 5019 440 5082 postquam
455 5013 487 5066 ad
503 5013 570 5066 huno
586 5013 681 5066 tibrum
701 5013 814 5078 perventi
846 5011 926 5063 muita
971 5005 1037 5060 enim
1050 5005 1238 5058 iucantrarium
1252 5003 1365 5057 transitio
1378 5006 1419 5054 cst
1434 5019 1441 5054 ι
1455 5001 1558 5068 attapis
1571 5013 1652 5066 neque
1665 4999 1754 5052 dumor

143 5104 198 5170 etus
211 5107 293 5170 capita
303 5105 419 5171 neglexit.
972 5096 1011 5160 tit,
1021 5110 1102 5160 neque
1117 5094 1222 5146 mollior.
1239 5094 1312 5149 Quod
1329 5094 1413 5143 autem
1426 5089 1487 5142 terri
1506 5088 1653 5156 perhibetur
1670 5088 1749 5154 lapis,

175 5195 214 5244 71.
232 5193 327 5252 Quodsi
336 5195 390 5244 hacc
401 5187 454 5243 tieri
464 5205 513 5242 non
528 5190 641 5257 possunt,
651 5190 753 5254 apparet
762 5189 859 5238 motum
870 5199 925 5251 pcr-
971 5187 1110 5238 mirandum
1131 5189 1184 5250 est,
1205 5183 1227 5235 si
1250 5183 1314 5235 ciam
1337 5183 1453 5235 deorsum
1470 5183 1552 5235 fertur
1570 5179 1663 5234 autin
1683 5183 1753 5235 terra

144 5284 249 5347 petuam
261 5296 329 5348 mse,
341 5286 436 5342 utnon,
453 5281 528 5332 modo
547 5293 612 5341 osse,
635 5279 708 5331 modo
724 5291 773 5329 non
786 5289 848 5332 esse.
861 5281 922 5329 Ete·
970 5277 1061 5327 mauu.

1622 5367 1660 5418 17.
