3938 5968
203 387 265 448 550
827 389 1037 453 imbuemur
1061 391 1197 456 ullobll

203 518 345 592 διανοῖαςὴ
364 519 461 594 ἡδονή,
477 519 524 580 καί
539 519 658 600 μάλιστα
675 521 737 584 ὅταν
755 523 920 604 ὑγιαίνουσαι
944 549 985 586 τι·
1034 536 1122 600 quitur
1148 537 1280 603 voluptas,
1309 540 1417 592 manime
1435 555 1515 607 quum
1540 541 1603 594 bene
1625 541 1710 594 allecti
1737 557 1827 596 sensus

201 609 340 684 λειοτάτην
351 609 556 690 προόάλλωνται
575 613 623 683 τὴν
638 613 792 692 ἐνέργειαν,
813 614 858 674 καλ
884 615 944 698 περὶ
958 615 988 676 τὸ
1034 615 1238 678 lteriectissimam
1260 619 1371 669 muneris
1397 619 1549 670 luncliouem
1572 621 1619 671 sibi
1637 627 1777 686 proponunt
1798 628 1824 674 et

202 700 345 760 ,ἄλλων
361 700 515 779 ζηῃῃῖωῃ,
531 701 548 772 ,γ
563 699 610 780 μὲ,
634 701 755 776 “mm
770 708 822 764 τῶ,
836 707 987 782 ,γσῃητῶ,,
1034 694 1099 744 circa
1119 710 1171 746 rem
1192 697 1346 750 sensibilium
1367 699 1561 764 pulcherrimam
1575 717 1662 754 sensus
1680 709 1705 753 et
1729 705 1825 754 intelli-

201 795 218 860 ἡ
231 787 258 848 δ,
271 786 437 848 ,ιάνωατῶν
450 791 605 863 &mma-w·
625 793 782 864 Τηνααῦτα
803 790 854 872 ,γρ
870 791 987 868 μέλω,
1033 771 1147 834 gibilinm
1168 781 1396 866 mensuuersantnr.
1419 781 1482 828 Tum
1504 780 1570 872 enim
1593 781 1703 832 maxime
1717 786 1744 833 et
1765 799 1823 848 per.

1034 849 1097 902 lecte
1119 853 1228 903 efficacis
1242 853 1284 904 ulla
1298 859 1342 906 aut
1361 853 1449 908 eilrcax
1465 857 1565 912 belrius
1583 873 1685 912 munere
1701 877 1749 912 suo
1764 863 1825 914 iun-

1033 931 1108 994 gitur.
1126 933 1191 984 itibil
1209 933 1274 984 enim
1287 934 1399 996 interest,
1411 940 1496 987 utrum
1517 939 1585 988 hunc
1599 953 1630 988 an
1643 939 1711 990 illam
1729 956 1823 994 munus

1033 1025 1107 1062 suum
1125 1012 1223 1077 explere
1240 1013 1309 1064 dicas
1325 1036 1331 1065 ι
1350 1016 1469 1066 nimirum
1492 1031 1570 1081 quum
1588 1019 1704 1074 ineolumi
1728 1021 1784 1073 acie
1798 1029 1823 1073 el

1032 1091 1140 1156 perlecto
1155 1091 1269 1144 videmus
1284 1095 1420 1159 etquidem
1434 1097 1626 1160 pulcherrimam
1644 1115 1729 1152 rerum
1749 1118 1821 1169 aspe-

1032 1172 1161 1222 ctabilium
1178 1173 1301 1235 videmus,
1320 1174 1500 1240 perfectissima
1511 1179 1609 1229 exsistit
1627 1179 1739 1232 efficacia
1759 1204 1766 1234 r
1787 1185 1824 1234 si·

1031 1253 1175 1319 militesque
1186 1254 1218 1304 de
1235 1259 1319 1306 mente
1334 1259 1360 1306 ct
1376 1257 1482 1322 reliquis
1497 1259 1610 1310 sensibus
1631 1261 1820 1325 judicandum:

1031 1347 1088 1398 qum
1110 1347 1169 1383 vero
1193 1333 1373 1398 perfectissima
1395 1339 1442 1396 est,
1464 1337 1645 1401 iucundissima
1661 1357 1766 1409 qnoque
1789 1347 1822 1396 sit

1031 1414 1136 1476 oportet.
1152 1413 1208 1462 Jam
1229 1427 1288 1462 uero
1305 1418 1330 1464 et
1343 1415 1418 1464 animi
1431 1419 1457 1466 et
1475 1416 1629 1480 singulorum
1642 1435 1762 1473 sensuum
1773 1426 1821 1474 ali-

1031 1505 1107 1556 quam
1119 1492 1272 1557 uoluptatem
1282 1507 1336 1544 csse
1346 1494 1503 1546 manifestum
1513 1501 1551 1546 est
1563 1517 1570 1548 ε
1584 1513 1641 1550 nam
1656 1502 1822 1564 cogitationes

1028 1571 1151 1634 jucundas
1172 1585 1226 1622 esse
1238 1572 1353 1634 dicimus,
1374 1578 1400 1624 et
1413 1576 1543 1639 praeceptis
1560 1578 1705 1640 gaudemus,
1720 1587 1745 1632 et
1760 1598 1819 1648 spe-

1031 1659 1136 1710 ctaculis
1156 1659 1374 1726 auditionibusque
1403 1661 1563 1724 delectamur,
1596 1667 1704 1718 maxime
1736 1684 1818 1734 quum

1030 1745 1139 1812 perfecte
1155 1745 1195 1796 his
1209 1745 1283 1796 rebus
1299 1759 1399 1811 operam
1417 1747 1515 1808 damus,
1526 1751 1554 1798 ut
1571 1748 1667 1801 dictum
1681 1757 1726 1812 est,
1739 1759 1817 1819 atque

1031 1839 1060 1876 ea
1076 1837 1134 1889 quse
1153 1825 1248 1888 optima
1266 1829 1323 1876 sunt
1351 1825 1477 1886 videmus,
1493 1828 1532 1878 uel
1553 1831 1755 1894 contemplamur,
1773 1835 1816 1884 rel

1031 1903 1079 1954 alio
1093 1917 1167 1953 sensu
1180 1903 1337 1968 percipimus.
1349 1905 1420 1955 'inies
1438 1907 1503 1956 enim
1525 1923 1604 1973 quum
1624 1914 1650 1961 et
1662 1925 1750 1964 sensus
1767 1915 1818 1965 sint

1030 2003 1119 2054 resque
1144 1987 1271 2038 sensibiles
1280 1991 1305 2038 et
1326 2001 1396 2040 mens
1426 2005 1484 2042 cum
1507 1993 1581 2044 rebus
1607 1995 1816 2060 intelligibilibus,

1030 2090 1127 2142 semper
1145 2074 1192 2124 erit
1216 2075 1339 2140 voluptas,
1370 2076 1448 2128 donec
1475 2092 1546 2130 mens
1566 2084 1593 2130 et
1613 2095 1699 2132 sensus
1716 2085 1817 2150 objectu

1031 2156 1115 2222 aliquo
1129 2153 1260 2204 alliciatur.

200 878 245 940 καί
265 877 370 948 τελείως
389 879 487 959 ἐνεργεῖ
506 883 524 952 ἡ
541 879 705 960 ἐνέργεια,ἣ
724 887 740 954 ἡ
763 883 905 961 ἐνεργοῦαα
926 877 986 948 ἕξις.

200 969 286 1030 Οὐδέν
299 969 350 1050 γὰρ
368 969 485 1050 διαφέρει
501 969 600 1042 ταύτην
614 973 727 1052 ἐνεργεῖν
742 972 823 1032 εἰπεῖν
832 969 865 1046 ,ἦ
876 969 986 1041 ἐκείνην·

200 1059 305 1120 ἐπειδάν
319 1057 371 1140 γάρ
387 1063 465 1139 δγιῶς
479 1083 508 1120 τε
525 1059 570 1120 καὶ
584 1061 688 1128 τελείως
700 1063 802 1142 δρῶμεν
818 1061 864 1122 καί
875 1059 906 1120 τό
920 1059 986 1120 κάλ·

199 1151 288 1208 λιστον
303 1151 405 1230 δρῶμεν
417 1153 470 1210 τῶν
485 1153 599 1232 ὁρατῶν,
611 1150 765 1224 τελειοτάτη
775 1150 874 1230 γίνεται
886 1155 904 1222 ἡ
916 1149 987 1228 ἐνέρ-

199 1263 258 1318 γεια
270 1263 276 1276 ·
290 1238 385 1318 ὁμοίοις
404 1239 449 1299 καί
466 1239 509 1300 ἐπί
524 1245 572 1314 τῆς
584 1239 707 1314 διανοίας,
719 1239 764 1298 καί
777 1243 829 1300 τῶν
848 1239 935 1300 ἄλλων
947 1239 986 1298 αλ-

199 1329 331 1402 sulcum·
344 1335 361 1402 ἡ
373 1329 400 1390 δέ
414 1330 579 1404 τελειοτάτη,
592 1331 638 1391 καί
649 1331 755 1404 ἡδίστη.
767 1329 832 1393 Ὅτι
848 1329 874 1390 δέ
886 1329 986 1410 γίνεται

199 1418 267 1476 κατδι
280 1418 327 1491 τὴν
344 1418 459 1478 διάνοιαν
477 1422 573 1493 ἡδονή,
585 1420 631 1480 καί
645 1422 704 1480 καθ’
716 1419 831 1492 ἑκάστην
845 1417 983 1494 αἴσθησιν,

199 1505 323 1588 φανερόν·
336 1507 421 1587 φαμέν
436 1508 487 1589 γάρ
506 1509 673 1587 διανοήματα
688 1509 754 1580 ἡδέα
770 1498 847 1582 εἶναι,
862 1507 907 1568 καὶ
920 1513 983 1565 θεω·

199 1595 300 1675 ρήμασι
314 1597 456 1678 χαίρομεν,
480 1597 525 1657 καλ
546 1597 676 1678 δράμασιν
689 1597 824 1674 ἡδόμεθα,
841 1595 887 1656 καί
904 1593 984 1656 άκοό-

199 1709 296 1762 σμασι,
312 1685 357 1748 καί
372 1687 490 1764 μάλιστα
500 1685 561 1746 όταν
573 1687 678 1754 τελείοις
688 1712 717 1748 τε
732 1689 888 1767 ἐνεργῶμεν,
899 1684 985 1753 καθὼς

199 1773 317 1856 είρητοιι,
342 1776 387 1834 καί
410 1775 443 1834 τθι
467 1777 592 1856 βέλτιστα
620 1779 736 1857 δρῶμεν,
761 1774 779 1847 ἢ
800 1771 984 1855 θεωρῶμεν,ἢ

199 1863 285 1932 άλλως
293 1863 489 1942 αἰσθανώμεθα.
500 1863 634 1926 Τοιούτων
646 1863 697 1944 γάρ
709 1863 790 1924 ὄντων
801 1867 846 1935 τῆς
857 1886 885 1921 τε
896 1863 985 1936 uicini·

199 1975 281 2024 σεως,
294 1952 340 2012 καί
357 1957 408 2012 τῶν
429 1955 577 2028 αίσθητῶν,
595 1953 640 2013 καί
661 1957 708 2025 τῆς
725 1952 855 2028 διανοίας,
873 1953 918 2011 καί
931 1954 983 2012 τῶν

198 2044 352 2117 διανοητῶν,
370 2041 411 2100 risi
425 2043 499 2102 ἐσται
513 2041 612 2116 ἡδονή,
636 2039 684 2106 έως
707 2039 738 2098 θν
753 2044 770 2112 ἡ
786 2039 886 2100 διάνοια
908 2039 983 2112 καλέ)

198 2129 317 2204 αἴσθησις
331 2131 425 2211 πάσχῃ
435 2129 486 2190 ὑπὸ
501 2133 553 2190 τῶν
570 2129 767 2207 ἀντικειμένων.

239 2219 378 2280 “Earum
391 2220 478 2279 τοίνυν
491 2225 524 2298 τῇ
536 2217 782 2302 ἐνεργείᾳὴἡδονή,
792 2217 838 2278 καὶ
853 2217 984 2292 τελειότης
1059 2235 1177 2302 sequitur
1210 2233 1287 2298 igitur
1320 2234 1453 2288 eldcaciam
1483 2239 1612 2306 voluptas,
1639 2250 1728 2309 estque
1761 2248 1818 2310 eius

195 2309 235 2377 τίς
245 2311 314 2368 ἐστιν
328 2311 418 2380 αὐτῆς.
431 2309 535 2370 Ἰἐλειοῖ
550 2307 578 2367 δέ
595 2310 644 2389 οὐχ
658 2311 692 2374 όις
705 2307 754 2377 ἐξις
765 2307 810 2368 τόν
822 2305 916 2388 έχοντα
930 2307 982 2368 ἀπὸ
1029 2321 1101 2389 quasi
1116 2319 1231 2386 quasdam
1254 2319 1379 2385 perfectio.
1394 2321 1494 2374 Perlleit
1520 2329 1606 2376 nutem
1628 2341 1676 2378 non
1693 2330 1817 2392 quemad.

196 2402 240 2456 τοῦ
252 2397 361 2474 δυνάμει
377 2399 413 2465 εἰς
427 2395 457 2456 τό
471 2394 588 2476 ἐνεργείᾳ
606 2397 723 2476 άγουσα·
736 2395 826 2476 ῶσπερ
842 2395 885 2456 τόν
904 2397 983 2456 δυνά·
1028 2401 1130 2454 ιιιοιῖυτιι
1142 2399 1244 2449 habitus
1261 2399 1386 2448 hominem
1405 2399 1447 2450 illc
1463 2401 1596 2466 preditum
1611 2405 1642 2455 ab
1654 2421 1685 2457 co
1695 2409 1817 2474 quodpe-

197 2511 240 2564 μει
252 2486 389 2566 οἰκοδόμον
404 2491 422 2560 ἡ
440 2485 592 2562 οίκοδομικὴ
608 2488 720 2564 τελειοῖ,
731 2487 775 2546 καί
786 2485 903 2568 ἐνεργείᾳ
914 2487 984 2546 ποιεῖ
1029 2483 1106 2534 leniti
1128 2483 1166 2530 ⁰⁵²
1184 2478 1215 2530 id
1230 2483 1315 2530 ”cium
1335 2479 1479 2530 dffluoe⁰d⁰
1498 2501 1505 2532 ²
1523 2487 1551 2532 ¹¹²
1568 2498 1626 2534 ⁰⁰⁰¹
1641 2487 1683 2550 (1¹¹i
1704 2491 1816 2553 ll⁰ll³¹¹lii

136 2585 145 2592 '
196 2575 342 2652 οἰκοδόμον,
358 2575 477 2656 καθάπερ
496 2574 554 2634 otti
572 2573 685 2653 ήθγίεια
700 2573 871 2654 καίδέοιτρθς
887 2573 982 2652 ὁμοίως
1028 2573 1065 2622 θῦῑ
1075 2566 1227 2618 sichimitis
1239 2563 1407 2614 architectura
1420 2567 1524 2630 perlicit,
1534 2573 1816 2635 actuqucarcbiteclum

196 2663 269 2724 αἴτιά
284 2667 334 2724 εἰσι
345 2670 389 2724 rot
403 2663 545 2744 ὑγιαίνειν·
563 2662 638 2741 ἡμὲν
653 2661 704 2744 γάρ
715 2659 780 2734 αὗτλ
789 2669 858 2721 ποιεῖ
867 2661 904 2738 μὴ
915 2655 982 2723 οθσα
1028 2655 1096 2714 fadi·
1113 2653 1178 2702 ⁸¹⁰¹st
1194 2665 1225 2702 ⁰⁰
1237 2650 1329 2700 mim
1346 2650 1447 2716 ‘1¹¹idem
1469 2655 1494 2702 θῑ
1513 2655 1624 2706 Ιθθθίῦῦῦ
1635 2659 1722 2709 eodem
1739 2659 1816 2710 modo

195 2753 242 2824 τὴν
264 2757 310 2813 τοῦ
327 2753 451 2833 ὑγιαίνειν
468 2751 616 2834 ἐνέργειαν,
638 2757 652 2812 δ
671 2751 698 2811 δέ
716 2753 839 2831 συντηρεῖ
860 2749 906 2810 καί
925 2774 980 2832 ρυ-
1028 2752 1109 2791 “¹¹⁸⁰
1121 2739 1187 2796 ⁸⁰⁰²·
1204 2737 1234 2786 ui
1253 2734 1343 2800 ³¹iqui⁸
1356 2735 1437 2785 ”¹0³²
1452 2757 1457 2785 ²
1475 2737 1553 2788 illesi
1567 2741 1667 2807 qnippe,
1686 2745 1743 2794 1ίοοῑ
1764 2759 1816 2796 ⁰⁰¹¹

195 2841 298 2916 λάττει,
328 2844 373 2902 καί
405 2843 476 2910 ὅπως
500 2843 650 2924 παραμείνῃ
674 2847 756 2914 ζητεῖ.
786 2837 849 2902 Ἔτι
876 2841 903 2900 δέ
927 2842 982 2902 οὐδ’

196 2929 285 3012 ὥσπερ
297 2935 327 2990 τό
338 2933 460 3004 αἰσθητόν
474 2935 568 2992 τελειοῖ
583 2931 630 3004 τὴν
646 2931 777 3006 αἴσθησιν,
794 2929 811 3002 ἢ
830 2929 860 2990 τὸ
875 2931 980 3006 διανοη·

195 3019 239 3078 τόν
255 3021 302 3092 τὴν
314 3021 445 3096 διάνοιαν,
458 3021 527 3081 οὕτω
542 3021 616 3094 καὶὴ
635 3019 716 3093 ἡδονὴ
739 3021 834 3080 τελειοῖ
843 3020 891 3094 τὴν
907 3022 981 3101 ἐνέρ-

195 3133 268 3186 γειαν
281 3112 379 3171 αὐτῶν.
398 3111 432 3172 Ἡ
450 3111 497 3188 μέν
515 3111 566 3191 γάρ
577 3109 642 3184 ἐςις,
660 3110 704 3170 καί
731 3109 761 3168 τό
784 3109 980 3187 ἀντικείμενον,

196 3197 307 3258 ἀπὸτοῦ
323 3197 431 3276 δυνάμει
455 3201 490 3266 είς
511 3200 541 3257 τὸ
554 3199 671 3279 ἐνεργείᾳ
689 3198 833 3281 προάγουσι
843 3197 892 3271 τὴν
912 3199 981 3278 ἐνέρ-

195 3293 285 3364 γειαν·
296 3292 330 3360 ·ἡ
345 3289 373 3350 δὲ
386 3287 468 3360 ἡδονὴ
479 3293 512 3368 τῇ
526 3287 642 3370 ἐνεργείᾳ
657 3287 783 3368 γενομένῃ
796 3291 981 3368 συμπεφυκυῖα

196 3377 321 3454 αυντηρεῖ
341 3377 385 3435 καὶ
412 3377 548 3458 φυλάττει,
575 3377 667 3437 licito
690 3375 741 3457 γδιρ
766 3379 878 3456 ἐνεργεῖν
899 3383 915 3448 ἡ
940 3379 981 3436 ἐπ’

197 3466 268 3544 αὐτῷ
281 3465 372 3538 ἡδονή,
383 3465 427 3524 καί
439 3465 496 3525 ἐστι
508 3466 661 3546 τῇένεργτίᾳ
672 3468 790 3544 καθάπερ
802 3467 980 3544 ἐπιγινόμενον

193 3552 283 3632 τέλος,
295 3553 385 3634 ὥσπερ
397 3559 414 3627 ἡ
425 3554 482 3636 ὥρα
497 3564 550 3623 τοῖς
556 3557 582 3613 ἐν
594 3559 681 3636 ἀκμῇ·
698 3556 742 3615 καλΙ
758 3553 850 3614 ἕπεται
864 3556 905 3614 ἀεὶ
916 3554 980 3614 ταύ-

194 3645 251 3723 τῃί*
271 3644 318 3711 ἐως
333 3635 392 3724 dur}
407 3642 487 3716 ἥτεα
502 3641 622 3716 αἴσθησις
637 3644 682 3703 καλ
699 3649 715 3716 ἡ
734 3643 846 3716 διάνοια,
863 3643 980 3725 καὶπερὶ

195 3734 224 3790 τὸ
240 3731 363 3805 αίσθητδν
387 3731 432 3792 καὶ
445 3730 581 3805 διανοητὸν
596 3733 700 3814 ἐνεργῇ,
716 3731 761 3792 καὶ
777 3733 905 3810 μάλιστα,
917 3733 979 3792 όταν

195 3813 224 3880 εὖ
248 3820 293 3880 καὶ
320 3822 415 3903 άριστα
444 3821 542 3902 ἔχωσι,
570 3819 615 3880 καί
637 3821 697 3903 περὶ
721 3821 751 3880 τὸ
777 3821 882 3902 ἄριστον
909 3825 979 3904 ἐνερ-

194 3915 286 3989 γῶαιν.

237 4001 261 4026 **
273 3999 425 4082 Ἀποριίσειε
442 4001 465 4058 δ’
476 4000 506 4060 άν
522 4023 561 4067 τις
573 4002 595 4059 εί
605 4007 681 4062 τοῦτο
692 4001 772 4069 οὕτως
785 4001 852 4080 ἔχει,
869 4007 924 4070 πῶς
935 4005 978 4062 οὐ-

196 4087 334 4156 δεὶςοίίτως
346 4091 457 4168 ἐνεργῶν
470 4093 585 4168 συνεχῶς
595 4089 696 4161 ἥδεται.
709 4091 778 4170 Πρὸς
792 4088 805 4148 δ
820 4091 923 4170 ῥητέον,
939 4092 980 4150 δτι

195 4179 289 4254 κάμνει
304 4175 391 4234 πάντα
408 4177 442 4236 τὰ
459 4178 624 4256 ἀνθρώπεια,
640 4175 686 4236 καλ
701 4177 730 4236 οὖ
746 4176 853 4236 δύναται
865 4181 980 4259 συνεχῶς

194 4269 316 4343 ἐνεργεῖν.
334 4261 385 4323 ml
408 4271 483 4324 τοῦτο
509 4265 567 4324 οὐδὲ
583 4266 693 4336 ἥδεσθαι
717 4264 824 4324 δύναται
849 4273 977 4348 συνεχῶς,

194 4353 251 4412 ἐπεὶ
263 4357 279 4424 ἡ
296 4353 376 4426 ἡδονὴ
388 4359 420 4432 τῇ
431 4353 548 4435 ἐνεργείᾳ
561 4355 712 4414 ἀκολουθεῖ·
725 4353 781 4414 ἔνιοι
792 4352 818 4414 δέ
829 4354 918 4436 τέρπει
930 4357 978 4435 μέν

194 4443 287 4503 νεωστὶ
307 4441 436 4524 φανέντα,
451 4441 544 4522 χρόνον
560 4443 589 4502 δέ
605 4465 662 4502 τινα
678 4443 858 4503 συνεθισθέντα
871 4447 921 4524 οὐχ
934 4445 978 4506 οὕ-

193 4555 245 4601 τως
259 4531 325 4604 ἡδέα
347 4531 427 4591 δοκεῖ.
445 4533 470 4591 Τ
471 4531 484 4590 δ
498 4531 525 4590 δέ
542 4531 634 4606 αἴτιον,
650 4531 715 4612 ὅπερ
728 4529 801 4612 ἔφην.
813 4531 853 4593 'rt
866 4533 913 4610 μέν
926 4533 977 4615 γάρ

194 4626 297 4702 πρῶτον
323 4623 519 4702 παρακέκλιται
542 4626 556 4693 ἡ
576 4619 696 4694 διάνοια,
721 4620 766 4678 καὶ
786 4621 978 4699 ἐπιτεταμένως

194 4711 254 4794 περί
276 4709 343 4771 αὐτδι
371 4715 484 4791 ἐνεργεῖ,
507 4709 597 4791 ῶσπερ
618 4709 687 4770 κατδι
706 4708 754 4780 τὴν
768 4709 827 4792 ὄψιν
842 4715 866 4772 οῖ
880 4711 976 4789 eptit-

194 4825 305 4869 σοντες·
322 4802 463 4878 μετέπειτα
480 4800 507 4860 δέ
519 4803 548 4861 οὐ
560 4799 660 4878 γίνεται
674 4797 784 4874 τοιαύτη
799 4805 816 4872 ἡ
841 4799 977 4880 ἐνέργεια,

195 4889 263 4949 ἀλλὰ
286 4889 520 4971 παρημελημένη·
544 4887 587 4948 διδι
603 4886 736 4948 τοῦτοκαὶ
751 4892 768 4960 ἡ
790 4888 871 4960 ἡδονὴ
888 4891 976 4965 άμαυ-

196 5001 295 5058 ρουται.

1028 2823 1081 2886 ipsn
1091 2818 1149 2869 talis
1168 2819 1209 2877 sit,
1221 2816 1336 2866 sanitatis
1350 2815 1446 2866 inducit
1466 2820 1558 2880 ectum,
1571 2822 1634 2874 alter
1648 2829 1781 2876 conservat
1790 2829 1815 2876 el

1028 2901 1145 2960 custodit,
1163 2903 1189 2951 et
1210 2911 1310 2964 opernm
1329 2897 1380 2958 dut,
1403 2902 1432 2950 ul
1451 2907 1603 2965 permaneat.
1624 2909 1748 2960 preterea
1765 2929 1815 2964 non

1027 2985 1237 3055 quemsdmodum
1253 2997 1292 3035 res
1310 2983 1432 3036 sensibilis
1445 2988 1541 3052 perlicit
1560 3003 1667 3052 sensnm,
1682 2999 1727 3044 aut
1741 2997 1816 3048 intel-

1029 3071 1128 3138 ligibilis
1141 3071 1305 3128 intellectum,
1321 3071 1357 3121 sic
1376 3071 1491 3136 voluptas
1511 3074 1587 3124 etiarn
1599 3090 1686 3128 eorum
1698 3081 1744 3146 qui
1761 3082 1815 3146 ipsa

1027 3159 1153 3219 linuntur,
1171 3156 1308 3206 ellicaciam
1323 3157 1428 3221 perlicit.
1445 3158 1552 3209 llabilns
1573 3163 1638 3211 enim
1652 3166 1677 3214 el
1700 3164 1815 3229 objectus

1029 3239 1120 3306 aliquis
1134 3239 1165 3290 ab
1184 3253 1213 3290 eo
1231 3237 1298 3304 quod
1318 3240 1428 3304 potentia
1446 3244 1484 3292 est
1502 3241 1534 3292 ad
1558 3243 1582 3292 id
1606 3245 1675 3308 quod
1695 3251 1734 3296 est
1755 3253 1814 3299 actu

1030 3321 1167 3373 efficacium
1182 3322 1344 3385 promovent:
1367 3321 1483 3385 voluptas
1496 3336 1566 3380 rere,
1585 3338 1664 3388 quum
1679 3326 1726 3389 ipsi
1738 3329 1812 3391 qussi

1029 3415 1086 3468 quas
1105 3401 1186 3451 locum
1202 3400 1285 3458 habel,
1299 3405 1402 3464 cognata
1425 3400 1457 3450 sit
1472 3401 1595 3462 efficacius,
1611 3410 1742 3456 conservat
1757 3421 1814 3458 eam

1029 3490 1054 3536 et
1064 3488 1180 3538 custodit.
1191 3487 1298 3552 Impellit
1309 3487 1424 3538 videlicet
1437 3487 1469 3538 ad
1480 3487 1616 3539 ellicacinm
1630 3491 1747 3555 voluptas
1755 3491 1815 3542 inde

1027 3571 1190 3636 percipienda,
1207 3573 1294 3634 estque
1314 3570 1387 3634 quasi
1407 3569 1462 3622 linis
1481 3571 1584 3636 quidam
1601 3573 1718 3624 elliceeire
1741 3588 1815 3625 acee-

1027 3653 1096 3713 dens
1111 3657 1140 3704 ut
1150 3657 1268 3705 venustas
1278 3651 1420 3704 hominibus
1431 3657 1506 3704 relate
1518 3655 1663 3706 florentibus
1676 3655 1795 3720 adjuncta
1807 3677 1813 3707 :

1028 3747 1191 3812 sequiturque
1202 3748 1265 3797 hanc
1280 3759 1383 3812 semper,
1400 3748 1478 3796 donec
1495 3759 1583 3796 sensus
1601 3749 1639 3795 est
1651 3749 1676 3796 et
1688 3759 1767 3804 mens,
1784 3761 1814 3797 ac

1028 3831 1092 3882 circa
1111 3847 1152 3884 res
1164 3831 1290 3883 sensibiles
1299 3834 1324 3882 et
1340 3829 1508 3894 intelligibiles
1522 3831 1814 3895 versatur,ms11meque

1027 3935 1107 3985 quum
1127 3923 1221 3987 optime
1236 3935 1262 3973 se
1274 3921 1366 3972 habent
1386 3923 1462 3983 alque
1476 3918 1540 3968 inre
1558 3918 1653 3981 optima
1667 3921 1810 3981 operantur.

1058 4001 1152 4061 Quodsi
1167 4001 1202 4052 itu
1216 4016 1242 4052 se
1254 4015 1295 4052 res
1313 4000 1404 4062 habet,
1418 3997 1572 4049 dubitaverit
1585 3995 1683 4061 uliquis,
1701 3997 1744 4061 qui
1757 3999 1811 4058 liat,

1027 4084 1055 4131 nt
1076 4093 1148 4131 nemo
1169 4081 1213 4147 qui
1232 4094 1261 4131 eo
1281 4079 1355 4130 modo
1377 4080 1502 4143 operatur,
1522 4078 1642 4140 perpetuo
1663 4074 1808 4125 delectetur.

1027 4161 1063 4212 ld
1081 4161 1151 4225 quod
1163 4159 1360 4226 respondendum
1376 4161 1422 4216 est,
1442 4156 1524 4207 omnia
1543 4155 1658 4206 mortuiis
1671 4153 1806 4216 defatigari,

1025 4253 1105 4304 neque
1126 4253 1278 4304 quemquam
1297 4237 1397 4290 assidue
1421 4234 1515 4300 aliquid
1539 4247 1611 4299 apere
1632 4237 1709 4298 atque
1727 4231 1810 4282 moliri

1024 4333 1105 4386 posse.
1120 4325 1203 4380 Qunre
1214 4334 1245 4371 ne
1259 4319 1377 4370 delectari
1393 4316 1495 4383 quidem
1517 4315 1615 4368 assidue
1638 4317 1733 4379 potest,
1746 4327 1811 4378 qno-

1025 4399 1092 4450 ninm
1113 4400 1229 4464 voluptas
1262 4400 1383 4450 actionem
1404 4397 1539 4463 sequitur:
1557 4395 1675 4446 nonnulla
1693 4407 1753 4443 vero
1771 4408 1812 4444 re·

1024 4493 1082 4530 cens
1100 4479 1184 4530 oblate
1202 4479 1335 4538 delectent,
1351 4477 1395 4529 sed
1413 4475 1569 4542 aliquamdiu
1584 4488 1633 4525 usu
1646 4474 1744 4536 cognita
1762 4487 1811 4523 non

1024 4561 1126 4628 perinde
1147 4562 1256 4626 jucunde
1278 4561 1404 4613 videntur.
1428 4561 1507 4624 cujus
1531 4559 1567 4610 rei
1587 4557 1638 4616 iiia,
1651 4571 1729 4622 qnam
1747 4554 1812 4616 dixi,

1023 4661 1098 4698 ceusu
1126 4651 1172 4698 cst.
1188 4649 1313 4714 Principio
1331 4648 1396 4698 enim
1420 4646 1542 4696 incumbit
1554 4644 1579 4695 in
1594 4659 1623 4696 ea
1639 4642 1769 4707 cogitndo,
1786 4644 1812 4691 et

1024 4733 1139 4781 contente
1154 4731 1179 4781 in
1194 4731 1225 4782 iis
1242 4745 1287 4782 suo
1299 4743 1401 4782 munere
1418 4727 1541 4792 iungitur,
1553 4730 1582 4777 nl
1592 4727 1637 4792 qui
1651 4725 1741 4776 defixis
1753 4737 1812 4775 ocu·

1024 4814 1055 4864 iis
1077 4829 1129 4865 rem
1154 4815 1263 4880 aliquam
1281 4815 1410 4865 intuentur
1431 4828 1437 4859 r
1459 4816 1544 4878 postea
1566 4823 1686 4861 veronen
1701 4808 1813 4872 amplius

1023 4899 1081 4951 talis
1090 4903 1128 4950 est
1140 4901 1251 4951 muneris
1265 4900 1367 4960 lunello,
1383 4897 1428 4951 sed
1438 4898 1564 4950 remissior
1582 4910 1611 4948 ac
1631 4895 1812 4961 negligentiore

1026 4987 1178 5050 quapropter
1189 4983 1305 5048 voluptas
1319 4997 1420 5049 quoque
1431 4981 1590 5032 obscuretur.

227 5237 241 5261 '
255 5236 351 5285 Τελειαῖ
364 5235 391 5285 δέ
403 5235 447 5294 τήν
461 5233 582 5296 ἐνέογειαν
595 5238 611 5294 ἡ
624 5235 710 5296 ἡδονή,
725 5241 780 5288 κτλ.
794 5261 826 5272 -
836 5235 865 5266 ⁴*
878 5237 936 5295 Πῶς
953 5234 995 5287 οὖν
1015 5233 1094 5290 οὐδεὶς
1106 5231 1213 5296 συνεχῶς
1228 5229 1313 5289 ἣδεται
1328 5227 1381 5277 κτλ.
1453 5301 1456 5307 Ι
