3938 5968
460 343 689 408 ETHICORUM
711 344 1055 410 NICOMACHEORUM
1078 348 1366 411 PARAPHRASIS.
1657 352 1715 412 507

83 481 150 556 μεθ’
168 481 283 559 ἡδονῆς,
307 478 354 538 καί
367 476 453 538 πόνων
470 477 639 547 ἀναπαύσεις.
667 477 745 538 lisze
766 479 817 562 γάρ
835 480 883 548 τάς
931 491 1121 556 dessepoterit,
1140 495 1314 544 consectatur:
1335 491 1395 556 quia
1414 505 1463 542 non
1477 493 1626 556 praesentem
1638 492 1717 542 solum

83 572 142 626 τῶν
162 572 277 648 καρπῶν
292 569 455 646 συγκομιδὰς
470 567 499 629 at
515 593 543 628 τε
567 569 669 630 σύνοδοι
688 569 819 647 ίγίνοντο,
837 569 884 629 καί
931 574 1080 634 utilitatem,
1099 575 1143 626 sed
1157 576 1235 627 totius
1247 575 1306 628 ritae
1319 574 1478 626 commodum
1492 577 1587 640 expetit
1602 597 1608 626 :
1623 590 1714 641 quam-

83 658 114 714 αἱ
134 657 249 730 θυσίας,
267 657 389 738 ἀπαρχαί
403 680 470 725 τινες
483 647 569 718 οὖσαν
585 658 702 734 μάλιστα
717 657 767 736 γὰρ
787 660 814 718 ζμ
828 657 884 718 τού.
929 655 1015 706 obrem
1035 660 1061 707 θί
1080 657 1200 708 sacrificia
1222 661 1248 708 θί
1270 660 1408 708 conventus
1430 661 1455 708 θλ
1478 657 1608 708 muliebus
1627 657 1717 722 jucull-

82 767 143 812 τοις
163 743 312 826 ἐσχόλαζον
337 721 391 812 τοῖς
415 754 525 826 καιροῖς·
541 746 584 806 ert
600 745 631 819 δὴ
651 746 749 807 τούτων
762 751 814 808 τῶν
829 771 885 808 χοι.
930 737 1034 788 ditntem
1055 743 1081 789 et
1100 739 1212 792 laborum
1230 739 1387 790 remissiones
1410 739 1558 792 introduxit.
1580 743 1642 790 Nam
1663 739 1718 804 post

82 837 199 894 νωνιῶν
212 833 243 892 τό
265 857 294 892 τε
311 838 378 892 θεῖον
392 832 471 892 ἵλεων
485 835 572 904 αὐτοῖς
594 834 709 914 ἐγίνετο,
726 835 739 894 ὃ
756 835 884 897 συνοίσειν
932 820 1030 886 frugum
1045 821 1223 890 manumque
1239 823 1423 888 Ρδωθίίῗοῃίῑῐι
1439 823 1499 874 θέω]
1519 827 1599 876 “ssus
1616 827 1641 874 ⁰²
1659 837 1718 873 ⁰⁰¹¹·

86 923 203 998 ἐδόκει,
217 921 262 982 καφ
278 921 352 983 αὐτοὶ
367 921 580 1002 ἀναπαυόμενοι,
593 923 680 1005 παραγ
695 928 745 984 τῶν
763 921 827 1006 ὑπὲρ
839 928 885 984 τοῦ
930 907 1021 954 ventus
1033 903 1201 964 habebantur,
1215 907 1240 954 et
1252 903 1372 955 sacrificia
1388 917 1445 968 quea
1458 905 1625 970 primitiarum
1637 905 1716 954 instar

84 1013 279 1094 συμφέροντος
292 1011 380 1072 πόνων
396 1012 522 1085 ἥπτοντο.
540 1013 592 1076 dd
605 1019 683 1074 τοῦτο
695 1013 885 1094 φαίνεται,ἀτι
931 1063 1059 1115 cessabant
1080 1084 1086 1096 ι
1111 1063 1171 1130 quia
1199 1063 1343 1128 hujusmodi
1372 1065 1545 1130 congressibus
1573 1069 1627 1115 tum
1655 1065 1718 1116 deo,

84 1111 172 1162 πᾶσα
202 1101 342 1176 κοινωνία,
361 1102 406 1162 καὶ
422 1102 527 1176 ἡὴδέος
542 1101 618 1164 ένικα
640 1103 779 1182 γινομίνιί,
799 1105 845 1176 καί
868 1108 884 1178 ’λ
932 1159 989 1195 rum
1010 1102 1101 1196 numen
1116 1143 1252 1209 propitium
1270 1145 1301 1194 iis
1322 1145 1486 1209 reddebatur,
1507 1146 1606 1211 quode
1626 1161 1653 1198 re
1673 1161 1719 1197 sua

84 1196 136 1250 τοῦ
156 1189 358 1272 συμβέέθνῑιῖι
373 1188 404 1249 τὸ
426 1190 559 1274 συμφέρον
579 1191 690 1271 ἔσχατον
710 1191 771 1275 ,ἔχει
793 1192 881 1270 τῑίιθίι
932 1221 985 1275 lore
996 1221 1183 1286 existimabant,
1205 1229 1260 1276 tum
1273 1225 1321 1291 ipsi
1335 1226 1461 1292 paulisper
1478 1227 1589 1278 animum
1603 1228 1718 1278 relaxan-

85 1280 137 1340 καί
159 1278 300 1340 διέῖιῧιθ
318 1288 405 1339 πᾶσαι
422 1279 490 1360 μέρη
505 1281 555 1342 ιίῦί
572 1286 618 1355 τῆς
634 1283 780 1353 πολιτικῆς.
810 1283 885 1344 Ταύ-
932 1309 970 1355 tes
985 1319 1043 1356 mox
1057 1305 1196 1357 recollectis
1209 1307 1305 1358 viribus
1320 1307 1394 1358 utiles
1408 1307 1455 1358 sibi
1477 1307 1574 1358 labores
1596 1309 1719 1373 suscipie-

85 1393 148 1440 ταις
163 1367 196 1430 δέ
211 1377 269 1438 ταῖς
282 1369 428 1437 κοινωνίαις
443 1370 489 1430 καί
510 1372 537 1432 αί
550 1369 636 1453 φιλίαι
651 1369 884 1445 ἀκολουθήσουσι,
931 1383 998 1434 ῖιυιιί.
1015 1385 1080 1435 Hine
1094 1388 1204 1450 apparet,
1217 1399 1317 1436 omnem
1337 1385 1480 1436 societatem
1494 1400 1545 1450 qua
1554 1386 1720 1448 jucunditatis

931 989 1001 1035 eraut
1024 985 1116 1036 liebant
1134 1000 1140 1030 τ
1159 986 1200 1036 his
1212 985 1277 1036 enim
1292 985 1447 1050 temporibus
1468 987 1575 1038 maxime
1593 987 1624 1036 ab
1644 999 1718 1052 opere

86 1459 137 1519 καὶ
153 1458 251 1541 ὥσπερ
264 1461 291 1518 αἱ
303 1457 452 1534 κοινωνίαι,
468 1459 543 1534 οὕτωΥ
556 1460 602 1520 καί
616 1462 643 1520 αἱ
658 1461 744 1542 φιλίαι
756 1460 885 1542 διαιρεθῆ·

87 1571 205 1627 σονται,
220 1547 266 1610 καλ
281 1553 402 1610 τοιαῦται
414 1546 519 1610 ἔσονται
532 1551 557 1609 αἱ
571 1549 669 1634 φιλίαι,
684 1539 737 1610 οἶαι
750 1552 777 1610 αἱ
792 1573 883 1611 κοινω·

107 1637 114 1660 Ι

86 1662 159 1700 νται.

136 1729 275 1810 (Scripsi
302 1753 309 1790 ;
330 1737 343 1768 ⁸
368 1725 567 1814 ἀποστερῆσαι]
592 1730 658 1790 cod.
687 1731 883 1808 ἀποστηρῆσαι.

88 1853 132 1866 -
147 1816 162 1854 ι’
179 1817 306 1878 κοινωνία
323 1819 395 1899 ἐστί]
417 1818 482 1878 cod.
503 1817 624 1879 κοινωνία
641 1819 706 1878 έοτι.
726 1851 766 1865 -
777 1825 789 1855 ⁰
801 1818 831 1878 τό
844 1813 885 1900 τε]

89 1907 162 1970 cod.
177 1906 229 1988 τό,
242 1908 346 1988 τε.-)

421 2091 489 2172 Κεφ.
513 2089 556 2168 ιγ’.

249 2258 308 2322 Περὶ
318 2260 367 2308 τῶν
382 2262 453 2322 τριῶν
467 2262 510 2316 τῆς
523 2255 641 2314 πολιτείας
652 2257 730 2307 attor.

133 2415 149 2446 ⁴¹
170 2411 286 2488 Ῥητέον
304 2411 332 2473 δέ
350 2415 406 2473 ἐστι
421 2414 490 2496 ιἰερί,Ι
500 2418 546 2486 τῆς
560 2414 707 2486 πολιτικῆς.
724 2414 830 2486 Ταύτης
854 2413 885 2488 διδ,

89 2503 153 2586 τρία
169 2501 239 2562 εἰσίν
256 2500 321 2574 είάη·
343 2501 481 2582 βασιλεία,
496 2501 684 2583 ἀριστοκρατία
698 2501 744 2561 καί
757 2509 884 2583 τιμοκρα·

89 2594 153 2666 τία,
177 2591 214 2663 ἣν
231 2590 277 2650 καί
291 2589 426 2650 πολιτείαν
458 2590 580 2651 εἰώθασιν
596 2593 619 2649 nl
635 2593 754 2650 πλεῖστοι
775 2593 882 2664 καλεῖν,

89 2771 119 2830 ιδ
136 2771 234 2852 ἀρχειν
248 2767 424 2847 λαμὸοίνουσι·
436 2769 480 2829 διὰ
493 2776 570 2831 τοῦτο
583 2768 775 2850 τιμοκρατικῆν
789 2771 884 2831 οἰκεῖόν

89 2863 149 2920 ἐστι
164 2861 274 2918 καλεῖν·
301 2857 409 2918 Ἰὀίτων
428 2857 455 2918 δέ
469 2861 522 2918 τῶν
543 2859 683 2919 πολιτειῶν
699 2858 822 2938 βελτίστη
836 2857 884 2936 μέν

88 2951 104 3018 ἡ
121 2945 267 3026 βασιλεία,
279 2945 401 3028 χειρίστη
415 2946 442 3006 δέ
456 2950 474 3018 ἡ
490 2945 660 3028 τιμοκρατία.
677 2939 765 3010 Adam
780 2945 827 3025 μέν
840 2933 885 3007 οάν

89 3039 116 3094 αί
131 3038 282 3096 πολιτεῖαι.
303 3038 338 3097 Αἱ
352 3035 381 3096 δέ
400 3035 579 3116 παρεκὸοίσεις
598 3037 643 3096 καί
658 3026 711 3097 οἷον
725 3036 818 3118 φθοραί
832 3041 884 3096 τῶν

87 3127 256 3199 πολιτειῶν,
272 3129 319 3197 τῆς
340 3125 387 3204 μέν
407 3125 543 3207 βασιλείας
558 3133 575 3201 i,
590 3127 717 3210 τυραννίς·
733 3126 814 3208 ἀμφω
833 3127 884 3208 γὰρ

90 3213 260 3298 μοναρχίαι,
275 3214 426 3296 διαφέρουσι
439 3213 466 3276 δέ
481 3217 614 3277 πλεῖστον·
628 3220 642 3276 ἀ
656 3216 704 3295 μέν
719 3216 770 3298 γάρ
788 3216 883 3297 τύραν-

89 3329 132 3372 νυς
145 3306 177 3365 τί)
190 3308 289 3365 {eurota
308 3305 443 3386 συμφέρον
458 3310 589 3380 σκοπεῖ,ὁ
604 3306 631 3366 δέ
651 3304 774 3386 βασιλεὺς
788 3305 819 3365 τίν
834 3309 884 3366 τῶν

91 3394 263 3475 ἀρχομένων·
279 3396 309 3453 οὐ
325 3394 376 3474 γάρ
392 3397 448 3454 ἐστι
473 3394 595 3474 βασιλεὺς
614 3401 628 3456 ὁ
646 3395 683 3473 μῆ
701 3397 778 3464 αάτδς
798 3398 883 3476 ἑαυτῷ

91 3486 200 3564 ἀρκῶν,
219 3481 266 3541 καί
279 3491 346 3540 πᾶσι
360 3490 412 3550 τοῖς
430 3485 535 3561 ἀγαθοῖς
545 3485 691 3565 ὑπερέχων·
707 3488 720 3544 ὁ
733 3485 785 3565 γάρ
797 3491 883 3544 τοιοῦ-

93 3595 137 3640 τος
150 3574 180 3632 οὐ
191 3567 351 3641 δειχθήσεται
359 3569 392 3628 τὰ
402 3573 454 3628 τῶν
467 3571 620 3652 ἀρχομένων
634 3577 670 3643 εἰς
681 3575 773 3633 ἑαυτὸν
787 3573 883 3637 έλκειν.

93 3659 144 3720 dada
159 3663 241 3718 τοῦτο
254 3655 288 3716 τάι
304 3655 352 3734 μέν
369 3657 490 3740 ὠφέλιμα
502 3661 574 3741 αὐτῷ
589 3663 618 3720 οὗ
639 3663 788 3743 πρόσκοιτεῖ
801 3664 883 3722 πολι-

92 3747 235 3823 τευόμενος
252 3743 297 3804 καί
313 3745 347 3805 τδι
363 3745 437 3806 κοινά
450 3747 586 3827 προίττων,
605 3749 672 3827 μόνα
688 3750 714 3809 δέ
729 3751 763 3810 τδι
773 3754 824 3809 τῶν
840 3756 884 3832 ἀρ·

933 1479 984 1530 que
995 1463 1113 1515 utilitatis
1129 1478 1205 1515 causa
1226 1464 1358 1515 mutatam
1377 1466 1408 1516 ad
1424 1465 1582 1516 commodum
1598 1469 1719 1531 tanquam

933 1545 1050 1596 ultimum
1070 1547 1143 1596 linem
1165 1544 1259 1605 referri,
1277 1545 1383 1610 ideoque
1393 1559 1479 1596 omnes
1491 1546 1623 1596 societates
1636 1546 1718 1598 civilis

933 1625 1059 1675 societatis
1069 1638 1124 1675 esse
1137 1624 1256 1674 membra.
1277 1626 1328 1674 llas
1338 1637 1396 1686 orgo
1414 1624 1546 1675 societates
1562 1624 1637 1675 etiam
1652 1625 1718 1676 ami·

932 1705 997 1756 sillae
1009 1709 1152 1770 sequentur,
1169 1707 1246 1769 atque
1257 1703 1349 1754 idcirco
1358 1703 1424 1754 sicut
1436 1704 1495 1763 illm,
1511 1704 1547 1754 ita
1562 1709 1587 1756 et
1601 1706 1641 1756 bae
1653 1706 1716 1757 disi-

932 1785 1030 1846 dentur,
1041 1785 1153 1851 talesque
1167 1787 1240 1837 erunt
1257 1783 1387 1846 ειιιιῖυῖῑῖα,
1404 1785 1493 1850 quales
1506 1788 1565 1836 sunt
1581 1789 1606 1837 et
1617 1785 1719 1837 societa-

932 1867 979 1916 tes.

1256 2102 1316 2165 Gap.
1336 2101 1402 2154 lllll.

1143 2272 1175 2314 [te
1189 2268 1260 2314 tribus
1272 2268 1399 2326 reipublicae
1414 2267 1499 2314 loruris.

963 2422 1019 2470 lam
1030 2418 1136 2470 dcclviii
1150 2417 1267 2470 societate
1275 2417 1407 2470 dicendum
1420 2423 1466 2470 est.
1481 2419 1563 2484 Huius
1574 2423 1658 2471 autem
1668 2423 1720 2472 tres

933 2512 992 2559 sunt
1007 2507 1093 2558 sornam
1112 2527 1118 2558 ι
1134 2521 1250 2571 regnum,
1266 2507 1425 2573 optimatium
1444 2507 1587 2559 dominatus
1603 2512 1628 2560 et
1647 2513 1719 2574 pote·

932 2601 984 2648 stas
995 2597 1124 2655 censualis,
1137 2609 1213 2663 quam
1223 2595 1334 2662 pledque
1344 2595 1424 2648 solent
1433 2611 1522 2648 vocare
1533 2599 1719 2663 rempublicam,

932 2702 989 2754 quaa
1006 2701 1081 2738 censu
1098 2689 1267 2751 comparatur,
1291 2685 1337 2750 qui
1362 2685 1427 2736 enaim
1447 2686 1565 2751 pecunias
1590 2686 1717 2748 dederint,

934 2776 1066 2841 imperium
1086 2775 1210 2840 accipiunt
1228 2795 1235 2826 ι
1257 2788 1335 2840 quare
1349 2779 1498 2841 potestatem
1512 2777 1652 2827 censualem
1666 2789 1721 2827 eam

933 2865 1015 2915 vocari
1028 2865 1150 2915 convenit.
1168 2867 1262 2915 lterum
1277 2867 1361 2915 eutem
1375 2863 1485 2916 civitatis
1498 2854 1635 2916 formarum
1652 2867 1718 2931 opti-

932 2968 973 3005 ma
990 2958 1028 3004 est
1046 2969 1163 3018 reguum,
1187 2953 1322 3006 deterrima
1346 2959 1457 3020 potestas
1480 2953 1612 3006 censualis.
1639 2959 1721 3021 Atque

935 3045 974 3095 bae
990 3043 1093 3110 quidem
1107 3043 1217 3094 ciuitatis
1227 3043 1312 3095 lormae
1326 3049 1393 3095 sunt.
1419 3045 1587 3109 Digressioues
1600 3059 1660 3096 uero
1673 3045 1720 3096 ba-

933 3148 989 3184 rum
1005 3135 1059 3184 sive
1072 3132 1247 3184 declinationes
1268 3137 1293 3184 et
1310 3134 1382 3198 quasi
1403 3139 1486 3199 pestes
1505 3138 1582 3200 atque
1602 3133 1719 3186 interitus

933 3226 1002 3290 regui
1024 3223 1125 3290 quidem
1142 3225 1254 3286 tyrannis
1271 3243 1277 3274 :
1294 3224 1374 3274 ambae
1395 3225 1461 3274 enlm
1483 3225 1558 3275 unius
1578 3224 1720 3275 dominatus

933 3317 1004 3374 suunt,
1019 3313 1077 3365 lieet
1089 3312 1225 3378 plurimum
1238 3313 1304 3364 inter
1316 3327 1343 3363 se
1360 3311 1479 3364 disserant
1494 3330 1500 3358 :
1514 3317 1635 3377 tyrannus
1648 3313 1719 3364 ulde-

933 3404 990 3454 licet
999 3417 1078 3462 suam,
1090 3393 1134 3454 rex
1143 3403 1330 3468 eorumquibus
1339 3403 1444 3468 imperat
1456 3403 1593 3454 utilitatem
1602 3406 1716 3468 spectat:

932 3492 1090 3558 nequeenim
1107 3505 1151 3542 rex
1167 3494 1206 3542 est
1223 3491 1268 3557 qui
1281 3506 1331 3542 non
1344 3491 1397 3558 ipse
1412 3491 1458 3542 sibi
1472 3491 1592 3551 sufficiat,
1608 3495 1633 3542 et
1648 3492 1718 3542 bonis

932 3581 1048 3632 omnibus
1061 3581 1183 3632 excellat:
1201 3580 1293 3646 qnippe
1307 3580 1364 3630 talis
1377 3595 1426 3630 non
1437 3580 1540 3632 babebit
1554 3594 1668 3639 necesse,
1683 3581 1720 3630 ci-

934 3674 1002 3724 vium
1016 3671 1081 3722 bona
1096 3671 1122 3722 in
1142 3685 1216 3722 suum
1238 3670 1397 3720 commodum
1421 3673 1572 3720 conuertere.
1598 3670 1719 3728 Quocirca

933 3761 1075 3827 hujusmodi
1088 3760 1244 3828 publicorum
1259 3760 1414 3824 negotiorum
1426 3762 1526 3810 curator
1539 3764 1564 3809 et
1576 3759 1720 3824 reipublicae

92 3838 227 3914 χομένων·
239 3835 269 3894 οὗ
284 3833 336 3916 γάρ
352 3831 406 3894 ἀπὸ
420 3839 472 3893 τῶν
489 3841 599 3916 κοινῶν,
614 3839 673 3896 ἀλλ’
687 3838 785 3898 οἴκοθεν
800 3849 886 3919 ποριεῖ
934 3855 1015 3901 rector
1028 3865 1078 3902 non
1091 3863 1137 3900 sua
1147 3889 1153 3910 ,
1165 3849 1209 3900 sed
1217 3851 1269 3900 sola
1279 3863 1365 3899 eorum
1379 3847 1473 3912 quibus
1483 3849 1575 3912 preest
1590 3843 1720 3895 commoda

92 3924 127 3982 τὰ
142 3921 312 4003 <witigim
329 3923 422 4003 ἑαυτῷ·
437 3922 471 3983 Ὁ
491 3923 518 3982 δέ
535 3923 573 4001 μὴ
588 3923 670 3993 οὕτως
686 3925 754 4007 έχων
775 3929 883 4007 κληρω-
932 3939 1045 3990 intuetur
1067 3952 1171 4005 :neque
1190 3939 1255 3989 enim
1273 3953 1287 3989 e
1303 3936 1428 3988 communi
1450 3937 1552 3994 aerario,
1575 3935 1618 3985 sed
1632 3949 1647 3986 e
1660 3934 1719 3984 liseo

93 4013 138 4080 τίς
160 4014 266 4091 μᾶλλον
281 4013 311 4072 ἅι
335 4035 374 4079 τις
389 4011 445 4086 e't'u',
465 4011 483 4084 ἢ
506 4012 639 4092 βασιλιῦε.
663 4010 742 4077 Ἔστι
765 4015 850 4075 τοίνυν
867 4021 884 4090 ἡ
933 4043 978 4080 sua
998 4026 1127 4088 cornmoda
1146 4025 1308 4092 comparabit.
1325 4025 1375 4086 Qui
1390 4039 1451 4076 uero
1464 4025 1522 4075 talis
1545 4039 1594 4075 non
1613 4025 1675 4086 erit,
1697 4025 1719 4074 is

93 4102 217 4182 τυραννίς
242 4101 347 4160 έναντία
372 4107 429 4180 τῆ*ι
446 4101 577 4182 βασιλεία·
602 4106 616 4161 ὁ
639 4103 690 4185 γάρ
716 4103 840 4186 τύραννος
855 4106 885 4167 τὸ
933 4122 1000 4169 sorte
1010 4117 1094 4184 potius
1107 4119 1207 4168 oreatus
1217 4130 1272 4168 esse
1285 4131 1362 4182 qnam
1375 4117 1424 4166 'rex
1438 4114 1572 4168 videbitur.
1587 4117 1631 4164 list
1643 4114 1720 4178 igitur

93 4194 190 4250 5²⁰³&
206 4188 303 4266 ίίίῦιθὸν
318 4187 423 4264 διώκειν
437 4189 483 4248 καί
502 4189 570 4250 πολὺ
588 4193 736 4270 dmm&
754 4197 884 4274 ὁιιληρω·
933 4208 1045 4274 tyrannis
1066 4221 1141 4273 regno
1159 4207 1283 4258 contraria
1299 4220 1305 4250 τ
1324 4221 1382 4258 nam
1400 4210 1521 4272 tyrannus
1541 4205 1568 4256 id
1584 4205 1654 4270 quod
1671 4205 1719 4256 sibi

92 4277 145 4343 τός’
163 4278 210 4336 καί
227 4278 395 4359 φανερωτέρα
409 4283 425 4351 ἦ
440 4279 553 4360 διαφορὰ
574 4279 669 4359 ’illibi
690 4280 732 4340 τὸν
755 4283 882 4363 βασιλέα,
932 4297 1033 4364 expedit
1045 4297 1167 4363 sequitur,
1182 4295 1313 4362 multoque
1325 4293 1404 4359 magis
1414 4307 1491 4360 quam
1504 4292 1548 4359 qui
1568 4295 1635 4344 sorte
1647 4305 1718 4344 crea·

94 4365 135 4422 ίίιι
151 4366 198 4424 καί
214 4368 322 4447 χείρων.
336 4367 388 4428 dra
402 4373 480 4426 τοῦτο
495 4365 540 4425 καί
553 4369 668 4428 ἐναντίον
683 4369 739 4429 test
754 4377 786 4450 τῇ
803 4377 898 4452 βασι-.

93 4453 153 4534 λείφι
171 4455 340 4536 ἡτυραννίς,
363 4454 403 4513 ὅτι
423 4454 515 4533 τὸμὲν
537 4454 691 4536 βέλτιστον,
712 4458 742 4516 τὸ
756 4457 783 4518 δέ
807 4461 885 4522 κοίκι-

95 4563 168 4600 στον·
184 4543 216 4603 τὸ
236 4543 288 4624 γδιρ
303 4545 427 4604 κάκιστον
444 4546 559 4604 ἐναντίον
580 4551 618 4629 τῷ
635 4548 774 4629 βελτίστῳ.
791 4553 883 4611 Μετα·

95 4629 181 4691 βαίνει
196 4631 313 4705 τοίνυνῆ
331 4633 450 4694 πολιτεία
467 4639 495 4695 έκ
515 4636 651 4724 βασιλείφις
675 4639 711 4705 είς
732 4641 880 4717 τυραννίδα·

95 4722 230 4799 φαυλότης
244 4723 295 4804 γάρ
320 4725 376 4782 ἐστι
397 4725 544 4806 μοναρχίας
557 4731 574 4798 ἡ
588 4727 726 4807 τυραννίς,
742 4727 787 4788 καί
802 4734 816 4790 ὁ
838 4753 885 4804 μο-

95 4809 195 4890 χθηρὸς
214 4809 336 4891 βασιλεὺς
351 4811 474 4894 τύραννος
487 4813 599 4894 γίνεται.
618 4819 675 4888 Τῆς
689 4816 737 4895 μέν
749 4807 794 4876 οάν
807 4821 883 4898 βασι·

932 4391 974 4439 tus
986 4391 1041 4439 est:
1057 4387 1205 4453 quinetiam
1227 4383 1380 4436 manifestior
1397 4383 1473 4448 hujus
1487 4385 1511 4433 et
1524 4379 1718 4446 regisdifferen-

933 4479 967 4528 tia
987 4477 1101 4537 babetur,
1115 4476 1184 4542 quod
1200 4476 1244 4526 illo
1255 4477 1294 4526 est
1310 4473 1427 4526 deterior.
1441 4472 1550 4537 Ideoque
1565 4485 1639 4536 regno
1656 4483 1717 4520 con·

932 4567 1007 4618 traria
1025 4570 1063 4618 est
1084 4565 1210 4628 tyrannis,
1226 4565 1294 4630 quod
1315 4563 1423 4614 alterum
1442 4561 1565 4627 optimum
1582 4559 1716 4624 negotium.

930 4657 1009 4708 altera
1021 4656 1184 4707 deterrimum
1198 4657 1237 4705 est
1251 4673 1256 4704 :
1271 4653 1406 4718 pessimum
1419 4651 1485 4702 enim
1499 4650 1593 4715 optimo
1604 4651 1643 4700 est
1659 4661 1716 4698 oon-

930 4747 1043 4796 trarium.
1060 4747 1195 4807 emanarat
1211 4757 1285 4809 porro
1298 4741 1466 4808 respublicae
1483 4753 1559 4804 regno
1570 4739 1596 4789 in
1606 4737 1718 4802 tyranni-

930 4833 987 4885 dem
1001 4847 1007 4879 :
1022 4833 1145 4899 siquidem
1159 4831 1292 4897 singularis
1308 4831 1406 4896 imperii
1418 4829 1529 4896 pravitas
1545 4831 1583 4878 est
1596 4826 1717 4890 tyrannis,

95 4898 525 4984 διῖιιςπαρὲιιὸιισιιὴιιιραιιίι,
542 4905 629 4977 ιῆιδέ
645 4907 880 4990 ἀριστοκρατίαςὴ
930 4927 955 4974 et
970 4923 1051 4974 malus
1074 4936 1118 4973 rex
1137 4925 1258 4987 tyrannus
1277 4921 1370 4973 eradit.
1404 4919 1481 4985 ltegnl
1504 4917 1579 4982 igitur
1599 4915 1717 4982 digressio

96 4987 249 5070 ttrpappte·
273 4991 336 5050 ὅταν
351 4993 376 5052 Οί
397 4991 497 5064 wiht*
517 4995 716 5073 πιδιιιιιόμιιιι
736 4997 784 5070 ιλιι
804 5001 885 5058 πολι·
930 5013 1057 5078 tyrannis,
1070 5012 1228 5078 optimatium
1241 5010 1592 5076 autemciritatispaucorum
1606 5005 1716 5073 potentia

98 5077 170 5137 “4²⁹
184 5079 283 5158 νέμωσι
297 5081 330 5141 τὰ
345 5085 390 5154 τῆς
405 5081 506 5151 πόλεως
527 5085 629 5152 ἕιιιιῐοῗς
644 5085 718 5166 MP&
733 5085 782 5158 ιλιι
798 5086 882 5157 ἀξίαι·
929 5106 967 5153 est
983 5101 1100 5168 :quando
1116 5103 1258 5168 reipublicae
1271 5102 1348 5168 hujus
1362 5104 1472 5152 rectores
1485 5114 1525 5150 res
1542 5098 1652 5150 civitatis
1667 5097 1715 5149 ali-

132 5257 144 5282 *
161 5259 222 5324 Gap.
235 5265 272 5313 lo.
288 5261 411 5320 auctaretate
421 5263 447 5313 δέ
460 5263 527 5316 ἐστιν
545 5264 598 5326 είδη
608 5263 665 5332 τρία
677 5267 729 5316 κτλ.
