3976 5948
258 423 318 482 too
985 420 1149 485 NUMENH

256 551 340 633 χούση
354 551 615 632 χρησόμενοςαύτῇ,
633 549 885 633 ραόίφ,θερμουργῷ
899 554 950 614 harh
964 557 1038 638 φιλο-
1082 559 1262 638 ὡρμήθησαν,
1279 559 1508 638 ἐπιλανθάνονται,
1535 563 1688 634 διαστάντες
1713 567 1742 625 δέ
1757 592 1804 646 γε,
1826 569 1871 628 καί

254 639 365 712 νεικίας,
381 638 524 718 μετασχὼν
539 638 587 716 μίν
602 638 736 720 Διοδώρου
753 642 789 707 εἰς
801 639 834 698 τὰ
850 665 1038 725 πεπανουργη·
1082 646 1163 728 σφέας
1178 647 1270 716 αύτούς
1280 647 1448 728 ἀρτύναντες,

255 727 322 806 μόνα
346 725 442 786 πιθανὰ
465 730 549 785 ταῦτα
566 725 599 784 τό
621 727 729 807 κομψοί,
749 728 892 804 ὡμιληκὼς
914 731 942 789 δί
960 733 1035 812 Πύρ-

255 818 326 894 ρωνι·
345 817 375 890 (δ
390 813 417 873 ὀί
437 813 553 895 Πύρρων
575 815 606 872 ἐκ
626 815 793 893 Δημοκρίτου
810 814 921 897 ὥρμητο
944 820 1037 878 ὁπόθεν
1142 813 1189 872 σύν
1206 817 1229 894 ρ’
1246 812 1365 874 &diost
1388 813 1491 896 ῥινούς,
1514 813 1561 873 σὺν
1583 815 1605 874 δ’
1623 815 1702 897 ἔγχεα
1728 819 1774 880 καί
1799 816 1873 897 μένε’

253 900 365 972 δήποθεν
378 901 402 938 ⁶·
416 901 425 978 ρ
441 894 514 969 οὗτος
539 899 586 979 μὲν
609 900 641 974 δή
655 901 729 961 ἔνθεν
752 907 940 984 καταρτυθείς,
965 907 1037 980 πλήν
1748 909 1873 992 [ἀνδρῶν

229 1010 234 1021 ·
251 993 298 1062 ιη”ς
317 989 502 1070 προσρήσεως,
518 988 634 1066 ὀνίμεινε
659 989 803 1072 Πύρρωνι,
824 995 860 1060 ὡς
878 998 911 1074 τῇ
926 994 1035 1054 πάντων
1161 988 1397 1073 χαλκεοθωρήκων·
1412 987 1479 1070 ὀτόρ
1494 991 1604 1060 ἀσπίδες
1614 993 1798 1073 ὀμφαλόεσσαι

252 1079 394 1161 ὀναιρίσει.
436 1077 562 1146 Μνασέας
577 1083 654 1156 γοῦν,
669 1079 715 1136 καί
731 1079 903 1160 Φιλόμηλος,
918 1083 964 1140 καὶ
983 1085 1034 1144 Τί·
1161 1079 1267 1152 ἔπληντ’
1285 1078 1432 1159 ἀλλήλῃσι,
1447 1079 1527 1147 πολύς
1548 1081 1571 1140 δ’
1595 1083 1744 1161 ὀρυμαγδὸς
1759 1085 1869 1167 ὀρώρει.

252 1191 309 1247 μων
323 1170 347 1228 oi
366 1167 763 1240 canticumpsalmum
780 1171 1036 1251 προσονομάζουσιν,
1161 1168 1251 1236 Ἀσπλς
1280 1168 1322 1248 ἀρ’
1338 1167 1428 1227 ἀσπίδ’
1444 1166 1543 1248 ἔρειδε,
1553 1167 1630 1251 κόρυς
1644 1171 1734 1252 κόρυν,
1749 1173 1833 1254 ἀνέρα
1849 1179 1873 1234 δ’

250 1255 340 1336 ώσπερ
354 1256 400 1316 καὶ
410 1258 486 1316 edroi
501 1247 581 1335 ήσαν,
597 1259 753 1336 ἀναιροῦντα
772 1259 818 1318 καί
832 1259 911 1318 αθτόν
926 1261 956 1318 τδ
969 1265 1035 1335 etq—
1782 1263 1870 1346 [ἀνὴρ

249 1343 306 1421 θίς,
330 1343 375 1404 καί
395 1344 424 1404 sd
437 1347 547 1427 ψεῦδος,
567 1345 613 1404 καλ
629 1344 659 1404 sd
679 1343 799 1406 πιθανύ.
855 1347 966 1426 Λεχθελς
990 1342 1034 1407 σύν
1160 1342 1337 1426 καρπαλίμως
1352 1343 1456 1414 thinius
1471 1353 1496 1406 ν.

248 1439 309 1496 κατ’
325 1434 399 1504 ἀξίαν
415 1443 427 1472 ⁰
441 1435 493 1496 ῦπό
509 1439 562 1494 τῶν
578 1435 752 1516 Πυρρωνείων
769 1436 948 1519 Πυρρώνειος,
965 1441 1034 1499 oldai
1158 1433 1244 1496 'Evae
1261 1434 1284 1492 δ’
1299 1433 1347 1511 ἀμ’
1359 1434 1464 1512 οἰμωγή
1477 1457 1507 1493 τι
1524 1433 1570 1493 καλ
1589 1435 1696 1516 εὐχωλὴ
1713 1438 1795 1499 πόλιν
1820 1442 1869 1498 ἀν-

247 1527 293 1582 τοῦ
318 1525 429 1602 ὀραστοῦ
455 1523 581 1601 ῦπίμεινε
613 1525 736 1602 λέγεσθαι
759 1524 955 1601 Ἀκαδημαϊκός
981 1527 1031 1590 ἔτι.
1759 1527 1869 1608 [ipim

247 1601 303 1672 Ἦν
328 1611 376 1690 μὲν
406 1605 493 1671 τοίνυν
512 1611 704 1692 Πυρ’ώνειος,
727 1613 797 1686 πλήν
827 1619 873 1673 τοῦ
897 1615 1034 1694 ὀνόματος·
1159 1611 1291 1672 ὀλλύντων
1305 1633 1335 1670 τε
1348 1611 1394 1671 καί
1409 1611 1561 1690 ὀλλυμένων
1571 1610 1596 1673 ¹².

246 1699 442 1776 Ἀκαδημαϊκὸς
457 1700 481 1758 δ’
497 1701 544 1760 οὐκ
568 1631 613 1772 ήι,
630 1699 699 1772 πλὴν
726 1707 771 1760 τοῦ
793 1703 927 1781 λίγεσθαι.
989 1705 1030 1764 Oh

248 1787 299 1866 γὰρ
326 1787 467 1865 πείθομαι,
486 1795 533 1848 τοῦ
550 1787 659 1850 Κνιδίου
683 1789 981 1871 Διοκλίουςφσίσκοντος
1002 1795 1030 1853 iv
1078 1783 1139 1842 Τῶν
1163 1783 1297 1842 Στωῖνῶν·
1322 1783 1346 1840 νί
1369 1778 1560 1858 Ἀναδημνῗννλ
1581 1779 1631 1859 Υίνθ
1655 1785 1703 1842 νῦνν
1723 1785 1872 1846 ἷὸἅλλνντθ

246 1878 304 1941 ταῖς
322 1873 543 1955 ἀπιγραφομίναις
572 1875 736 1954 διατριὸαῑς,
761 1877 928 1958 Ἀρκεσίλαον
952 1879 1030 1962 φόόῳ
1077 1874 1122 1930 ὑπ’
1139 1871 1241 1948 αὐτῶν,
1257 1859 1456 1948 ἀγνοούμενοιῇ
1477 1861 1545 1940 ήσαν
1560 1868 1661 1928 ἁλῶναι
1681 1871 1870 1954 δυνατώτεροι.

246 1963 298 2019 τῶν
321 1963 493 2042 Θεοδωρείων
507 1987 536 2024 τι
550 1964 595 2024 καί
609 1963 707 2032 Βίωνος
721 1970 766 2024 τοῦ
783 1970 921 2046 σοφιστοῦ,
941 1967 1031 2028 tussc-
1078 1956 1256 2020 ἯλίννννννΙ
1284 1956 1328 2033 bi,
1352 1960 1397 2028 νῆῑ
1422 1955 1525 2036 filim
1548 1957 1635 2024 αὖννῗς
1660 1961 1827 2038 ⁶⁸ltoss‘ffltt,
1844 1966 1869 2021 ελ

248 2047 340 2108 ιόντων
368 2054 423 2118 τοῖς
443 2053 631 2130 φιλοσοφοῦσι,
651 2051 695 2111 καί
710 2051 793 2120 ‚obdia
817 2051 962 2114 ὀκνούντων
977 2055 1031 2116 dard
1078 2048 1145 2126 μήτε
1160 2045 1244 2128 ἀρχὴν
1262 2045 1276 2104 ί
1295 2068 1362 2118 ννννι
1385 2043 1453 2122 prise
1473 2045 1606 2124 μάχεσθαί
1629 2048 1761 2128 lim-⁰52·
1808 2051 1869 2122 Τλν

245 2134 345 2204 παντὸς
356 2137 489 2216 ἐλέγχειν,
509 2139 587 2198 αὐτὸν
602 2137 821 2214 ίξευλαόηθίντα,
835 2137 880 2200 ἵνα
895 2140 932 2220 μὴ
947 2140 1030 2222 πράγ-
1078 2135 1125 2213 μὲν
1136 2138 1167 2209 δὴ
1181 2069 1298 2216 ἆρχλνλ

1301 2159 1313 2189 ν
1324 2135 1347 2204 ¹,
1362 2131 1392 2192 rb
1403 2132 1440 2211 μή
1457 2133 1618 2194 Πλατωνικά
1630 2136 1756 2214 λέγοντας
1770 2137 1871 2207 αὐτοὺς

246 2245 320 2300 ματα
343 2223 410 2307 ἔχη,
435 2225 518 2304 μηδίν
553 2251 583 2306 γι
607 2228 694 2308 δόγμα
716 2232 837 2290 ὑπειπεῖν
861 2229 1028 2311 φαινόμενον.
1077 2224 1187 2304 ἀλέγὶαν·
1202 2221 1231 2282 τλ
1245 2221 1271 2283 δλ
1297 2221 1358 2302 μηδ’
1373 2223 1442 2302 ἷχννν
1456 2221 1515 2280 ννννλ
1534 2224 1673 2305 ἀφορμήν»
1687 2217 1732 2303 λνι
1750 2225 1864 2288 νῖπννι

243 2309 350 2395 Ὠσπερ
363 2315 415 2395 qap
429 2319 459 2375 τὸ
474 2316 557 2392 με’λαν
573 2317 619 2384 τάς
633 2317 746 2394 σηπίας,
762 2317 961 2396 προόιίλλεσθαι
976 2319 1027 2400 πρό
1077 2312 1154 2390 μόνον
1177 2309 1205 2370 ἵν
1223 2334 1248 2369 τι
1272 2309 1454 2390 μιτίστρεψαν
1470 2309 1523 2369 ἀπὸ
1539 2315 1586 2370 τοῦ
1598 2309 1659 2390 ὅρου
1670 2316 1716 2370 τοῦ
1735 2313 1798 2394 περί
1818 2320 1868 2386 τῆς

244 2405 337 2462 ίαυτοῦ
351 2402 400 2475 τήν
414 2403 526 2484 ἐποχήν.
569 2405 650 2466 Τοῦτ’
665 2398 710 2466 obv
725 2405 816 2486 ἀγώοῦ
831 2408 967 2485 πείθομαι.
993 2411 1031 2468 Ol
1076 2401 1274 2472 ναννληνννννῆς
1289 2397 1434 2480 φαντασίας
1447 2397 1596 2478 ἀφελόντες·
1648 2397 1737 2482 Ὅπερ
1752 2409 1799 2462 νῦν
1816 2405 1868 2480 μὲν

244 2491 267 2548 δ’
280 2480 324 2550 οῦν
341 2489 411 2551 ἔνθεν
433 2493 643 2574 ἀφορμηθέντες,
658 2496 674 2553 ὀ
689 2519 718 2556 τε
730 2495 897 2576 Ἀρκεσίλαος
906 2495 954 2555 καί
977 2496 1030 2568 Ζή-
1077 2492 1124 2549 οὖν
1139 2489 1196 2548 ίῦνν
1210 2487 1316 2565 uesieu
1332 2509 1378 2564 l²⁰¹
1399 2488 1425 2546 ίν
1439 2491 1543 2567 ’‘mii'’
1566 2489 1795 2568 μνηνθθννμνῑλ
1819 2496 1869 2552 ¹²0·

242 2601 308 2653 νων,
319 2579 369 2640 hard
383 2585 434 2640 τῶν
448 2582 573 2642 τοιούτων
589 2585 719 2662 ἀρωγῶν,
744 2583 904 2665 ἀμφοτέροις
923 2606 1028 2659 συμπο-
1075 2585 1121 2638 τοῦ
1140 2569 1226 2650 “fiolis
1242 2575 1308 2637 ίννίνν
1322 2575 1475 2636 mihim
1485 2575 1602 2654 pilam
1619 2579 1740 2656 Υῑνὲνθαῑ
1756 2581 1863 2659 μέλλω·

242 2668 392 2744 λεμούντιον
405 2669 503 2749 λόγων,
517 2676 565 2744 τῆς
586 2673 633 2750 μὲν
650 2675 733 2752 ἀρχῆς
747 2672 803 2732 ὅθεν
817 2676 846 2732 lx
862 2673 1028 2750 Πολίμωνος
1076 2667 1235 2734 Διασιόντες
1251 2667 1274 2725 δ’
1289 2656 1333 2724 νύν
1348 2667 1382 2733 νίς
1406 2665 1435 2725 νλ
1451 2665 1576 2746 φανερύν,
1597 2667 1711 2728 ἶὸνλλνν
1731 2671 1868 2742 ἀλλήλους

242 2891 295 2951 ret,
318 2903 468 2954 rursusque,
489 2892 586 2940 mutata
611 2891 749 2950 sententia,
770 2890 794 2940 id
814 2889 897 2954 ipsum
917 2890 1029 2954 pluribus
1076 2889 1166 2938 minari
1179 2885 1261 2938 adhuc
1274 2899 1361 2951 passus
1381 2889 1429 2938 est.
1463 2889 1501 2936 lla
1516 2887 1559 2951 qni
1574 2887 1746 2952 Pyrrhonem,
1759 2895 1867 2956 excepto

241 2991 317 3042 quam
330 2981 402 3030 antea
419 2979 572 3042 argumentis
583 2981 732 3043 firmaverat,
747 2979 891 3030 infirmaret.
905 2981 935 3032 Se
947 2981 1029 3043 ipsum
1073 2977 1185 3038 nomine,
1201 2979 1269 3027 totus
1286 2979 1348 3038 erat,
1366 2975 1433 3026 idem
1452 2975 1593 3028 Academici
1605 2979 1697 3041 prester
1713 2993 1806 3032 nomen
1819 2983 1865 3032 ni-

125 3067 315 3145 ’Ἣφθῑμξ
328 3065 369 3122 ille
383 3065 453 3130 quasi
474 3065 579 3132 hydram
589 3067 698 3130 secabat,
713 3068 738 3117 et
752 3067 885 3118 secabatur
900 3081 950 3118 ase
960 3067 1026 3131 ipso,
1073 3067 1108 3116 hil
1128 3065 1245 3116 habehat.
1279 3067 1362 3129 Neque
1373 3064 1439 3114 enim
1456 3063 1505 3134 tide
1513 3065 1602 3128 dignus
1614 3067 1675 3118 mihi
1687 3067 1789 3120 videtur
1800 3073 1865 3121 Gni-

239 3162 300 3209 ‹lum
314 3154 350 3210 sic
371 3157 397 3210 ln
413 3159 544 3220 utramque
560 3161 655 3222 purtem
673 3156 799 3220 disputat.
821 3159 849 3207 nt
869 3170 948 3220 neque
967 3158 1027 3220 qnid
1072 3155 1129 3206 dius
1143 3155 1183 3206 ille
1193 3153 1300 3212 Diocles,
1317 3153 1359 3218 qui
1378 3154 1403 3202 in
1416 3153 1557 3217 librisquos
1571 3155 1695 3206 Distribas
1712 3157 1861 3223 inscripsit,

239 3247 287 3297 sibi
299 3246 374 3297 vellet
387 3245 458 3314 tacite
471 3246 620 3310 dispiceres,
638 3259 718 3310 neque
729 3245 781 3311 ipse
795 3245 872 3296 ullam
885 3243 969 3296 decori
986 3259 1026 3296 ra·
1072 3242 1205 3294 Arcesilam
1228 3241 1351 3302 affirmat,
1371 3240 1571 3292 Theodorcorum
1592 3246 1618 3293 et
1635 3244 1716 3294 Bionis
1738 3247 1865 3310 sophistae

239 3335 331 3386 tionem
344 3333 455 3384 haberet.
488 3335 598 3384 Tenebat
612 3333 654 3386 illc
665 3337 747 3386 tamen
757 3334 892 3396 auditores,
909 3347 986 3397 quum
1001 3335 1026 3391 in
1071 3329 1603 3394 metu,qutphilosophisintesti,nnllamnon
1611 3345 1653 3382 eos
1662 3333 1863 3398 reprehendendi

238 3422 356 3486 loquente
369 3422 473 3472 mutiam
496 3421 647 3473 hilaritatem
672 3435 727 3474 esse
748 3423 869 3474 viderent.
902 3424 1026 3482 Quocirca
1071 3418 1224 3470 occasionem
1237 3418 1381 3482 arriperent,
1394 3419 1479 3480 etiam,
1492 3433 1523 3468 nc
1536 3420 1577 3470 isti
1588 3421 1713 3484 negotium
1724 3423 1772 3487 ipat
1780 3425 1862 3478 lacae

238 3511 264 3561 at
278 3508 380 3560 auditus
394 3513 420 3560 et
431 3512 546 3574 aspectus
558 3511 723 3574 perplaeebat,
738 3512 854 3575 quoniam
864 3518 1024 3563 assueverant
1071 3511 1170 3570 serent,
1187 3507 1294 3558 veritum
1317 3520 1371 3558 ease
1393 3510 1487 3556 certam
1502 3507 1533 3557 de
1547 3509 1597 3557 ulla
1619 3523 1645 3560 re
1667 3514 1814 3563 sententiam
1834 3515 1862 3564 in

239 3597 349 3662 excipere
367 3598 422 3662 ejus
438 3598 574 3649 orationem
596 3599 726 3663 praestnnli
743 3613 773 3650 ex
795 3601 866 3650 vultu
879 3603 905 3651 et
917 3613 961 3651 cre
976 3614 1024 3650 non
1070 3596 1151 3647 medio
1163 3607 1261 3660 ponere.
1304 3597 1367 3646 Nam
1377 3598 1405 3645 ut
1417 3595 1497 3659 sepias
1508 3595 1589 3647 etiuso
1606 3601 1758 3662 atramento,
1773 3601 1845 3655 itail

238 3687 405 3751 cicomariam
416 3687 499 3738 nahra
512 3688 642 3737 oculorum
654 3687 769 3738 comitate
779 3687 904 3738 liuentem.
921 3691 1024 3753 oporiet
1069 3691 1119 3740 lum
1134 3689 1267 3740 cohibitas
1281 3688 1354 3739 rebus
1368 3688 1468 3740 incertis
1482 3691 1624 3741 assensione
1638 3705 1663 3742 se
1675 3694 1748 3745 tueri.
1760 3699 1861 3748 Verum

237 3779 320 3828 entem
333 3776 388 3828 hmo
399 3791 447 3826 non
459 3776 603 3840 simpliciter
611 3776 681 3840 quasi
696 3777 777 3826 subito
789 3777 867 3826 ascita
877 3775 1021 3842 inlelligere,
1069 3780 1130 3838 hoc,
1148 3778 1255 3840 uldini,
1272 3779 1355 3828 minus
1376 3778 1458 3829 credo.
1503 3781 1627 3830 catarum
1642 3781 1692 3840 illi,
1710 3782 1741 3832 do
1763 3784 1860 3848 quibus

235 3866 280 3917 scd
290 3867 340 3928 iam
350 3865 550 3916 abinitiotetatis
562 3866 611 3916 tale
620 3865 745 3929 ingenium
759 3865 806 3915 sibi
816 3864 939 3916 induerat.
957 3867 1020 3917 ilum
1069 3869 1109 3919 liic
1121 3868 1249 3932 quaritur,
1261 3867 1382 3918 Arcesilas
1394 3871 1420 3919 et
1438 3871 1520 3932 Zeno,
1536 3867 1594 3920 hino
1606 3871 1682 3921 semel
1701 3871 1806 3934 protecti
1829 3879 1860 3925 ei

235 3955 510 4020 Theophrastoenimin
520 3954 755 4018 pueritiaversatns,
769 3953 868 4004 homine
880 3959 1019 4020 mansueto,
1067 3969 1167 4006 snorum
1182 3956 1290 4020 quisque
1313 3956 1435 4007 sociorum
1457 3955 1664 4020 disputationibus
1685 3961 1802 4022 tauquam
1814 3975 1858 4012 ar-

236 4055 317 4106 ncqna
334 4057 349 4092 a
362 4041 437 4093 rebus
448 4043 575 4093 amatoriis
586 4042 680 4104 aheno,
692 4045 792 4108 propter
812 4041 1020 4107 pulchritudinem
1067 4045 1114 4095 mis
1129 4045 1267 4108 opibusque
1279 4045 1350 4107 ireti,
1365 4044 1503 4096 Polemonis
1514 4045 1624 4096 scholam
1644 4046 1712 4098 obliti
1727 4051 1787 4098 sunt
1807 4065 1857 4114 pu·

235 4129 431 4193 aulamqunmin
439 4131 520 4180 teletis
531 4133 590 4182 tiore
601 4132 763 4194 adhucesset,
773 4133 918 4184 (lrantorem
927 4133 1020 4186 acade·
1065 4146 1119 4198 gnae
1131 4146 1184 4184 sure
1196 4133 1335 4183 timcintum
1352 4133 1436 4184 tuisse.
1455 4135 1538 4192 Quare
1550 4137 1681 4199 postquam
1690 4137 1715 4186 tn
1724 4141 1855 4190 certamen

234 4218 328 4268 micum
337 4219 470 4268 amatorem
482 4221 577 4281 nactus,
591 4221 650 4270 huic
662 4220 762 4284 quidem
772 4221 886 4284 accessit,
902 4222 1017 4288 sedquo-
1064 4225 1165 4272 ventum
1176 4225 1213 4272 est
1223 4222 1389 4286 instructique
1398 4222 1496 4274 ordines
1510 4225 1687 4285 constiterrmt,

234 4307 299 4356 niam
312 4305 408 4369 ίνόθνλθ
417 4306 523 4367 ultim»
536 4306 588 4367 θίννν
600 4307 743 4371 ννίθνῑίνῑθι
757 4308 865 4372 νῦλλλλνίθ
881 4311 907 4361 θλ
919 4312 952 4362 θλ)
961 4325 1019 4362 0⁰¹¹·
1115 4330 1222 4382 scutaque
1231 4330 1278 4378 lam
1289 4327 1364 4377 south,
1377 4326 1495 4384 hastasque
1506 4331 1530 4372 et
1540 4328 1622 4374 robora
1635 4341 1697 4376 eene

233 4395 368 4446 tentionem
377 4393 473 4444 terrore
485 4408 555 4455 naurs,
569 4409 583 4444 a
598 4395 705 4448 Diodoro
719 4396 819 4460 quidem
837 4401 1016 4451 veteratorium
1115 4397 1262 4441 committunt
1272 4396 1339 4449 ³0¹⁰,
1352 4397 1483 4452 ῦίνθνὶνθνν
1498 4397 1632 4443 sonantibus
1642 4399 1681 4444 icti

232 4483 294 4535 iilud
312 4483 426 4546 idemque
447 4481 573 4548 probabile
597 4487 623 4534 et
644 4487 776 4536 venustum
799 4487 917 4538 orationis
941 4502 1018 4552 genus
1114 4461 1622 4591 geffiffmffiffiffigafflff
1634 4467 1795 4592 :mmm
1812 4543 1851 4585 ,st

232 4573 327 4636 matut,
341 4574 446 4625 maxime
454 4575 536 4625 tamen
546 4573 677 4638 Pyrrhoni,
691 4589 707 4626 ε
718 4578 852 4629 Democriti
862 4579 1016 4646 philosophia
1114 4603 1208 4658 „mm
1221 4613 1325 4660 propere,

232 4667 357 4720 undelibet
381 4653 506 4732 protecto,
527 4679 628 4732 operam
648 4666 729 4732 dedit,
749 4671 824 4733 atque
846 4670 893 4722 hac
915 4673 1017 4738 scientie
1094 4663 1303 4718 'nieverccrebrt
1312 4673 1651 4741 pemttmacvotascquuatur,

232 4758 367 4809 instructas
378 4754 529 4820 ,Pyrrhoni,
538 4755 559 4806 si
569 4757 754 4821 appellationem
764 4760 884 4824 excipias,
898 4765 1015 4826 tanquam
1113 4741 1168 4786 ‘¹⁰¹¹'
1178 4743 1293 4798 perimunt
1304 4747 1447 4801 “mmmm
1455 4743 1532 4790 ’Μ’

232 4845 341 4896 omnium
362 4855 446 4894 rerum
469 4843 591 4894 eversioni
613 4846 744 4908 acquievit.
777 4849 889 4900 Mnaseas
904 4852 1013 4915 quidem,
1059 4851 1153 4904 Stoicos
1172 4851 1292 4914 intertium
1321 4853 1479 4904 academicos
1502 4853 1567 4905 enim
1590 4855 1626 4906 itlt
1643 4869 1693 4906 non
1713 4857 1844 4922 petebant,

232 4932 379 4984 Philomelus
391 4933 416 4983 et
428 4931 515 4983 timon
523 4933 626 4997 sceptici
636 4933 783 4999 philosophi,
795 4937 932 5002 Scepttcum
943 4940 1013 4992 illum
1059 4940 1126 5006 quod
1138 4953 1188 5004 qna
1207 4943 1276 5006 parte
1288 4943 1343 5006 oapi
1365 4943 1461 4993 lucilius
1480 4943 1595 5008 vincique
1610 4946 1728 5009 possent,
1743 4943 1845 5012 ignora·

231 5019 378 5082 vocant,sut
391 5018 556 5083 persimilem,
571 5020 615 5085 qui
628 5021 737 5084 ipsorum
747 5024 859 5088 exemplo
872 5013 1012 5092 veritatem,
1058 5007 1121 5080 renti
1154 5029 1295 5094 Atqnitnm
1309 5032 1409 5082 demum
1423 5033 1586 5095 vincerentur,
1601 5033 1622 5083 si
1635 5047 1710 5084 snum
1726 5035 1844 5088 illistam

231 5105 386 5157 mendacium
401 5121 431 5158 ac
449 5108 688 5160 verisimilitudinem
703 5123 801 5161 omnem
820 5111 928 5164 tolleret.
949 5118 1013 5180 Ergo
1057 5118 1201 5169 damenlnm
1222 5121 1396 5184 excuteretur,
1418 5121 1466 5172 hoc
1481 5124 1537 5184 est,
1555 5122 1576 5173 si
1596 5135 1675 5187 neque
1693 5123 1844 5190 principium

229 5203 305 5257 quero
320 5195 454 5258 Pyrrhonei
466 5199 635 5262 Pyrrhoneum
650 5211 696 5263 pro
710 5198 829 5264 umen
842 5201 977 5267 diuisam,
989 5205 1011 5255 is
1057 5219 1129 5256 suum
1139 5205 1279 5270 retinerent,
1294 5222 1373 5273 neque
1391 5211 1515 5274 pugnandi
1538 5211 1694 5263 occasionn
1704 5211 1829 5266 habemm

229 5295 274 5348 pro
294 5283 339 5336 sua
354 5285 379 5335 in
400 5289 534 5339 amatorem
555 5290 710 5342 observantia
727 5291 899 5343 Academicum
923 5307 950 5344 se
968 5308 1009 5346 no·
1056 5297 1091 5345 Ac
1108 5295 1251 5359 principium
1266 5297 1364 5359 quidem
1377 5297 1437 5349 illud
1452 5299 1555 5351 convelli
1570 5301 1679 5366 poterat,
1697 5301 1785 5366 siquis
1798 5317 1842 5354 eus
