<?xml version="1.0" encoding="UTF-8"?>
<!DOCTYPE html PUBLIC "-//W3C//DTD XHTML 1.0 Transitional//EN"
    "http://www.w3.org/TR/xhtml1/DTD/xhtml1-transitional.dtd">
<html xmlns="http://www.w3.org/1999/xhtml" xml:lang="en" lang="en">
 <head>
  <title>
</title>
<meta http-equiv="Content-Type" content="text/html;charset=utf-8" />
  <meta name='ocr-system' content='tesseract 3.04.00' />
  <meta name='ocr-capabilities' content='ocr_page ocr_carea ocr_par ocr_line ocrx_word'/>
</head>
<body>
  <div class='ocr_page' id='page_1' title='image "./fragmentaphilos01mullgoog/fragmentaphilos01mullgoog_0152.png"; bbox 0 0 3976 5948; ppageno 0'>
   <div class='ocr_carea' id='block_1_1' title="bbox 704 419 1775 490">
    <p class='ocr_par' dir='ltr' id='par_1_1' title="bbox 704 419 1775 490">
     <span class='ocr_line' id='line_1_1' title="bbox 704 419 1775 490; baseline 0.009 -10"><span class='ocrx_word' id='word_1_1' title='bbox 704 419 755 481; x_wconf 86' lang='lat' dir='ltr'><strong>tttt</strong></span> <span class='ocrx_word' id='word_1_2' title='bbox 777 419 982 482; x_wconf 72' lang='lat' dir='ltr'><strong>CllAN&#39;l&#39;Ollb&#39;</strong></span> <span class='ocrx_word' id='word_1_3' title='bbox 1004 419 1237 484; x_wconf 77' lang='lat' dir='ltr'><strong>acunumiae.</strong></span> <span class='ocrx_word' id='word_1_4' title='bbox 1716 427 1775 490; x_wconf 73' lang='lat' dir='ltr'><strong>ldb</strong></span> 
     </span>
    </p>
   </div>
   <div class='ocr_carea' id='block_1_2' title="bbox 160 547 1779 634">
    <p class='ocr_par' dir='ltr' id='par_1_2' title="bbox 160 547 1779 634">
     <span class='ocr_line' id='line_1_2' title="bbox 160 547 1779 634; baseline 0.002 -18"><span class='ocrx_word' id='word_1_5' title='bbox 160 559 209 616; x_wconf 89' lang='lat' dir='ltr'><strong>sed</strong></span> <span class='ocrx_word' id='word_1_6' title='bbox 225 555 468 634; x_wconf 77' lang='lat' dir='ltr'>quemadmodum</span> <span class='ocrx_word' id='word_1_7' title='bbox 484 556 734 624; x_wconf 67' lang='lat' dir='ltr'><strong>consueveramus</strong></span> <span class='ocrx_word' id='word_1_8' title='bbox 749 555 807 612; x_wconf 85' lang='lat' dir='ltr'><strong>iere</strong></span> <span class='ocrx_word' id='word_1_9' title='bbox 821 567 854 612; x_wconf 94' lang='lat' dir='ltr'><strong>ut</strong></span> <span class='ocrx_word' id='word_1_10' title='bbox 867 557 959 614; x_wconf 86' lang='lat' dir='ltr'><strong>huuc¹</strong></span> <span class='ocrx_word' id='word_1_11' title='bbox 990 557 1059 613; x_wconf 88' lang='lat' dir='ltr'><strong>clrea</strong></span> <span class='ocrx_word' id='word_1_12' title='bbox 1074 558 1284 626; x_wconf 77' lang='lat' dir='ltr'><strong>consolatione,</strong></span> <span class='ocrx_word' id='word_1_13' title='bbox 1297 575 1367 632; x_wconf 75' lang='lat' dir='ltr'><strong>quea·</strong></span> <span class='ocrx_word' id='word_1_14' title='bbox 1376 575 1441 614; x_wconf 92' lang='lat' dir='ltr'><strong>cum</strong></span> <span class='ocrx_word' id='word_1_15' title='bbox 1457 547 1601 616; x_wconf 89' lang='lat' dir='ltr'><strong>Ciceronis</strong></span> <span class='ocrx_word' id='word_1_16' title='bbox 1611 561 1779 620; x_wconf 78' lang='lat' dir='ltr'><strong>Tusculanis</strong></span> 
     </span>
    </p>
   </div>
   <div class='ocr_carea' id='block_1_3' title="bbox 141 645 1830 4358">
    <p class='ocr_par' dir='ltr' id='par_1_3' title="bbox 141 645 1830 4358">
     <span class='ocr_line' id='line_1_3' title="bbox 159 645 1777 729; baseline 0.003 -24"><span class='ocrx_word' id='word_1_17' title='bbox 159 651 338 728; x_wconf 89' lang='lat' dir='ltr'><strong>potissimum</strong></span> <span class='ocrx_word' id='word_1_18' title='bbox 360 647 531 716; x_wconf 83' lang='lat' dir='ltr'><strong>imitaretur,</strong></span> <span class='ocrx_word' id='word_1_19' title='bbox 546 645 623 701; x_wconf 91' lang='lat' dir='ltr'><strong>hunc</strong></span> <span class='ocrx_word' id='word_1_20' title='bbox 640 653 775 718; x_wconf 88' lang='lat' dir='ltr'><strong>tanquam</strong></span> <span class='ocrx_word' id='word_1_21' title='bbox 791 645 892 702; x_wconf 89' lang='lat' dir='ltr'><strong>ducem</strong></span> <span class='ocrx_word' id='word_1_22' title='bbox 909 647 943 704; x_wconf 90' lang='lat' dir='ltr'><strong>ad</strong></span> <span class='ocrx_word' id='word_1_23' title='bbox 990 657 1018 701; x_wconf 94' lang='lat' dir='ltr'><strong>et</strong></span> <span class='ocrx_word' id='word_1_24' title='bbox 1031 647 1181 702; x_wconf 81' lang='lat' dir='ltr'><strong>Lactantio</strong></span> <span class='ocrx_word' id='word_1_25' title='bbox 1196 658 1375 722; x_wconf 90' lang='lat' dir='ltr'><strong>comparata,</strong></span> <span class='ocrx_word' id='word_1_26' title='bbox 1391 647 1517 704; x_wconf 90' lang='lat' dir='ltr'><strong>dubitari</strong></span> <span class='ocrx_word' id='word_1_27' title='bbox 1530 669 1590 706; x_wconf 93' lang='lat' dir='ltr'><strong>non</strong></span> <span class='ocrx_word' id='word_1_28' title='bbox 1604 660 1695 726; x_wconf 92' lang='lat' dir='ltr'><strong>potest</strong></span> <span class='ocrx_word' id='word_1_29' title='bbox 1706 656 1777 729; x_wconf 85' lang='lat' dir='ltr'><strong>quin</strong></span> 
     </span>
     <span class='ocr_line' id='line_1_4' title="bbox 159 733 1776 810; baseline 0.003 -14"><span class='ocrx_word' id='word_1_30' title='bbox 159 757 221 796; x_wconf 88' lang='lat' dir='ltr'><strong>rem</strong></span> <span class='ocrx_word' id='word_1_31' title='bbox 240 737 313 792; x_wconf 89' lang='lat' dir='ltr'><strong>bene</strong></span> <span class='ocrx_word' id='word_1_32' title='bbox 332 733 502 810; x_wconf 87' lang='lat' dir='ltr'><strong>gerendam,</strong></span> <span class='ocrx_word' id='word_1_33' title='bbox 524 744 640 790; x_wconf 77' lang='lat' dir='ltr'><strong>eeteros</strong></span> <span class='ocrx_word' id='word_1_34' title='bbox 660 735 813 808; x_wconf 78' lang='lat' dir='ltr'><strong>scriptores</strong></span> <span class='ocrx_word' id='word_1_35' title='bbox 828 735 945 790; x_wconf 85' lang='lat' dir='ltr'><strong>comites</strong></span> <span class='ocrx_word' id='word_1_36' title='bbox 990 737 1132 793; x_wconf 80' lang='lat' dir='ltr'><strong>Crantoris</strong></span> <span class='ocrx_word' id='word_1_37' title='bbox 1146 735 1169 791; x_wconf 90' lang='lat' dir='ltr'><strong>si</strong></span> <span class='ocrx_word' id='word_1_38' title='bbox 1184 755 1245 792; x_wconf 88' lang='lat' dir='ltr'><strong>non</strong></span> <span class='ocrx_word' id='word_1_39' title='bbox 1259 737 1362 806; x_wconf 86' lang='lat' dir='ltr'><strong>verba,</strong></span> <span class='ocrx_word' id='word_1_40' title='bbox 1379 749 1408 794; x_wconf 89' lang='lat' dir='ltr'><strong>at</strong></span> <span class='ocrx_word' id='word_1_41' title='bbox 1423 740 1590 794; x_wconf 89' lang='lat' dir='ltr'><strong>sententiam</strong></span> <span class='ocrx_word' id='word_1_42' title='bbox 1613 752 1709 798; x_wconf 86' lang='lat' dir='ltr'><strong>tamen</strong></span> <span class='ocrx_word' id='word_1_43' title='bbox 1729 763 1776 801; x_wconf 88' lang='lat' dir='ltr'><strong>re·</strong></span> 
     </span>
     <span class='ocr_line' id='line_1_5' title="bbox 160 820 1777 910; baseline 0.002 -27"><span class='ocrx_word' id='word_1_44' title='bbox 160 827 289 884; x_wconf 89' lang='lat' dir='ltr'><strong>haberet.</strong></span> <span class='ocrx_word' id='word_1_45' title='bbox 305 826 403 897; x_wconf 90' lang='lat' dir='ltr'><strong>Neque</strong></span> <span class='ocrx_word' id='word_1_46' title='bbox 417 823 473 878; x_wconf 92' lang='lat' dir='ltr'><strong>hoc</strong></span> <span class='ocrx_word' id='word_1_47' title='bbox 485 820 671 878; x_wconf 85' lang='lat' dir='ltr'><strong>dissimularit</strong></span> <span class='ocrx_word' id='word_1_48' title='bbox 680 824 806 892; x_wconf 90' lang='lat' dir='ltr'><strong>Tullius,</strong></span> <span class='ocrx_word' id='word_1_49' title='bbox 823 823 873 878; x_wconf 92' lang='lat' dir='ltr'><strong>sed</strong></span> <span class='ocrx_word' id='word_1_50' title='bbox 885 824 944 878; x_wconf 88' lang='lat' dir='ltr'><strong>Pli-</strong></span> <span class='ocrx_word' id='word_1_51' title='bbox 991 835 1169 900; x_wconf 79' lang='lat' dir='ltr'><strong>praesentent.</strong></span> <span class='ocrx_word' id='word_1_52' title='bbox 1193 827 1251 882; x_wconf 90' lang='lat' dir='ltr'><strong>Etsi</strong></span> <span class='ocrx_word' id='word_1_53' title='bbox 1266 827 1353 902; x_wconf 89' lang='lat' dir='ltr'><strong>igitur</strong></span> <span class='ocrx_word' id='word_1_54' title='bbox 1367 845 1427 882; x_wconf 90' lang='lat' dir='ltr'><strong>nun</strong></span> <span class='ocrx_word' id='word_1_55' title='bbox 1441 829 1693 901; x_wconf 77' lang='lat' dir='ltr'><strong>Wyttenbachium</strong></span> <span class='ocrx_word' id='word_1_56' title='bbox 1713 831 1777 910; x_wconf 79' lang='lat'>(53)</span> 
     </span>
     <span class='ocr_line' id='line_1_6' title="bbox 161 911 1776 989; baseline 0.001 -17"><span class='ocrx_word' id='word_1_57' title='bbox 161 919 212 972; x_wconf 90' lang='lat' dir='ltr'><strong>nio</strong></span> <span class='ocrx_word' id='word_1_58' title='bbox 231 911 293 989; x_wconf 74' lang='grc'><strong>(51)</strong></span> <span class='ocrx_word' id='word_1_59' title='bbox 311 923 380 970; x_wconf 90' lang='lat' dir='ltr'><strong>teste</strong></span> <span class='ocrx_word' id='word_1_60' title='bbox 393 913 424 966; x_wconf 93' lang='lat' dir='ltr'><strong>in</strong></span> <span class='ocrx_word' id='word_1_61' title='bbox 437 912 640 968; x_wconf 84' lang='lat' dir='ltr'><strong>Consolatione</strong></span> <span class='ocrx_word' id='word_1_62' title='bbox 653 913 699 968; x_wconf 90' lang='lat' dir='ltr'><strong>illa</strong></span> <span class='ocrx_word' id='word_1_63' title='bbox 713 913 855 988; x_wconf 81' lang='lat' dir='ltr'><strong>professus</strong></span> <span class='ocrx_word' id='word_1_64' title='bbox 869 924 946 969; x_wconf 88' lang='lat' dir='ltr'><strong>estet</strong></span> <span class='ocrx_word' id='word_1_65' title='bbox 991 913 1160 970; x_wconf 88' lang='lat' dir='ltr'><strong>imitandum</strong></span> <span class='ocrx_word' id='word_1_66' title='bbox 1176 931 1336 984; x_wconf 88' lang='lat' dir='ltr'><strong>censemus,</strong></span> <span class='ocrx_word' id='word_1_67' title='bbox 1352 916 1400 988; x_wconf 93' lang='lat' dir='ltr'><strong>qui</strong></span> <span class='ocrx_word' id='word_1_68' title='bbox 1421 931 1455 971; x_wconf 91' lang='lat' dir='ltr'><strong>ex</strong></span> <span class='ocrx_word' id='word_1_69' title='bbox 1476 915 1637 973; x_wconf 88' lang='lat' dir='ltr'><strong>diversitate</strong></span> <span class='ocrx_word' id='word_1_70' title='bbox 1656 919 1776 974; x_wconf 90' lang='lat' dir='ltr'><strong>rationis</strong></span> 
     </span>
     <span class='ocr_line' id='line_1_7' title="bbox 161 1000 1779 1082; baseline 0.001 -22"><span class='ocrx_word' id='word_1_71' title='bbox 161 1023 221 1082; x_wconf 87' lang='lat' dir='ltr'><strong>prae</strong></span> <span class='ocrx_word' id='word_1_72' title='bbox 234 1021 264 1058; x_wconf 90' lang='lat' dir='ltr'><strong>se</strong></span> <span class='ocrx_word' id='word_1_73' title='bbox 283 1002 363 1072; x_wconf 88' lang='lat' dir='ltr'><strong>tulit,</strong></span> <span class='ocrx_word' id='word_1_74' title='bbox 374 1019 403 1056; x_wconf 92' lang='lat' dir='ltr'><strong>sc</strong></span> <span class='ocrx_word' id='word_1_75' title='bbox 418 1000 563 1056; x_wconf 84' lang='lat' dir='ltr'><strong>Crantoris</strong></span> <span class='ocrx_word' id='word_1_76' title='bbox 574 1001 693 1075; x_wconf 84' lang='lat' dir='ltr'><strong>vestigia</strong></span> <span class='ocrx_word' id='word_1_77' title='bbox 706 1001 849 1075; x_wconf 83' lang='lat' dir='ltr'><strong>persequi.</strong></span> <span class='ocrx_word' id='word_1_78' title='bbox 865 1000 946 1057; x_wconf 92' lang='lat' dir='ltr'><strong>ldem</strong></span> <span class='ocrx_word' id='word_1_79' title='bbox 992 1011 1021 1056; x_wconf 91' lang='lat' dir='ltr'><strong>et</strong></span> <span class='ocrx_word' id='word_1_80' title='bbox 1035 1001 1187 1073; x_wconf 89' lang='lat' dir='ltr'><strong>orationis,</strong></span> <span class='ocrx_word' id='word_1_81' title='bbox 1204 1019 1239 1057; x_wconf 85' lang='lat' dir='ltr'><strong>ex</strong></span> <span class='ocrx_word' id='word_1_82' title='bbox 1261 1002 1439 1076; x_wconf 82' lang='lat' dir='ltr'><strong>antiquitatis</strong></span> <span class='ocrx_word' id='word_1_83' title='bbox 1462 1003 1589 1078; x_wconf 89' lang='lat' dir='ltr'><strong>quodam</strong></span> <span class='ocrx_word' id='word_1_84' title='bbox 1613 1005 1728 1080; x_wconf 87' lang='lat' dir='ltr'><strong>colore,</strong></span> <span class='ocrx_word' id='word_1_85' title='bbox 1744 1023 1779 1062; x_wconf 88' lang='lat' dir='ltr'><strong>ex</strong></span> 
     </span>
     <span class='ocr_line' id='line_1_8' title="bbox 162 1085 1778 1170; baseline 0.001 -21"><span class='ocrx_word' id='word_1_86' title='bbox 162 1102 281 1149; x_wconf 86' lang='lat' dir='ltr'><strong>testatur</strong></span> <span class='ocrx_word' id='word_1_87' title='bbox 293 1089 486 1162; x_wconf 84' lang='lat' dir='ltr'><strong>Hieronymus</strong></span> <span class='ocrx_word' id='word_1_88' title='bbox 503 1085 579 1162; x_wconf 77' lang='lat'><strong>(52).</strong></span> <span class='ocrx_word' id='word_1_89' title='bbox 593 1089 675 1144; x_wconf 91' lang='lat' dir='ltr'><strong>Nunc</strong></span> <span class='ocrx_word' id='word_1_90' title='bbox 691 1088 828 1162; x_wconf 91' lang='lat' dir='ltr'><strong>quoniam</strong></span> <span class='ocrx_word' id='word_1_91' title='bbox 844 1106 880 1144; x_wconf 89' lang='lat' dir='ltr'><strong>ne</strong></span> <span class='ocrx_word' id='word_1_92' title='bbox 894 1087 946 1144; x_wconf 92' lang='lat' dir='ltr'><strong>hu·</strong></span> <span class='ocrx_word' id='word_1_93' title='bbox 991 1091 1167 1162; x_wconf 89' lang='lat' dir='ltr'><strong>verborum,</strong></span> <span class='ocrx_word' id='word_1_94' title='bbox 1191 1091 1352 1147; x_wconf 90' lang='lat' dir='ltr'><strong>dictionum</strong></span> <span class='ocrx_word' id='word_1_95' title='bbox 1369 1093 1643 1169; x_wconf 91' lang='lat' dir='ltr'><strong>compositionisque</strong></span> <span class='ocrx_word' id='word_1_96' title='bbox 1656 1104 1778 1170; x_wconf 84' lang='lat' dir='ltr'><strong>natttra,</strong></span> 
     </span>
     <span class='ocr_line' id='line_1_9' title="bbox 159 1175 1782 1258; baseline 0.002 -22"><span class='ocrx_word' id='word_1_97' title='bbox 159 1179 206 1254; x_wconf 86' lang='lat' dir='ltr'><strong>jus</strong></span> <span class='ocrx_word' id='word_1_98' title='bbox 218 1177 334 1254; x_wconf 79' lang='lat' dir='ltr'><strong>quidem</strong></span> <span class='ocrx_word' id='word_1_99' title='bbox 348 1177 477 1252; x_wconf 90' lang='lat' dir='ltr'><strong>opusculi</strong></span> <span class='ocrx_word' id='word_1_100' title='bbox 492 1176 670 1232; x_wconf 78' lang='lat' dir='ltr'><strong>ciceroniani</strong></span> <span class='ocrx_word' id='word_1_101' title='bbox 685 1175 843 1250; x_wconf 77' lang='lat' dir='ltr'><strong>quidquam</strong></span> <span class='ocrx_word' id='word_1_102' title='bbox 858 1195 946 1252; x_wconf 88' lang='lat' dir='ltr'><strong>supe·</strong></span> <span class='ocrx_word' id='word_1_103' title='bbox 992 1197 1055 1256; x_wconf 81' lang='lat' dir='ltr'><strong>quae</strong></span> <span class='ocrx_word' id='word_1_104' title='bbox 1072 1199 1116 1236; x_wconf 90' lang='lat' dir='ltr'><strong>res</strong></span> <span class='ocrx_word' id='word_1_105' title='bbox 1131 1197 1248 1256; x_wconf 87' lang='lat' dir='ltr'><strong>semper</strong></span> <span class='ocrx_word' id='word_1_106' title='bbox 1257 1180 1352 1236; x_wconf 75' lang='lat' dir='ltr'><strong>dubia</strong></span> <span class='ocrx_word' id='word_1_107' title='bbox 1365 1191 1392 1236; x_wconf 92' lang='lat' dir='ltr'><strong>et</strong></span> <span class='ocrx_word' id='word_1_108' title='bbox 1401 1181 1515 1238; x_wconf 84' lang='lat' dir='ltr'><strong>incertae</strong></span> <span class='ocrx_word' id='word_1_109' title='bbox 1529 1194 1609 1252; x_wconf 89' lang='lat' dir='ltr'><strong>sunt,</strong></span> <span class='ocrx_word' id='word_1_110' title='bbox 1618 1185 1682 1258; x_wconf 91' lang='lat' dir='ltr'><strong>ipsa</strong></span> <span class='ocrx_word' id='word_1_111' title='bbox 1693 1183 1782 1241; x_wconf 90' lang='lat' dir='ltr'><strong>Cran-</strong></span> 
     </span>
     <span class='ocr_line' id='line_1_10' title="bbox 162 1264 1781 1343; baseline 0.001 -17"><span class='ocrx_word' id='word_1_112' title='bbox 162 1279 206 1326; x_wconf 91' lang='lat' dir='ltr'><strong>rat</strong></span> <span class='ocrx_word' id='word_1_113' title='bbox 220 1276 324 1342; x_wconf 76' lang='lat' dir='ltr'><strong>prater</strong></span> <span class='ocrx_word' id='word_1_114' title='bbox 338 1283 429 1320; x_wconf 91' lang='lat' dir='ltr'><strong>unum</strong></span> <span class='ocrx_word' id='word_1_115' title='bbox 447 1265 556 1334; x_wconf 89' lang='lat' dir='ltr'><strong>locum,</strong></span> <span class='ocrx_word' id='word_1_116' title='bbox 581 1281 667 1338; x_wconf 90' lang='lat' dir='ltr'><strong>quem</strong></span> <span class='ocrx_word' id='word_1_117' title='bbox 691 1281 724 1320; x_wconf 82' lang='lat' dir='ltr'><strong>en</strong></span> <span class='ocrx_word' id='word_1_118' title='bbox 744 1264 948 1322; x_wconf 88' lang='lat' dir='ltr'><strong>Consolatione</strong></span> <span class='ocrx_word' id='word_1_119' title='bbox 993 1271 1061 1327; x_wconf 91' lang='lat' dir='ltr'><strong>toris</strong></span> <span class='ocrx_word' id='word_1_120' title='bbox 1074 1269 1179 1342; x_wconf 86' lang='lat' dir='ltr'><strong>verba,</strong></span> <span class='ocrx_word' id='word_1_121' title='bbox 1196 1270 1280 1324; x_wconf 91' lang='lat' dir='ltr'><strong>etiam</strong></span> <span class='ocrx_word' id='word_1_122' title='bbox 1293 1269 1345 1325; x_wconf 92' lang='lat' dir='ltr'><strong>ubi</strong></span> <span class='ocrx_word' id='word_1_123' title='bbox 1360 1288 1465 1326; x_wconf 90' lang='lat' dir='ltr'><strong>nomen</strong></span> <span class='ocrx_word' id='word_1_124' title='bbox 1479 1269 1540 1343; x_wconf 88' lang='lat' dir='ltr'><strong>ejus</strong></span> <span class='ocrx_word' id='word_1_125' title='bbox 1558 1273 1713 1343; x_wconf 89' lang='lat' dir='ltr'><strong>omittatur,</strong></span> <span class='ocrx_word' id='word_1_126' title='bbox 1737 1272 1781 1328; x_wconf 86' lang='lat' dir='ltr'><strong>di·</strong></span> 
     </span>
     <span class='ocr_line' id='line_1_11' title="bbox 162 1347 1781 1435; baseline 0.002 -23"><span class='ocrx_word' id='word_1_127' title='bbox 162 1359 192 1412; x_wconf 91' lang='lat' dir='ltr'><strong>in</strong></span> <span class='ocrx_word' id='word_1_128' title='bbox 215 1354 386 1411; x_wconf 88' lang='lat' dir='ltr'><strong>Tusculanas</strong></span> <span class='ocrx_word' id='word_1_129' title='bbox 403 1353 610 1428; x_wconf 90' lang='lat' dir='ltr'><strong>disputationes</strong></span> <span class='ocrx_word' id='word_1_130' title='bbox 634 1353 774 1409; x_wconf 89' lang='lat' dir='ltr'><strong>transtulit</strong></span> <span class='ocrx_word' id='word_1_131' title='bbox 788 1364 899 1422; x_wconf 90' lang='lat' dir='ltr'><strong>auctor,</strong></span> <span class='ocrx_word' id='word_1_132' title='bbox 920 1366 948 1411; x_wconf 93' lang='lat' dir='ltr'><strong>et</strong></span> <span class='ocrx_word' id='word_1_133' title='bbox 992 1360 1096 1434; x_wconf 86' lang='lat' dir='ltr'><strong>stingui</strong></span> <span class='ocrx_word' id='word_1_134' title='bbox 1108 1367 1136 1414; x_wconf 91' lang='lat' dir='ltr'><strong>et</strong></span> <span class='ocrx_word' id='word_1_135' title='bbox 1153 1347 1169 1414; x_wconf 84' lang='lat' dir='ltr'><strong>a</strong></span> <span class='ocrx_word' id='word_1_136' title='bbox 1188 1359 1301 1432; x_wconf 87' lang='lat' dir='ltr'><strong>reliquo</strong></span> <span class='ocrx_word' id='word_1_137' title='bbox 1322 1358 1468 1414; x_wconf 88' lang='lat' dir='ltr'><strong>Plutarchi</strong></span> <span class='ocrx_word' id='word_1_138' title='bbox 1483 1359 1630 1415; x_wconf 86' lang='lat' dir='ltr'><strong>volumine</strong></span> <span class='ocrx_word' id='word_1_139' title='bbox 1652 1361 1781 1435; x_wconf 89' lang='lat' dir='ltr'><strong>separari</strong></span> 
     </span>
     <span class='ocr_line' id='line_1_12' title="bbox 164 1441 1781 1520; baseline -0.002 -19"><span class='ocrx_word' id='word_1_140' title='bbox 164 1463 211 1500; x_wconf 83' lang='lat' dir='ltr'><strong>sex</strong></span> <span class='ocrx_word' id='word_1_141' title='bbox 235 1454 373 1518; x_wconf 81' lang='lat' dir='ltr'><strong>septemve</strong></span> <span class='ocrx_word' id='word_1_142' title='bbox 399 1441 495 1513; x_wconf 91' lang='lat' dir='ltr'><strong>locos,</strong></span> <span class='ocrx_word' id='word_1_143' title='bbox 517 1459 591 1515; x_wconf 92' lang='lat' dir='ltr'><strong>quos</strong></span> <span class='ocrx_word' id='word_1_144' title='bbox 620 1442 768 1498; x_wconf 88' lang='lat' dir='ltr'><strong>Lactantio</strong></span> <span class='ocrx_word' id='word_1_145' title='bbox 796 1442 947 1512; x_wconf 90' lang='lat' dir='ltr'><strong>debemus,</strong></span> <span class='ocrx_word' id='word_1_146' title='bbox 992 1464 1075 1520; x_wconf 89' lang='lat' dir='ltr'><strong>posse</strong></span> <span class='ocrx_word' id='word_1_147' title='bbox 1088 1445 1185 1500; x_wconf 89' lang='lat' dir='ltr'><strong>statuit</strong></span> <span class='ocrx_word' id='word_1_148' title='bbox 1203 1463 1209 1499; x_wconf 92' lang='lat'>:</span> <span class='ocrx_word' id='word_1_149' title='bbox 1225 1445 1293 1500; x_wconf 90' lang='lat' dir='ltr'><strong>licet</strong></span> <span class='ocrx_word' id='word_1_150' title='bbox 1308 1453 1402 1500; x_wconf 87' lang='lat' dir='ltr'><strong>tamen</strong></span> <span class='ocrx_word' id='word_1_151' title='bbox 1416 1445 1568 1520; x_wconf 87' lang='lat' dir='ltr'><strong>imaginem</strong></span> <span class='ocrx_word' id='word_1_152' title='bbox 1583 1444 1729 1520; x_wconf 90' lang='lat' dir='ltr'><strong>quandam</strong></span> <span class='ocrx_word' id='word_1_153' title='bbox 1744 1445 1781 1499; x_wconf 94' lang='lat' dir='ltr'><strong>li-</strong></span> 
     </span>
     <span class='ocr_line' id='line_1_13' title="bbox 156 1525 1781 1609; baseline 0.001 -22"><span class='ocrx_word' id='word_1_154' title='bbox 156 1532 224 1588; x_wconf 94' lang='lat' dir='ltr'><strong>-duo</strong></span> <span class='ocrx_word' id='word_1_155' title='bbox 239 1532 298 1586; x_wconf 92' lang='lat' dir='ltr'><strong>sola</strong></span> <span class='ocrx_word' id='word_1_156' title='bbox 313 1540 378 1585; x_wconf 92' lang='lat' dir='ltr'><strong>sunt</strong></span> <span class='ocrx_word' id='word_1_157' title='bbox 396 1529 485 1584; x_wconf 92' lang='lat' dir='ltr'><strong>hodie</strong></span> <span class='ocrx_word' id='word_1_158' title='bbox 504 1525 665 1584; x_wconf 83' lang='lat' dir='ltr'><strong>chartarum</strong></span> <span class='ocrx_word' id='word_1_159' title='bbox 688 1529 852 1585; x_wconf 91' lang='lat' dir='ltr'><strong>amissarum</strong></span> <span class='ocrx_word' id='word_1_160' title='bbox 871 1530 949 1586; x_wconf 89' lang='lat' dir='ltr'><strong>sola·</strong></span> <span class='ocrx_word' id='word_1_161' title='bbox 993 1535 1038 1590; x_wconf 92' lang='lat' dir='ltr'><strong>bri</strong></span> <span class='ocrx_word' id='word_1_162' title='bbox 1062 1533 1224 1609; x_wconf 83' lang='lat' dir='ltr'><strong>deperditi,</strong></span> <span class='ocrx_word' id='word_1_163' title='bbox 1241 1553 1300 1608; x_wconf 95' lang='lat' dir='ltr'><strong>quo</strong></span> <span class='ocrx_word' id='word_1_164' title='bbox 1326 1535 1395 1589; x_wconf 93' lang='lat' dir='ltr'><strong>olim</strong></span> <span class='ocrx_word' id='word_1_165' title='bbox 1410 1534 1566 1609; x_wconf 91' lang='lat' dir='ltr'><strong>lugentium</strong></span> <span class='ocrx_word' id='word_1_166' title='bbox 1583 1535 1671 1589; x_wconf 89' lang='lat' dir='ltr'><strong>animi</strong></span> <span class='ocrx_word' id='word_1_167' title='bbox 1687 1535 1781 1609; x_wconf 86' lang='lat' dir='ltr'><strong>erige-</strong></span> 
     </span>
     <span class='ocr_line' id='line_1_14' title="bbox 166 1617 1780 1696; baseline 0.001 -22"><span class='ocrx_word' id='word_1_168' title='bbox 166 1621 219 1691; x_wconf 90' lang='lat' dir='ltr'><strong>tia,</strong></span> <span class='ocrx_word' id='word_1_169' title='bbox 234 1619 401 1675; x_wconf 88' lang='lat' dir='ltr'><strong>Tusculanas</strong></span> <span class='ocrx_word' id='word_1_170' title='bbox 418 1617 483 1673; x_wconf 92' lang='lat' dir='ltr'><strong>dico</strong></span> <span class='ocrx_word' id='word_1_171' title='bbox 497 1618 585 1692; x_wconf 91' lang='lat' dir='ltr'><strong>paulo</strong></span> <span class='ocrx_word' id='word_1_172' title='bbox 603 1619 759 1693; x_wconf 89' lang='lat' dir='ltr'><strong>postillam</strong></span> <span class='ocrx_word' id='word_1_173' title='bbox 775 1629 948 1674; x_wconf 89' lang='lat' dir='ltr'><strong>commenta·</strong></span> <span class='ocrx_word' id='word_1_174' title='bbox 996 1621 1102 1678; x_wconf 91' lang='lat' dir='ltr'><strong>bantur</strong></span> <span class='ocrx_word' id='word_1_175' title='bbox 1127 1622 1263 1696; x_wconf 88' lang='lat' dir='ltr'><strong>doctique</strong></span> <span class='ocrx_word' id='word_1_176' title='bbox 1287 1623 1417 1678; x_wconf 91' lang='lat' dir='ltr'><strong>homines</strong></span> <span class='ocrx_word' id='word_1_177' title='bbox 1434 1639 1533 1676; x_wconf 91' lang='lat' dir='ltr'><strong>omnes</strong></span> <span class='ocrx_word' id='word_1_178' title='bbox 1553 1621 1780 1696; x_wconf 87' lang='lat' dir='ltr'><strong>delectabuntur,</strong></span> 
     </span>
     <span class='ocr_line' id='line_1_15' title="bbox 167 1693 1783 1786; baseline 0 -22"><span class='ocrx_word' id='word_1_179' title='bbox 167 1710 273 1764; x_wconf 91' lang='lat' dir='ltr'><strong>tionem</strong></span> <span class='ocrx_word' id='word_1_180' title='bbox 288 1727 302 1762; x_wconf 92' lang='lat' dir='ltr'><strong>a</strong></span> <span class='ocrx_word' id='word_1_181' title='bbox 319 1693 454 1762; x_wconf 83' lang='lat' dir='ltr'><strong>Cicerone</strong></span> <span class='ocrx_word' id='word_1_182' title='bbox 469 1706 626 1781; x_wconf 78' lang='lat' dir='ltr'><strong>divulgatae</strong></span> <span class='ocrx_word' id='word_1_183' title='bbox 641 1715 668 1762; x_wconf 91' lang='lat' dir='ltr'><strong>et</strong></span> <span class='ocrx_word' id='word_1_184' title='bbox 687 1707 917 1763; x_wconf 87' lang='lat' dir='ltr'><strong>Consolationem</strong></span> <span class='ocrx_word' id='word_1_185' title='bbox 932 1726 949 1764; x_wconf 87' lang='lat' dir='ltr'><strong>a</strong></span> <span class='ocrx_word' id='word_1_186' title='bbox 996 1711 1120 1767; x_wconf 88' lang='lat' dir='ltr'><strong>dicendo</strong></span> <span class='ocrx_word' id='word_1_187' title='bbox 1135 1711 1317 1771; x_wconf 88' lang='lat' dir='ltr'><strong>adumbrare.</strong></span> <span class='ocrx_word' id='word_1_188' title='bbox 1336 1713 1398 1783; x_wconf 89' lang='lat' dir='ltr'><strong>Qua</strong></span> <span class='ocrx_word' id='word_1_189' title='bbox 1408 1711 1438 1765; x_wconf 92' lang='lat' dir='ltr'><strong>in</strong></span> <span class='ocrx_word' id='word_1_190' title='bbox 1453 1729 1484 1766; x_wconf 92' lang='lat' dir='ltr'><strong>re</strong></span> <span class='ocrx_word' id='word_1_191' title='bbox 1499 1711 1537 1765; x_wconf 89' lang='lat' dir='ltr'><strong>ita</strong></span> <span class='ocrx_word' id='word_1_192' title='bbox 1549 1711 1737 1786; x_wconf 82' lang='lat' dir='ltr'><strong>versabimur,</strong></span> <span class='ocrx_word' id='word_1_193' title='bbox 1749 1721 1783 1765; x_wconf 92' lang='lat' dir='ltr'><strong>ut</strong></span> 
     </span>
     <span class='ocr_line' id='line_1_16' title="bbox 165 1793 1781 1878; baseline 0 -26"><span class='ocrx_word' id='word_1_194' title='bbox 165 1795 318 1852; x_wconf 88' lang='lat' dir='ltr'><strong>Plutarcho</strong></span> <span class='ocrx_word' id='word_1_195' title='bbox 333 1793 371 1849; x_wconf 90' lang='lat' dir='ltr'><strong>ad</strong></span> <span class='ocrx_word' id='word_1_196' title='bbox 387 1795 572 1869; x_wconf 80' lang='lat' dir='ltr'><strong>Apollonium</strong></span> <span class='ocrx_word' id='word_1_197' title='bbox 592 1796 737 1870; x_wconf 88' lang='lat' dir='ltr'><strong>scriptam.</strong></span> <span class='ocrx_word' id='word_1_198' title='bbox 754 1795 825 1850; x_wconf 93' lang='lat' dir='ltr'><strong>Nam</strong></span> <span class='ocrx_word' id='word_1_199' title='bbox 841 1797 934 1851; x_wconf 89' lang='lat' dir='ltr'><strong>Tuscu</strong></span> <span class='ocrx_word' id='word_1_200' title='bbox 994 1819 1053 1855; x_wconf 84' lang='lat' dir='ltr'><strong>nort</strong></span> <span class='ocrx_word' id='word_1_201' title='bbox 1080 1818 1113 1855; x_wconf 90' lang='lat' dir='ltr'><strong>ea</strong></span> <span class='ocrx_word' id='word_1_202' title='bbox 1132 1800 1239 1870; x_wconf 86' lang='lat' dir='ltr'><strong>solum,</strong></span> <span class='ocrx_word' id='word_1_203' title='bbox 1257 1819 1320 1874; x_wconf 88' lang='lat' dir='ltr'><strong>quae</strong></span> <span class='ocrx_word' id='word_1_204' title='bbox 1345 1809 1469 1869; x_wconf 89' lang='lat' dir='ltr'><strong>constat,</strong></span> <span class='ocrx_word' id='word_1_205' title='bbox 1492 1798 1543 1854; x_wconf 88' lang='lat' dir='ltr'><strong>sed</strong></span> <span class='ocrx_word' id='word_1_206' title='bbox 1566 1817 1596 1854; x_wconf 89' lang='lat' dir='ltr'><strong>ea</strong></span> <span class='ocrx_word' id='word_1_207' title='bbox 1613 1799 1697 1856; x_wconf 90' lang='lat' dir='ltr'><strong>etiam</strong></span> <span class='ocrx_word' id='word_1_208' title='bbox 1718 1817 1781 1878; x_wconf 84' lang='lat' dir='ltr'><strong>quae</strong></span> 
     </span>
     <span class='ocr_line' id='line_1_17' title="bbox 163 1883 1779 1964; baseline 0.002 -23"><span class='ocrx_word' id='word_1_209' title='bbox 163 1887 235 1941; x_wconf 88' lang='lat' dir='ltr'><strong>lauae</strong></span> <span class='ocrx_word' id='word_1_210' title='bbox 249 1901 365 1959; x_wconf 93' lang='lat' dir='ltr'><strong>quoque</strong></span> <span class='ocrx_word' id='word_1_211' title='bbox 381 1883 409 1938; x_wconf 91' lang='lat' dir='ltr'><strong>in</strong></span> <span class='ocrx_word' id='word_1_212' title='bbox 425 1883 618 1938; x_wconf 90' lang='lat' dir='ltr'><strong>consolatorio</strong></span> <span class='ocrx_word' id='word_1_213' title='bbox 642 1893 811 1958; x_wconf 90' lang='lat' dir='ltr'><strong>argumento</strong></span> <span class='ocrx_word' id='word_1_214' title='bbox 828 1901 948 1938; x_wconf 81' lang='lat' dir='ltr'><strong>rersnn·</strong></span> <span class='ocrx_word' id='word_1_215' title='bbox 994 1887 1144 1964; x_wconf 88' lang='lat' dir='ltr'><strong>probabile</strong></span> <span class='ocrx_word' id='word_1_216' title='bbox 1159 1898 1200 1943; x_wconf 90' lang='lat' dir='ltr'><strong>est</strong></span> <span class='ocrx_word' id='word_1_217' title='bbox 1218 1889 1384 1945; x_wconf 89' lang='lat' dir='ltr'><strong>Crantorem</strong></span> <span class='ocrx_word' id='word_1_218' title='bbox 1400 1887 1496 1942; x_wconf 84' lang='lat' dir='ltr'><strong>inille</strong></span> <span class='ocrx_word' id='word_1_219' title='bbox 1518 1887 1656 1962; x_wconf 91' lang='lat' dir='ltr'><strong>opusculo</strong></span> <span class='ocrx_word' id='word_1_220' title='bbox 1676 1887 1779 1944; x_wconf 84' lang='lat' dir='ltr'><strong>dixisse</strong></span> 
     </span>
     <span class='ocr_line' id='line_1_18' title="bbox 164 1971 1781 2051; baseline 0.001 -21"><span class='ocrx_word' id='word_1_221' title='bbox 164 1985 219 2043; x_wconf 88' lang='lat' dir='ltr'><strong>tur,</strong></span> <span class='ocrx_word' id='word_1_222' title='bbox 235 1991 356 2048; x_wconf 89' lang='lat' dir='ltr'><strong>quarum</strong></span> <span class='ocrx_word' id='word_1_223' title='bbox 372 1973 481 2047; x_wconf 93' lang='lat' dir='ltr'><strong>primus</strong></span> <span class='ocrx_word' id='word_1_224' title='bbox 500 1971 573 2028; x_wconf 90' lang='lat' dir='ltr'><strong>liber</strong></span> <span class='ocrx_word' id='word_1_225' title='bbox 596 1983 718 2028; x_wconf 91' lang='lat' dir='ltr'><strong>mortem</strong></span> <span class='ocrx_word' id='word_1_226' title='bbox 740 1991 800 2028; x_wconf 90' lang='lat' dir='ltr'><strong>non</strong></span> <span class='ocrx_word' id='word_1_227' title='bbox 820 1973 850 2028; x_wconf 94' lang='lat' dir='ltr'><strong>in</strong></span> <span class='ocrx_word' id='word_1_228' title='bbox 868 1973 950 2030; x_wconf 89' lang='lat' dir='ltr'><strong>malis</strong></span> <span class='ocrx_word' id='word_1_229' title='bbox 994 1977 1040 2032; x_wconf 92' lang='lat' dir='ltr'><strong>hic</strong></span> <span class='ocrx_word' id='word_1_230' title='bbox 1060 1975 1220 2035; x_wconf 78' lang='lat' dir='ltr'><strong>asseramus.</strong></span> <span class='ocrx_word' id='word_1_231' title='bbox 1234 1978 1335 2051; x_wconf 88' lang='lat' dir='ltr'><strong>Neque</strong></span> <span class='ocrx_word' id='word_1_232' title='bbox 1351 1987 1444 2032; x_wconf 91' lang='lat' dir='ltr'><strong>tamen</strong></span> <span class='ocrx_word' id='word_1_233' title='bbox 1458 1976 1546 2049; x_wconf 91' lang='lat' dir='ltr'><strong>passis</strong></span> <span class='ocrx_word' id='word_1_234' title='bbox 1561 1977 1698 2031; x_wconf 89' lang='lat' dir='ltr'><strong>orationis</strong></span> <span class='ocrx_word' id='word_1_235' title='bbox 1711 1977 1781 2032; x_wconf 83' lang='lat' dir='ltr'><strong>velis</strong></span> 
     </span>
     <span class='ocr_line' id='line_1_19' title="bbox 165 2059 1780 2140; baseline 0.001 -22"><span class='ocrx_word' id='word_1_236' title='bbox 165 2060 343 2128; x_wconf 88' lang='lat' dir='ltr'><strong>ducendam,</strong></span> <span class='ocrx_word' id='word_1_237' title='bbox 359 2060 500 2115; x_wconf 89' lang='lat' dir='ltr'><strong>secundus</strong></span> <span class='ocrx_word' id='word_1_238' title='bbox 517 2059 646 2116; x_wconf 89' lang='lat' dir='ltr'><strong>dolorem</strong></span> <span class='ocrx_word' id='word_1_239' title='bbox 662 2061 901 2118; x_wconf 89' lang='lat' dir='ltr'><strong>contemnendum</strong></span> <span class='ocrx_word' id='word_1_240' title='bbox 923 2073 951 2118; x_wconf 91' lang='lat' dir='ltr'><strong>et</strong></span> <span class='ocrx_word' id='word_1_241' title='bbox 994 2063 1135 2121; x_wconf 89' lang='lat' dir='ltr'><strong>scribendi</strong></span> <span class='ocrx_word' id='word_1_242' title='bbox 1145 2066 1230 2140; x_wconf 89' lang='lat' dir='ltr'><strong>copia</strong></span> <span class='ocrx_word' id='word_1_243' title='bbox 1242 2065 1424 2121; x_wconf 86' lang='lat' dir='ltr'><strong>Plutarchum</strong></span> <span class='ocrx_word' id='word_1_244' title='bbox 1437 2074 1485 2121; x_wconf 85' lang='lat' dir='ltr'><strong>aut</strong></span> <span class='ocrx_word' id='word_1_245' title='bbox 1495 2062 1663 2120; x_wconf 89' lang='lat' dir='ltr'><strong>Ciceronem</strong></span> <span class='ocrx_word' id='word_1_246' title='bbox 1676 2062 1780 2121; x_wconf 87' lang='lat' dir='ltr'><strong>victuri</strong></span> 
     </span>
     <span class='ocr_line' id='line_1_20' title="bbox 164 2147 1781 2231; baseline 0.005 -29"><span class='ocrx_word' id='word_1_247' title='bbox 164 2147 332 2203; x_wconf 75' lang='lat' dir='ltr'><strong>fortitudine</strong></span> <span class='ocrx_word' id='word_1_248' title='bbox 361 2149 555 2223; x_wconf 91' lang='lat' dir='ltr'><strong>patientiaque</strong></span> <span class='ocrx_word' id='word_1_249' title='bbox 589 2149 825 2224; x_wconf 90' lang='lat' dir='ltr'><strong>opprimendum,</strong></span> <span class='ocrx_word' id='word_1_250' title='bbox 853 2153 950 2207; x_wconf 91' lang='lat' dir='ltr'><strong>tertius</strong></span> <span class='ocrx_word' id='word_1_251' title='bbox 995 2173 1107 2225; x_wconf 87' lang='lat' dir='ltr'><strong>sumus,</strong></span> <span class='ocrx_word' id='word_1_252' title='bbox 1139 2152 1196 2225; x_wconf 89' lang='lat' dir='ltr'><strong>sed</strong></span> <span class='ocrx_word' id='word_1_253' title='bbox 1220 2155 1314 2230; x_wconf 90' lang='lat' dir='ltr'><strong>capita</strong></span> <span class='ocrx_word' id='word_1_254' title='bbox 1337 2153 1467 2230; x_wconf 88' lang='lat' dir='ltr'><strong>quaedum</strong></span> <span class='ocrx_word' id='word_1_255' title='bbox 1499 2153 1644 2210; x_wconf 88' lang='lat' dir='ltr'><strong>Crantoris</strong></span> <span class='ocrx_word' id='word_1_256' title='bbox 1674 2173 1781 2231; x_wconf 86' lang='lat' dir='ltr'><strong>propo·</strong></span> 
     </span>
     <span class='ocr_line' id='line_1_21' title="bbox 167 2236 1087 2314; baseline 0.01 -23"><span class='ocrx_word' id='word_1_257' title='bbox 167 2236 363 2312; x_wconf 82' lang='lat' dir='ltr'><strong>aegritudinem</strong></span> <span class='ocrx_word' id='word_1_258' title='bbox 378 2255 438 2291; x_wconf 88' lang='lat' dir='ltr'><strong>non</strong></span> <span class='ocrx_word' id='word_1_259' title='bbox 450 2236 552 2293; x_wconf 90' lang='lat' dir='ltr'><strong>cadere</strong></span> <span class='ocrx_word' id='word_1_260' title='bbox 563 2239 592 2292; x_wconf 91' lang='lat' dir='ltr'><strong>in</strong></span> <span class='ocrx_word' id='word_1_261' title='bbox 606 2239 762 2313; x_wconf 90' lang='lat' dir='ltr'><strong>sapientem</strong></span> <span class='ocrx_word' id='word_1_262' title='bbox 779 2250 808 2295; x_wconf 91' lang='lat' dir='ltr'><strong>et</strong></span> <span class='ocrx_word' id='word_1_263' title='bbox 820 2258 883 2314; x_wconf 73' lang='lat' dir='ltr'><strong>quar</strong></span> <span class='ocrx_word' id='word_1_264' title='bbox 896 2243 951 2296; x_wconf 90' lang='lat' dir='ltr'><strong>sint</strong></span> <span class='ocrx_word' id='word_1_265' title='bbox 994 2243 1087 2300; x_wconf 90' lang='lat' dir='ltr'><strong>situri.</strong></span> 
     </span>
     <span class='ocr_line' id='line_1_22' title="bbox 165 2323 1778 2405; baseline 0.006 -26"><span class='ocrx_word' id='word_1_266' title='bbox 165 2323 337 2400; x_wconf 71' lang='lat' dir='ltr'><strong>agritudinis</strong></span> <span class='ocrx_word' id='word_1_267' title='bbox 351 2324 496 2400; x_wconf 88' lang='lat' dir='ltr'><strong>remedia,</strong></span> <span class='ocrx_word' id='word_1_268' title='bbox 508 2337 626 2400; x_wconf 89' lang='lat' dir='ltr'><strong>quartus</strong></span> <span class='ocrx_word' id='word_1_269' title='bbox 640 2327 764 2402; x_wconf 90' lang='lat' dir='ltr'><strong>reliquas</strong></span> <span class='ocrx_word' id='word_1_270' title='bbox 784 2330 871 2383; x_wconf 90' lang='lat' dir='ltr'><strong>animi</strong></span> <span class='ocrx_word' id='word_1_271' title='bbox 885 2349 950 2404; x_wconf 88' lang='lat' dir='ltr'><strong>per·</strong></span> <span class='ocrx_word' id='word_1_272' title='bbox 1034 2332 1203 2386; x_wconf 81' lang='lat' dir='ltr'><strong>Animorum</strong></span> <span class='ocrx_word' id='word_1_273' title='bbox 1215 2331 1293 2386; x_wconf 90' lang='lat' dir='ltr'><strong>nulla</strong></span> <span class='ocrx_word' id='word_1_274' title='bbox 1308 2331 1339 2386; x_wconf 91' lang='lat' dir='ltr'><strong>in</strong></span> <span class='ocrx_word' id='word_1_275' title='bbox 1353 2331 1435 2386; x_wconf 88' lang='lat' dir='ltr'><strong>terris</strong></span> <span class='ocrx_word' id='word_1_276' title='bbox 1449 2330 1531 2404; x_wconf 83' lang='lat' dir='ltr'><strong>origo</strong></span> <span class='ocrx_word' id='word_1_277' title='bbox 1546 2330 1663 2386; x_wconf 86' lang='lat' dir='ltr'><strong>inveniri</strong></span> <span class='ocrx_word' id='word_1_278' title='bbox 1673 2341 1778 2405; x_wconf 90' lang='lat' dir='ltr'><strong>potest.</strong></span> 
     </span>
     <span class='ocr_line' id='line_1_23' title="bbox 141 2415 1783 2492; baseline 0.001 -22"><span class='ocrx_word' id='word_1_279' title='bbox 141 2438 144 2444; x_wconf 96' lang='lat'>·</span> <span class='ocrx_word' id='word_1_280' title='bbox 166 2415 340 2470; x_wconf 84' lang='lat' dir='ltr'><strong>turbationes</strong></span> <span class='ocrx_word' id='word_1_281' title='bbox 355 2431 420 2469; x_wconf 87' lang='lat' dir='ltr'><strong>cum</strong></span> <span class='ocrx_word' id='word_1_282' title='bbox 440 2415 577 2489; x_wconf 89' lang='lat' dir='ltr'><strong>sapientia</strong></span> <span class='ocrx_word' id='word_1_283' title='bbox 595 2426 726 2471; x_wconf 86' lang='lat' dir='ltr'><strong>constare</strong></span> <span class='ocrx_word' id='word_1_284' title='bbox 744 2435 803 2472; x_wconf 91' lang='lat' dir='ltr'><strong>non</strong></span> <span class='ocrx_word' id='word_1_285' title='bbox 823 2435 908 2492; x_wconf 89' lang='lat' dir='ltr'><strong>posse</strong></span> <span class='ocrx_word' id='word_1_286' title='bbox 923 2429 951 2474; x_wconf 91' lang='lat' dir='ltr'><strong>et</strong></span> <span class='ocrx_word' id='word_1_287' title='bbox 996 2417 1076 2472; x_wconf 92' lang='lat' dir='ltr'><strong>Nihil</strong></span> <span class='ocrx_word' id='word_1_288' title='bbox 1101 2417 1176 2472; x_wconf 92' lang='lat' dir='ltr'><strong>enim</strong></span> <span class='ocrx_word' id='word_1_289' title='bbox 1193 2417 1281 2472; x_wconf 90' lang='lat' dir='ltr'><strong>estin</strong></span> <span class='ocrx_word' id='word_1_290' title='bbox 1301 2417 1401 2472; x_wconf 89' lang='lat' dir='ltr'><strong>animis</strong></span> <span class='ocrx_word' id='word_1_291' title='bbox 1414 2418 1538 2472; x_wconf 86' lang='lat' dir='ltr'><strong>mixtum</strong></span> <span class='ocrx_word' id='word_1_292' title='bbox 1559 2425 1646 2491; x_wconf 91' lang='lat' dir='ltr'><strong>atque</strong></span> <span class='ocrx_word' id='word_1_293' title='bbox 1663 2435 1783 2474; x_wconf 89' lang='lat' dir='ltr'><strong>concre-</strong></span> 
     </span>
     <span class='ocr_line' id='line_1_24' title="bbox 166 2500 1783 2580; baseline 0.002 -22"><span class='ocrx_word' id='word_1_294' title='bbox 166 2501 271 2578; x_wconf 89' lang='lat' dir='ltr'><strong>quibus</strong></span> <span class='ocrx_word' id='word_1_295' title='bbox 290 2500 385 2559; x_wconf 88' lang='lat' dir='ltr'><strong>modis</strong></span> <span class='ocrx_word' id='word_1_296' title='bbox 402 2501 496 2559; x_wconf 90' lang='lat' dir='ltr'><strong>sedari</strong></span> <span class='ocrx_word' id='word_1_297' title='bbox 516 2503 639 2578; x_wconf 89' lang='lat' dir='ltr'><strong>tollique</strong></span> <span class='ocrx_word' id='word_1_298' title='bbox 652 2504 777 2569; x_wconf 87' lang='lat' dir='ltr'><strong>debeant</strong></span> <span class='ocrx_word' id='word_1_299' title='bbox 799 2506 895 2566; x_wconf 92' lang='lat' dir='ltr'><strong>docet.</strong></span> <span class='ocrx_word' id='word_1_300' title='bbox 917 2511 951 2564; x_wconf 90' lang='lat' dir='ltr'><strong>ln</strong></span> <span class='ocrx_word' id='word_1_301' title='bbox 997 2515 1057 2564; x_wconf 88' lang='lat' dir='ltr'><strong>tum</strong></span> <span class='ocrx_word' id='word_1_302' title='bbox 1073 2516 1122 2562; x_wconf 91' lang='lat' dir='ltr'><strong>aut</strong></span> <span class='ocrx_word' id='word_1_303' title='bbox 1135 2505 1216 2579; x_wconf 91' lang='lat' dir='ltr'><strong>quod</strong></span> <span class='ocrx_word' id='word_1_304' title='bbox 1235 2525 1269 2562; x_wconf 86' lang='lat' dir='ltr'><strong>ex</strong></span> <span class='ocrx_word' id='word_1_305' title='bbox 1287 2517 1363 2562; x_wconf 81' lang='lat' dir='ltr'><strong>terra</strong></span> <span class='ocrx_word' id='word_1_306' title='bbox 1381 2516 1479 2562; x_wconf 87' lang='lat' dir='ltr'><strong>natum</strong></span> <span class='ocrx_word' id='word_1_307' title='bbox 1499 2516 1585 2580; x_wconf 86' lang='lat' dir='ltr'><strong>atque</strong></span> <span class='ocrx_word' id='word_1_308' title='bbox 1607 2504 1705 2561; x_wconf 87' lang='lat' dir='ltr'><strong>lictum</strong></span> <span class='ocrx_word' id='word_1_309' title='bbox 1724 2523 1783 2562; x_wconf 91' lang='lat' dir='ltr'><strong>esse</strong></span> 
     </span>
     <span class='ocr_line' id='line_1_25' title="bbox 163 2590 1781 2669; baseline 0.003 -23"><span class='ocrx_word' id='word_1_310' title='bbox 163 2592 209 2647; x_wconf 89' lang='lat' dir='ltr'><strong>bis</strong></span> <span class='ocrx_word' id='word_1_311' title='bbox 223 2601 319 2648; x_wconf 88' lang='lat' dir='ltr'><strong>autem</strong></span> <span class='ocrx_word' id='word_1_312' title='bbox 331 2590 477 2648; x_wconf 87' lang='lat' dir='ltr'><strong>tradendis</strong></span> <span class='ocrx_word' id='word_1_313' title='bbox 494 2591 638 2647; x_wconf 88' lang='lat' dir='ltr'><strong>Crantoris</strong></span> <span class='ocrx_word' id='word_1_314' title='bbox 657 2592 764 2648; x_wconf 92' lang='lat' dir='ltr'><strong>librum</strong></span> <span class='ocrx_word' id='word_1_315' title='bbox 784 2595 876 2669; x_wconf 89' lang='lat' dir='ltr'><strong>liquet</strong></span> <span class='ocrx_word' id='word_1_316' title='bbox 891 2613 949 2650; x_wconf 93' lang='lat' dir='ltr'><strong>non</strong></span> <span class='ocrx_word' id='word_1_317' title='bbox 995 2595 1134 2666; x_wconf 87' lang='lat' dir='ltr'><strong>videatur,</strong></span> <span class='ocrx_word' id='word_1_318' title='bbox 1148 2594 1270 2651; x_wconf 87' lang='lat' dir='ltr'><strong>nihilne</strong></span> <span class='ocrx_word' id='word_1_319' title='bbox 1288 2605 1337 2651; x_wconf 86' lang='lat' dir='ltr'><strong>arrt</strong></span> <span class='ocrx_word' id='word_1_320' title='bbox 1349 2595 1499 2650; x_wconf 90' lang='lat' dir='ltr'><strong>humidum</strong></span> <span class='ocrx_word' id='word_1_321' title='bbox 1520 2593 1638 2669; x_wconf 89' lang='lat' dir='ltr'><strong>quidem</strong></span> <span class='ocrx_word' id='word_1_322' title='bbox 1657 2605 1706 2649; x_wconf 90' lang='lat' dir='ltr'><strong>aut</strong></span> <span class='ocrx_word' id='word_1_323' title='bbox 1726 2591 1781 2651; x_wconf 89' lang='lat' dir='ltr'><strong>fla-</strong></span> 
     </span>
     <span class='ocr_line' id='line_1_26' title="bbox 163 2679 1780 2758; baseline 0.001 -22"><span class='ocrx_word' id='word_1_324' title='bbox 163 2681 323 2756; x_wconf 86' lang='lat' dir='ltr'><strong>neglectnm</strong></span> <span class='ocrx_word' id='word_1_325' title='bbox 353 2699 410 2736; x_wconf 90' lang='lat' dir='ltr'><strong>esse</strong></span> <span class='ocrx_word' id='word_1_326' title='bbox 431 2699 448 2737; x_wconf 86' lang='lat' dir='ltr'><strong>a</strong></span> <span class='ocrx_word' id='word_1_327' title='bbox 473 2679 621 2740; x_wconf 85' lang='lat' dir='ltr'><strong>Cicerone.</strong></span> <span class='ocrx_word' id='word_1_328' title='bbox 647 2682 792 2738; x_wconf 87' lang='lat' dir='ltr'><strong>Plutarchi</strong></span> <span class='ocrx_word' id='word_1_329' title='bbox 817 2703 885 2740; x_wconf 88' lang='lat' dir='ltr'><strong>vero</strong></span> <span class='ocrx_word' id='word_1_330' title='bbox 914 2686 950 2742; x_wconf 93' lang='lat' dir='ltr'><strong>ad</strong></span> <span class='ocrx_word' id='word_1_331' title='bbox 996 2683 1055 2738; x_wconf 92' lang='lat' dir='ltr'><strong>bile</strong></span> <span class='ocrx_word' id='word_1_332' title='bbox 1069 2685 1256 2758; x_wconf 88' lang='lat' dir='ltr'><strong>autigneum.</strong></span> <span class='ocrx_word' id='word_1_333' title='bbox 1278 2681 1333 2740; x_wconf 86' lang='lat' dir='ltr'><strong>llis</strong></span> <span class='ocrx_word' id='word_1_334' title='bbox 1348 2684 1423 2738; x_wconf 88' lang='lat' dir='ltr'><strong>enim</strong></span> <span class='ocrx_word' id='word_1_335' title='bbox 1438 2683 1468 2738; x_wconf 92' lang='lat' dir='ltr'><strong>in</strong></span> <span class='ocrx_word' id='word_1_336' title='bbox 1484 2684 1593 2739; x_wconf 90' lang='lat' dir='ltr'><strong>naturis</strong></span> <span class='ocrx_word' id='word_1_337' title='bbox 1606 2682 1679 2738; x_wconf 90' lang='lat' dir='ltr'><strong>nihil</strong></span> <span class='ocrx_word' id='word_1_338' title='bbox 1692 2683 1780 2755; x_wconf 89' lang='lat' dir='ltr'><strong>inest,</strong></span> 
     </span>
     <span class='ocr_line' id='line_1_27' title="bbox 160 2768 1830 2850; baseline 0.002 -24"><span class='ocrx_word' id='word_1_339' title='bbox 160 2768 350 2844; x_wconf 78' lang='lat' dir='ltr'><strong>&#39;Apollonium</strong></span> <span class='ocrx_word' id='word_1_340' title='bbox 367 2769 481 2825; x_wconf 86' lang='lat' dir='ltr'><strong>missam</strong></span> <span class='ocrx_word' id='word_1_341' title='bbox 498 2770 721 2826; x_wconf 87' lang='lat' dir='ltr'><strong>consolationem</strong></span> <span class='ocrx_word' id='word_1_342' title='bbox 737 2768 822 2850; x_wconf 84' lang='lat' dir='ltr'><strong>(nam</strong></span> <span class='ocrx_word' id='word_1_343' title='bbox 836 2773 952 2832; x_wconf 84' lang='lat' dir='ltr'><strong>brevior</strong></span> <span class='ocrx_word' id='word_1_344' title='bbox 996 2770 1077 2845; x_wconf 92' lang='lat' dir='ltr'><strong>quod</strong></span> <span class='ocrx_word' id='word_1_345' title='bbox 1091 2771 1146 2826; x_wconf 92' lang='lat' dir='ltr'><strong>vim</strong></span> <span class='ocrx_word' id='word_1_346' title='bbox 1161 2771 1322 2844; x_wconf 75' lang='lat' dir='ltr'><strong>memorias,</strong></span> <span class='ocrx_word' id='word_1_347' title='bbox 1336 2772 1450 2846; x_wconf 82' lang='lat' dir='ltr'><strong>mentis,</strong></span> <span class='ocrx_word' id='word_1_348' title='bbox 1463 2771 1644 2846; x_wconf 87' lang='lat' dir='ltr'><strong>cogitationis</strong></span> <span class='ocrx_word' id='word_1_349' title='bbox 1656 2769 1780 2830; x_wconf 84' lang='lat' dir='ltr'><strong>habeat:</strong></span> <span class='ocrx_word' id='word_1_350' title='bbox 1828 2797 1830 2800; x_wconf 94' lang='lat'>·</span> 
     </span>
     <span class='ocr_line' id='line_1_28' title="bbox 166 2856 1783 2940; baseline 0.002 -28"><span class='ocrx_word' id='word_1_351' title='bbox 166 2859 312 2932; x_wconf 89' lang='lat' dir='ltr'><strong>illaquam</strong></span> <span class='ocrx_word' id='word_1_352' title='bbox 326 2856 363 2912; x_wconf 89' lang='lat' dir='ltr'><strong>ad</strong></span> <span class='ocrx_word' id='word_1_353' title='bbox 377 2875 496 2912; x_wconf 79' lang='lat' dir='ltr'><strong>uxorem</strong></span> <span class='ocrx_word' id='word_1_354' title='bbox 510 2868 707 2934; x_wconf 89' lang='lat' dir='ltr'><strong>postmortem</strong></span> <span class='ocrx_word' id='word_1_355' title='bbox 718 2858 812 2916; x_wconf 85' lang='lat' dir='ltr'><strong>filiolae</strong></span> <span class='ocrx_word' id='word_1_356' title='bbox 827 2865 950 2940; x_wconf 83' lang='lat' dir='ltr'><strong>scripsit,</strong></span> <span class='ocrx_word' id='word_1_357' title='bbox 996 2858 1077 2933; x_wconf 91' lang='lat' dir='ltr'><strong>quod</strong></span> <span class='ocrx_word' id='word_1_358' title='bbox 1090 2869 1117 2914; x_wconf 91' lang='lat' dir='ltr'><strong>et</strong></span> <span class='ocrx_word' id='word_1_359' title='bbox 1133 2860 1275 2934; x_wconf 89' lang='lat' dir='ltr'><strong>praeterita</strong></span> <span class='ocrx_word' id='word_1_360' title='bbox 1294 2869 1405 2929; x_wconf 88' lang='lat' dir='ltr'><strong>teneat,</strong></span> <span class='ocrx_word' id='word_1_361' title='bbox 1417 2869 1445 2914; x_wconf 90' lang='lat' dir='ltr'><strong>et</strong></span> <span class='ocrx_word' id='word_1_362' title='bbox 1462 2859 1557 2915; x_wconf 84' lang='lat' dir='ltr'><strong>lutura</strong></span> <span class='ocrx_word' id='word_1_363' title='bbox 1571 2859 1740 2935; x_wconf 89' lang='lat' dir='ltr'><strong>provideat,</strong></span> <span class='ocrx_word' id='word_1_364' title='bbox 1754 2871 1783 2916; x_wconf 92' lang='lat' dir='ltr'><strong>et</strong></span> 
     </span>
     <span class='ocr_line' id='line_1_29' title="bbox 165 2946 1779 3026; baseline 0.002 -24"><span class='ocrx_word' id='word_1_365' title='bbox 165 2946 249 3002; x_wconf 89' lang='lat' dir='ltr'><strong>nobis</strong></span> <span class='ocrx_word' id='word_1_366' title='bbox 263 2949 293 3001; x_wconf 92' lang='lat' dir='ltr'><strong>in</strong></span> <span class='ocrx_word' id='word_1_367' title='bbox 307 2946 361 3001; x_wconf 92' lang='lat' dir='ltr'><strong>hac</strong></span> <span class='ocrx_word' id='word_1_368' title='bbox 376 2947 532 3021; x_wconf 87' lang='lat' dir='ltr'><strong>quaestione</strong></span> <span class='ocrx_word' id='word_1_369' title='bbox 543 2947 651 3002; x_wconf 90' lang='lat' dir='ltr'><strong>inutilis</strong></span> <span class='ocrx_word' id='word_1_370' title='bbox 662 2947 720 3022; x_wconf 83' lang='lat' dir='ltr'><strong>est)</strong></span> <span class='ocrx_word' id='word_1_371' title='bbox 743 2952 866 3024; x_wconf 85' lang='lat' dir='ltr'><strong>exceptis</strong></span> <span class='ocrx_word' id='word_1_372' title='bbox 879 2972 951 3026; x_wconf 85' lang='lat' dir='ltr'><strong>pau.</strong></span> <span class='ocrx_word' id='word_1_373' title='bbox 996 2949 1148 3022; x_wconf 90' lang='lat' dir='ltr'><strong>complecti</strong></span> <span class='ocrx_word' id='word_1_374' title='bbox 1163 2949 1426 3022; x_wconf 80' lang='lat' dir='ltr'><strong>possitpraeseutia3</strong></span> <span class='ocrx_word' id='word_1_375' title='bbox 1439 2967 1502 3023; x_wconf 77' lang='lat' dir='ltr'><strong>qum</strong></span> <span class='ocrx_word' id='word_1_376' title='bbox 1518 2950 1580 3005; x_wconf 88' lang='lat' dir='ltr'><strong>sola</strong></span> <span class='ocrx_word' id='word_1_377' title='bbox 1595 2948 1692 3006; x_wconf 84' lang='lat' dir='ltr'><strong>divine</strong></span> <span class='ocrx_word' id='word_1_378' title='bbox 1704 2960 1779 3006; x_wconf 88' lang='lat' dir='ltr'><strong>sunt.</strong></span> 
     </span>
     <span class='ocr_line' id='line_1_30' title="bbox 168 3035 1781 3114; baseline 0.001 -22"><span class='ocrx_word' id='word_1_379' title='bbox 168 3037 208 3092; x_wconf 89' lang='lat' dir='ltr'><strong>cis</strong></span> <span class='ocrx_word' id='word_1_380' title='bbox 225 3036 350 3093; x_wconf 86' lang='lat' dir='ltr'><strong>Platonis</strong></span> <span class='ocrx_word' id='word_1_381' title='bbox 375 3035 555 3108; x_wconf 89' lang='lat' dir='ltr'><strong>aliorumque</strong></span> <span class='ocrx_word' id='word_1_382' title='bbox 580 3036 818 3111; x_wconf 90' lang='lat' dir='ltr'><strong>philosophorum</strong></span> <span class='ocrx_word' id='word_1_383' title='bbox 840 3057 950 3114; x_wconf 85' lang='lat' dir='ltr'><strong>praece-</strong></span> <span class='ocrx_word' id='word_1_384' title='bbox 995 3039 1054 3092; x_wconf 90' lang='lat' dir='ltr'><strong>Nec</strong></span> <span class='ocrx_word' id='word_1_385' title='bbox 1076 3038 1237 3099; x_wconf 84' lang='lat' dir='ltr'><strong>invenietur</strong></span> <span class='ocrx_word' id='word_1_386' title='bbox 1259 3055 1402 3111; x_wconf 91' lang='lat' dir='ltr'><strong>unquam,</strong></span> <span class='ocrx_word' id='word_1_387' title='bbox 1419 3037 1496 3092; x_wconf 87' lang='lat' dir='ltr'><strong>unde</strong></span> <span class='ocrx_word' id='word_1_388' title='bbox 1517 3037 1553 3093; x_wconf 93' lang='lat' dir='ltr'><strong>ad</strong></span> <span class='ocrx_word' id='word_1_389' title='bbox 1568 3038 1712 3093; x_wconf 93' lang='lat' dir='ltr'><strong>hominem</strong></span> <span class='ocrx_word' id='word_1_390' title='bbox 1730 3055 1781 3094; x_wconf 79' lang='lat' dir='ltr'><strong>re·</strong></span> 
     </span>
     <span class='ocr_line' id='line_1_31' title="bbox 170 3123 1782 3202; baseline 0.002 -23"><span class='ocrx_word' id='word_1_391' title='bbox 170 3126 242 3200; x_wconf 88' lang='lat' dir='ltr'><strong>ptis,</strong></span> <span class='ocrx_word' id='word_1_392' title='bbox 262 3125 419 3199; x_wconf 89' lang='lat' dir='ltr'><strong>paucisque</strong></span> <span class='ocrx_word' id='word_1_393' title='bbox 437 3123 505 3177; x_wconf 91' lang='lat' dir='ltr'><strong>item</strong></span> <span class='ocrx_word' id='word_1_394' title='bbox 522 3124 609 3196; x_wconf 88' lang='lat' dir='ltr'><strong>ipsius</strong></span> <span class='ocrx_word' id='word_1_395' title='bbox 629 3126 774 3198; x_wconf 90' lang='lat' dir='ltr'><strong>scriptoris</strong></span> <span class='ocrx_word' id='word_1_396' title='bbox 786 3131 949 3198; x_wconf 87' lang='lat' dir='ltr'><strong>sententiis,</strong></span> <span class='ocrx_word' id='word_1_397' title='bbox 995 3127 1056 3182; x_wconf 91' lang='lat' dir='ltr'><strong>nire</strong></span> <span class='ocrx_word' id='word_1_398' title='bbox 1070 3127 1199 3201; x_wconf 88' lang='lat' dir='ltr'><strong>possint,</strong></span> <span class='ocrx_word' id='word_1_399' title='bbox 1213 3127 1266 3180; x_wconf 92' lang='lat' dir='ltr'><strong>nisi</strong></span> <span class='ocrx_word' id='word_1_400' title='bbox 1280 3125 1375 3184; x_wconf 88' lang='lat' dir='ltr'><strong>adeo.</strong></span> <span class='ocrx_word' id='word_1_401' title='bbox 1389 3127 1544 3200; x_wconf 84' lang='lat' dir='ltr'><strong>Singularis</strong></span> <span class='ocrx_word' id='word_1_402' title='bbox 1558 3137 1599 3183; x_wconf 92' lang='lat' dir='ltr'><strong>est</strong></span> <span class='ocrx_word' id='word_1_403' title='bbox 1608 3129 1697 3202; x_wconf 87' lang='lat' dir='ltr'><strong>igitur</strong></span> <span class='ocrx_word' id='word_1_404' title='bbox 1706 3145 1782 3200; x_wconf 86' lang='lat' dir='ltr'><strong>quae-</strong></span> 
     </span>
     <span class='ocr_line' id='line_1_32' title="bbox 166 3212 1782 3289; baseline 0.001 -21"><span class='ocrx_word' id='word_1_405' title='bbox 166 3214 235 3268; x_wconf 92' lang='lat' dir='ltr'><strong>licet</strong></span> <span class='ocrx_word' id='word_1_406' title='bbox 255 3212 347 3269; x_wconf 90' lang='lat' dir='ltr'><strong>tribus</strong></span> <span class='ocrx_word' id='word_1_407' title='bbox 360 3221 470 3265; x_wconf 90' lang='lat' dir='ltr'><strong>tantum</strong></span> <span class='ocrx_word' id='word_1_408' title='bbox 485 3222 646 3284; x_wconf 90' lang='lat' dir='ltr'><strong>quatuorve</strong></span> <span class='ocrx_word' id='word_1_409' title='bbox 658 3212 729 3268; x_wconf 92' lang='lat' dir='ltr'><strong>locis</strong></span> <span class='ocrx_word' id='word_1_410' title='bbox 744 3213 865 3270; x_wconf 89' lang='lat' dir='ltr'><strong>Crantor</strong></span> <span class='ocrx_word' id='word_1_411' title='bbox 879 3219 951 3274; x_wconf 83' lang='lat' dir='ltr'><strong>cite·</strong></span> <span class='ocrx_word' id='word_1_412' title='bbox 996 3213 1065 3269; x_wconf 91' lang='lat' dir='ltr'><strong>dam·</strong></span> <span class='ocrx_word' id='word_1_413' title='bbox 1095 3226 1197 3270; x_wconf 89' lang='lat' dir='ltr'><strong>natura</strong></span> <span class='ocrx_word' id='word_1_414' title='bbox 1223 3226 1309 3289; x_wconf 89' lang='lat' dir='ltr'><strong>atque</strong></span> <span class='ocrx_word' id='word_1_415' title='bbox 1334 3217 1377 3270; x_wconf 91' lang='lat' dir='ltr'><strong>vis</strong></span> <span class='ocrx_word' id='word_1_416' title='bbox 1399 3217 1499 3287; x_wconf 76' lang='lat' dir='ltr'><strong>animi,</strong></span> <span class='ocrx_word' id='word_1_417' title='bbox 1528 3215 1652 3288; x_wconf 83' lang='lat' dir='ltr'><strong>sejuncta</strong></span> <span class='ocrx_word' id='word_1_418' title='bbox 1679 3217 1715 3271; x_wconf 93' lang='lat' dir='ltr'><strong>ab</strong></span> <span class='ocrx_word' id='word_1_419' title='bbox 1738 3217 1782 3271; x_wconf 92' lang='lat' dir='ltr'><strong>his</strong></span> 
     </span>
     <span class='ocr_line' id='line_1_33' title="bbox 168 3300 1781 3379; baseline 0.003 -26"><span class='ocrx_word' id='word_1_420' title='bbox 168 3311 226 3376; x_wconf 83' lang='lat' dir='ltr'><strong>tur,</strong></span> <span class='ocrx_word' id='word_1_421' title='bbox 238 3321 273 3358; x_wconf 82' lang='lat' dir='ltr'><strong>ex</strong></span> <span class='ocrx_word' id='word_1_422' title='bbox 285 3300 369 3373; x_wconf 86' lang='lat' dir='ltr'><strong>hujus</strong></span> <span class='ocrx_word' id='word_1_423' title='bbox 383 3310 476 3354; x_wconf 88' lang='lat' dir='ltr'><strong>tamen</strong></span> <span class='ocrx_word' id='word_1_424' title='bbox 490 3301 667 3375; x_wconf 87' lang='lat' dir='ltr'><strong>potissimum</strong></span> <span class='ocrx_word' id='word_1_425' title='bbox 681 3302 757 3357; x_wconf 91' lang='lat' dir='ltr'><strong>libro</strong></span> <span class='ocrx_word' id='word_1_426' title='bbox 772 3303 950 3377; x_wconf 84' lang='lat' dir='ltr'><strong>depromtam</strong></span> <span class='ocrx_word' id='word_1_427' title='bbox 994 3303 1103 3358; x_wconf 88' lang='lat' dir='ltr'><strong>usitatis</strong></span> <span class='ocrx_word' id='word_1_428' title='bbox 1120 3305 1254 3378; x_wconf 87' lang='lat' dir='ltr'><strong>notisque</strong></span> <span class='ocrx_word' id='word_1_429' title='bbox 1274 3305 1391 3363; x_wconf 88' lang='lat' dir='ltr'><strong>naturis.</strong></span> <span class='ocrx_word' id='word_1_430' title='bbox 1408 3306 1451 3360; x_wconf 91' lang='lat' dir='ltr'><strong>lta</strong></span> <span class='ocrx_word' id='word_1_431' title='bbox 1473 3304 1617 3379; x_wconf 88' lang='lat' dir='ltr'><strong>quidquid</strong></span> <span class='ocrx_word' id='word_1_432' title='bbox 1640 3314 1680 3359; x_wconf 88' lang='lat' dir='ltr'><strong>est</strong></span> <span class='ocrx_word' id='word_1_433' title='bbox 1694 3304 1781 3374; x_wconf 86' lang='lat' dir='ltr'><strong>illud,</strong></span> 
     </span>
     <span class='ocr_line' id='line_1_34' title="bbox 166 3387 1780 3468; baseline 0.001 -24"><span class='ocrx_word' id='word_1_434' title='bbox 166 3407 244 3460; x_wconf 80' lang='lat' dir='ltr'><strong>esse,</strong></span> <span class='ocrx_word' id='word_1_435' title='bbox 268 3405 434 3464; x_wconf 88' lang='lat' dir='ltr'><strong>persuasum</strong></span> <span class='ocrx_word' id='word_1_436' title='bbox 457 3387 605 3447; x_wconf 89' lang='lat' dir='ltr'><strong>habemus.</strong></span> <span class='ocrx_word' id='word_1_437' title='bbox 626 3392 667 3445; x_wconf 90' lang='lat' dir='ltr'><strong>Ac</strong></span> <span class='ocrx_word' id='word_1_438' title='bbox 689 3391 814 3463; x_wconf 92' lang='lat' dir='ltr'><strong>primum</strong></span> <span class='ocrx_word' id='word_1_439' title='bbox 835 3395 950 3467; x_wconf 90' lang='lat' dir='ltr'><strong>quidem</strong></span> <span class='ocrx_word' id='word_1_440' title='bbox 995 3390 1076 3465; x_wconf 90' lang='lat' dir='ltr'><strong>quod</strong></span> <span class='ocrx_word' id='word_1_441' title='bbox 1086 3393 1186 3460; x_wconf 88' lang='lat' dir='ltr'><strong>sentit,</strong></span> <span class='ocrx_word' id='word_1_442' title='bbox 1200 3392 1279 3466; x_wconf 90' lang='lat' dir='ltr'><strong>quod</strong></span> <span class='ocrx_word' id='word_1_443' title='bbox 1294 3394 1386 3468; x_wconf 88' lang='lat' dir='ltr'><strong>sapit,</strong></span> <span class='ocrx_word' id='word_1_444' title='bbox 1402 3392 1482 3468; x_wconf 91' lang='lat' dir='ltr'><strong>quod</strong></span> <span class='ocrx_word' id='word_1_445' title='bbox 1494 3392 1585 3463; x_wconf 87' lang='lat' dir='ltr'><strong>vivit,</strong></span> <span class='ocrx_word' id='word_1_446' title='bbox 1601 3393 1681 3468; x_wconf 91' lang='lat' dir='ltr'><strong>quod</strong></span> <span class='ocrx_word' id='word_1_447' title='bbox 1695 3393 1780 3466; x_wconf 85' lang='lat' dir='ltr'><strong>viget,</strong></span> 
     </span>
     <span class='ocr_line' id='line_1_35' title="bbox 166 3476 1782 3558; baseline 0.002 -26"><span class='ocrx_word' id='word_1_448' title='bbox 166 3490 289 3550; x_wconf 88' lang='lat' dir='ltr'><strong>utraque</strong></span> <span class='ocrx_word' id='word_1_449' title='bbox 306 3476 343 3532; x_wconf 93' lang='lat' dir='ltr'><strong>ad</strong></span> <span class='ocrx_word' id='word_1_450' title='bbox 365 3487 475 3552; x_wconf 90' lang='lat' dir='ltr'><strong>patrem</strong></span> <span class='ocrx_word' id='word_1_451' title='bbox 490 3478 597 3551; x_wconf 90' lang='lat' dir='ltr'><strong>scripta</strong></span> <span class='ocrx_word' id='word_1_452' title='bbox 616 3487 656 3533; x_wconf 90' lang='lat' dir='ltr'><strong>est</strong></span> <span class='ocrx_word' id='word_1_453' title='bbox 674 3477 824 3534; x_wconf 88' lang='lat' dir='ltr'><strong>immatura</strong></span> <span class='ocrx_word' id='word_1_454' title='bbox 846 3480 951 3538; x_wconf 90' lang='lat' dir='ltr'><strong>libero·</strong></span> <span class='ocrx_word' id='word_1_455' title='bbox 995 3481 1108 3535; x_wconf 88' lang='lat' dir='ltr'><strong>eoeleste</strong></span> <span class='ocrx_word' id='word_1_456' title='bbox 1124 3491 1153 3536; x_wconf 90' lang='lat' dir='ltr'><strong>et</strong></span> <span class='ocrx_word' id='word_1_457' title='bbox 1176 3481 1305 3549; x_wconf 80' lang='lat' dir='ltr'><strong>divinum</strong></span> <span class='ocrx_word' id='word_1_458' title='bbox 1320 3482 1359 3537; x_wconf 93' lang='lat' dir='ltr'><strong>ob</strong></span> <span class='ocrx_word' id='word_1_459' title='bbox 1381 3500 1502 3558; x_wconf 92' lang='lat' dir='ltr'><strong>eamque</strong></span> <span class='ocrx_word' id='word_1_460' title='bbox 1515 3501 1576 3538; x_wconf 92' lang='lat' dir='ltr'><strong>rem</strong></span> <span class='ocrx_word' id='word_1_461' title='bbox 1596 3493 1732 3537; x_wconf 89' lang='lat' dir='ltr'><strong>aeteruum</strong></span> <span class='ocrx_word' id='word_1_462' title='bbox 1745 3482 1782 3536; x_wconf 88' lang='lat' dir='ltr'><strong>sit</strong></span> 
     </span>
     <span class='ocr_line' id='line_1_36' title="bbox 170 3565 1780 3647; baseline 0.002 -27"><span class='ocrx_word' id='word_1_463' title='bbox 170 3584 235 3620; x_wconf 88' lang='lat' dir='ltr'><strong>rum</strong></span> <span class='ocrx_word' id='word_1_464' title='bbox 254 3574 346 3620; x_wconf 91' lang='lat' dir='ltr'><strong>morte</strong></span> <span class='ocrx_word' id='word_1_465' title='bbox 369 3565 494 3639; x_wconf 85' lang='lat' dir='ltr'><strong>graviter</strong></span> <span class='ocrx_word' id='word_1_466' title='bbox 508 3575 700 3636; x_wconf 84' lang='lat' dir='ltr'><strong>commotum3</strong></span> <span class='ocrx_word' id='word_1_467' title='bbox 718 3565 821 3622; x_wconf 90' lang='lat' dir='ltr'><strong>deiude</strong></span> <span class='ocrx_word' id='word_1_468' title='bbox 837 3568 949 3626; x_wconf 89' lang='lat' dir='ltr'><strong>Plutar·</strong></span> <span class='ocrx_word' id='word_1_469' title='bbox 995 3587 1108 3626; x_wconf 91' lang='lat' dir='ltr'><strong>neccsse</strong></span> <span class='ocrx_word' id='word_1_470' title='bbox 1122 3581 1171 3628; x_wconf 92' lang='lat' dir='ltr'><strong>est.</strong></span> <span class='ocrx_word' id='word_1_471' title='bbox 1188 3571 1246 3627; x_wconf 87' lang='lat' dir='ltr'><strong>Nec</strong></span> <span class='ocrx_word' id='word_1_472' title='bbox 1259 3590 1329 3628; x_wconf 87' lang='lat' dir='ltr'><strong>vero</strong></span> <span class='ocrx_word' id='word_1_473' title='bbox 1344 3569 1413 3628; x_wconf 91' lang='lat' dir='ltr'><strong>deus</strong></span> <span class='ocrx_word' id='word_1_474' title='bbox 1428 3574 1504 3647; x_wconf 90' lang='lat' dir='ltr'><strong>ipse,</strong></span> <span class='ocrx_word' id='word_1_475' title='bbox 1519 3573 1569 3647; x_wconf 89' lang='lat' dir='ltr'><strong>qui</strong></span> <span class='ocrx_word' id='word_1_476' title='bbox 1581 3571 1750 3644; x_wconf 84' lang='lat' dir='ltr'><strong>intelligitur</strong></span> <span class='ocrx_word' id='word_1_477' title='bbox 1764 3587 1780 3625; x_wconf 92' lang='lat' dir='ltr'><strong>a</strong></span> 
     </span>
     <span class='ocr_line' id='line_1_37' title="bbox 170 3651 1781 3735; baseline 0.002 -27"><span class='ocrx_word' id='word_1_478' title='bbox 170 3653 239 3709; x_wconf 89' lang='lat' dir='ltr'><strong>chea</strong></span> <span class='ocrx_word' id='word_1_479' title='bbox 253 3653 408 3708; x_wconf 88' lang='lat' dir='ltr'><strong>consolatio</strong></span> <span class='ocrx_word' id='word_1_480' title='bbox 423 3651 481 3708; x_wconf 83' lang='lat' dir='ltr'><strong>fere</strong></span> <span class='ocrx_word' id='word_1_481' title='bbox 496 3653 567 3707; x_wconf 91' lang='lat' dir='ltr'><strong>nihil</strong></span> <span class='ocrx_word' id='word_1_482' title='bbox 581 3654 726 3722; x_wconf 89' lang='lat' dir='ltr'><strong>continet,</strong></span> <span class='ocrx_word' id='word_1_483' title='bbox 744 3655 803 3710; x_wconf 88' lang='lat' dir='ltr'><strong>sive</strong></span> <span class='ocrx_word' id='word_1_484' title='bbox 817 3674 873 3726; x_wconf 88' lang='lat' dir='ltr'><strong>res,</strong></span> <span class='ocrx_word' id='word_1_485' title='bbox 888 3677 950 3732; x_wconf 88' lang='lat' dir='ltr'><strong>quae</strong></span> <span class='ocrx_word' id='word_1_486' title='bbox 994 3659 1091 3728; x_wconf 89' lang='lat' dir='ltr'><strong>uobis,</strong></span> <span class='ocrx_word' id='word_1_487' title='bbox 1108 3659 1163 3714; x_wconf 87' lang='lat' dir='ltr'><strong>alio</strong></span> <span class='ocrx_word' id='word_1_488' title='bbox 1177 3659 1265 3714; x_wconf 92' lang='lat' dir='ltr'><strong>modo</strong></span> <span class='ocrx_word' id='word_1_489' title='bbox 1276 3661 1396 3735; x_wconf 91' lang='lat' dir='ltr'><strong>intelligi</strong></span> <span class='ocrx_word' id='word_1_490' title='bbox 1405 3671 1515 3735; x_wconf 89' lang='lat' dir='ltr'><strong>potest,</strong></span> <span class='ocrx_word' id='word_1_491' title='bbox 1528 3660 1581 3714; x_wconf 91' lang='lat' dir='ltr'><strong>nisi</strong></span> <span class='ocrx_word' id='word_1_492' title='bbox 1596 3677 1673 3714; x_wconf 91' lang='lat' dir='ltr'><strong>mens</strong></span> <span class='ocrx_word' id='word_1_493' title='bbox 1687 3659 1781 3713; x_wconf 91' lang='lat' dir='ltr'><strong>soluta</strong></span> 
     </span>
     <span class='ocr_line' id='line_1_38' title="bbox 167 3741 1781 3825; baseline 0.004 -29"><span class='ocrx_word' id='word_1_494' title='bbox 167 3749 370 3809; x_wconf 89' lang='lat' dir='ltr'><strong>memorantur,</strong></span> <span class='ocrx_word' id='word_1_495' title='bbox 386 3741 444 3796; x_wconf 90' lang='lat' dir='ltr'><strong>sive</strong></span> <span class='ocrx_word' id='word_1_496' title='bbox 458 3741 631 3815; x_wconf 89' lang='lat' dir='ltr'><strong>scriptorum</strong></span> <span class='ocrx_word' id='word_1_497' title='bbox 645 3743 795 3798; x_wconf 87' lang='lat' dir='ltr'><strong>sententias</strong></span> <span class='ocrx_word' id='word_1_498' title='bbox 808 3746 949 3820; x_wconf 87' lang='lat' dir='ltr'><strong>respicias,</strong></span> <span class='ocrx_word' id='word_1_499' title='bbox 995 3747 1123 3822; x_wconf 77' lang='lat' dir='ltr'><strong>quadarn</strong></span> <span class='ocrx_word' id='word_1_500' title='bbox 1138 3758 1166 3803; x_wconf 91' lang='lat' dir='ltr'><strong>et</strong></span> <span class='ocrx_word' id='word_1_501' title='bbox 1180 3748 1284 3820; x_wconf 87' lang='lat' dir='ltr'><strong>libera,</strong></span> <span class='ocrx_word' id='word_1_502' title='bbox 1298 3761 1444 3825; x_wconf 88' lang='lat' dir='ltr'><strong>segregata</strong></span> <span class='ocrx_word' id='word_1_503' title='bbox 1455 3750 1490 3804; x_wconf 93' lang='lat' dir='ltr'><strong>ab</strong></span> <span class='ocrx_word' id='word_1_504' title='bbox 1502 3751 1581 3803; x_wconf 90' lang='lat' dir='ltr'><strong>omni</strong></span> <span class='ocrx_word' id='word_1_505' title='bbox 1597 3748 1781 3802; x_wconf 86' lang='lat' dir='ltr'><strong>concretione</strong></span> 
     </span>
     <span class='ocr_line' id='line_1_39' title="bbox 165 3827 1778 3909; baseline 0.002 -24"><span class='ocrx_word' id='word_1_506' title='bbox 165 3848 229 3906; x_wconf 87' lang='lat' dir='ltr'><strong>quae</strong></span> <span class='ocrx_word' id='word_1_507' title='bbox 244 3827 397 3886; x_wconf 88' lang='lat' dir='ltr'><strong>testimonii</strong></span> <span class='ocrx_word' id='word_1_508' title='bbox 414 3847 498 3885; x_wconf 90' lang='lat' dir='ltr'><strong>causa</strong></span> <span class='ocrx_word' id='word_1_509' title='bbox 516 3829 684 3900; x_wconf 85' lang='lat' dir='ltr'><strong>afferuntur,</strong></span> <span class='ocrx_word' id='word_1_510' title='bbox 700 3831 778 3905; x_wconf 80' lang='lat' dir='ltr'><strong>quoti</strong></span> <span class='ocrx_word' id='word_1_511' title='bbox 793 3838 949 3892; x_wconf 88' lang='lat' dir='ltr'><strong>necessario</strong></span> <span class='ocrx_word' id='word_1_512' title='bbox 993 3835 1126 3902; x_wconf 90' lang='lat' dir='ltr'><strong>mortali,</strong></span> <span class='ocrx_word' id='word_1_513' title='bbox 1143 3837 1238 3890; x_wconf 91' lang='lat' dir='ltr'><strong>omnia</strong></span> <span class='ocrx_word' id='word_1_514' title='bbox 1252 3837 1374 3891; x_wconf 90' lang='lat' dir='ltr'><strong>sentiens</strong></span> <span class='ocrx_word' id='word_1_515' title='bbox 1394 3847 1422 3892; x_wconf 91' lang='lat' dir='ltr'><strong>et</strong></span> <span class='ocrx_word' id='word_1_516' title='bbox 1439 3855 1556 3892; x_wconf 89' lang='lat' dir='ltr'><strong>movens</strong></span> <span class='ocrx_word' id='word_1_517' title='bbox 1571 3837 1688 3909; x_wconf 86' lang='lat' dir='ltr'><strong>ipsaque</strong></span> <span class='ocrx_word' id='word_1_518' title='bbox 1702 3853 1778 3909; x_wconf 80' lang='lat' dir='ltr'><strong>prae-</strong></span> 
     </span>
     <span class='ocr_line' id='line_1_40' title="bbox 166 3917 1419 4001; baseline 0.009 -29"><span class='ocrx_word' id='word_1_519' title='bbox 166 3917 322 3973; x_wconf 88' lang='lat' dir='ltr'><strong>contendas</strong></span> <span class='ocrx_word' id='word_1_520' title='bbox 333 3917 478 3974; x_wconf 88' lang='lat' dir='ltr'><strong>Crantoris</strong></span> <span class='ocrx_word' id='word_1_521' title='bbox 492 3917 589 3973; x_wconf 92' lang='lat' dir='ltr'><strong>libello</strong></span> <span class='ocrx_word' id='word_1_522' title='bbox 602 3921 742 3993; x_wconf 87' lang='lat' dir='ltr'><strong>posterius</strong></span> <span class='ocrx_word' id='word_1_523' title='bbox 757 3937 835 3989; x_wconf 91' lang='lat' dir='ltr'><strong>esse;</strong></span> <span class='ocrx_word' id='word_1_524' title='bbox 850 3933 949 3996; x_wconf 86' lang='lat' dir='ltr'><strong>poeta·</strong></span> <span class='ocrx_word' id='word_1_525' title='bbox 994 3921 1053 3978; x_wconf 91' lang='lat' dir='ltr'><strong>dita</strong></span> <span class='ocrx_word' id='word_1_526' title='bbox 1067 3933 1148 3978; x_wconf 87' lang='lat' dir='ltr'><strong>motu</strong></span> <span class='ocrx_word' id='word_1_527' title='bbox 1161 3924 1333 3996; x_wconf 91' lang='lat' dir='ltr'><strong>sempiterno</strong></span> <span class='ocrx_word' id='word_1_528' title='bbox 1348 3920 1419 4001; x_wconf 75' lang='lat'><strong>(54).</strong></span> 
     </span>
     <span class='ocr_line' id='line_1_41' title="bbox 166 4007 1779 4088; baseline 0.006 -28"><span class='ocrx_word' id='word_1_529' title='bbox 166 4025 230 4061; x_wconf 91' lang='lat' dir='ltr'><strong>rum</strong></span> <span class='ocrx_word' id='word_1_530' title='bbox 252 4016 347 4062; x_wconf 90' lang='lat' dir='ltr'><strong>autem</strong></span> <span class='ocrx_word' id='word_1_531' title='bbox 365 4024 476 4074; x_wconf 79' lang='lat' dir='ltr'><strong>versus,</strong></span> <span class='ocrx_word' id='word_1_532' title='bbox 494 4007 543 4079; x_wconf 92' lang='lat' dir='ltr'><strong>qui</strong></span> <span class='ocrx_word' id='word_1_533' title='bbox 565 4007 739 4064; x_wconf 83' lang='lat' dir='ltr'><strong>Plutareheae</strong></span> <span class='ocrx_word' id='word_1_534' title='bbox 754 4009 878 4064; x_wconf 90' lang='lat' dir='ltr'><strong>orationi</strong></span> <span class='ocrx_word' id='word_1_535' title='bbox 898 4012 950 4067; x_wconf 91' lang='lat' dir='ltr'><strong>ad·</strong></span> <span class='ocrx_word' id='word_1_536' title='bbox 1033 4011 1115 4066; x_wconf 89' lang='lat' dir='ltr'><strong>Multi</strong></span> <span class='ocrx_word' id='word_1_537' title='bbox 1130 4021 1224 4066; x_wconf 89' lang='lat' dir='ltr'><strong>autem</strong></span> <span class='ocrx_word' id='word_1_538' title='bbox 1239 4011 1318 4084; x_wconf 90' lang='lat' dir='ltr'><strong>iique</strong></span> <span class='ocrx_word' id='word_1_539' title='bbox 1329 4013 1469 4087; x_wconf 88' lang='lat' dir='ltr'><strong>sapientes</strong></span> <span class='ocrx_word' id='word_1_540' title='bbox 1482 4013 1536 4069; x_wconf 89' lang='lat' dir='ltr'><strong>viri</strong></span> <span class='ocrx_word' id='word_1_541' title='bbox 1551 4031 1611 4068; x_wconf 92' lang='lat' dir='ltr'><strong>non</strong></span> <span class='ocrx_word' id='word_1_542' title='bbox 1629 4031 1707 4069; x_wconf 89' lang='lat' dir='ltr'><strong>nunc</strong></span> <span class='ocrx_word' id='word_1_543' title='bbox 1719 4013 1779 4088; x_wconf 87' lang='lat' dir='ltr'><strong>pri·</strong></span> 
     </span>
     <span class='ocr_line' id='line_1_42' title="bbox 165 4093 1779 4176; baseline 0.006 -27"><span class='ocrx_word' id='word_1_544' title='bbox 165 4096 246 4150; x_wconf 79' lang='lat' dir='ltr'><strong>mixti</strong></span> <span class='ocrx_word' id='word_1_545' title='bbox 272 4105 356 4164; x_wconf 89' lang='lat' dir='ltr'><strong>sunt,</strong></span> <span class='ocrx_word' id='word_1_546' title='bbox 382 4112 416 4149; x_wconf 81' lang='lat' dir='ltr'><strong>ex</strong></span> <span class='ocrx_word' id='word_1_547' title='bbox 439 4093 542 4150; x_wconf 89' lang='lat' dir='ltr'><strong>eodem</strong></span> <span class='ocrx_word' id='word_1_548' title='bbox 577 4096 656 4152; x_wconf 86' lang='lat' dir='ltr'><strong>fonte</strong></span> <span class='ocrx_word' id='word_1_549' title='bbox 682 4097 775 4152; x_wconf 92' lang='lat' dir='ltr'><strong>hausti</strong></span> <span class='ocrx_word' id='word_1_550' title='bbox 786 4131 791 4142; x_wconf 93' lang='lat'><em>·</em></span> <span class='ocrx_word' id='word_1_551' title='bbox 802 4098 946 4162; x_wconf 88' lang='lat' dir='ltr'><strong>videntur.</strong></span> <span class='ocrx_word' id='word_1_552' title='bbox 993 4107 1071 4153; x_wconf 83' lang='lat' dir='ltr'><strong>mtrm</strong></span> <span class='ocrx_word' id='word_1_553' title='bbox 1082 4098 1305 4173; x_wconf 86' lang='lat' dir='ltr'><strong>deploraverunt</strong></span> <span class='ocrx_word' id='word_1_554' title='bbox 1320 4119 1364 4157; x_wconf 92' lang='lat' dir='ltr'><strong>res</strong></span> <span class='ocrx_word' id='word_1_555' title='bbox 1378 4101 1529 4172; x_wconf 88' lang='lat' dir='ltr'><strong>humanas,</strong></span> <span class='ocrx_word' id='word_1_556' title='bbox 1543 4103 1629 4158; x_wconf 86' lang='lat' dir='ltr'><strong>vitam</strong></span> <span class='ocrx_word' id='word_1_557' title='bbox 1641 4121 1699 4158; x_wconf 90' lang='lat' dir='ltr'><strong>csse</strong></span> <span class='ocrx_word' id='word_1_558' title='bbox 1713 4121 1779 4176; x_wconf 79' lang='lat' dir='ltr'><strong>sup·</strong></span> 
     </span>
     <span class='ocr_line' id='line_1_43' title="bbox 164 4183 1779 4262; baseline 0.006 -25"><span class='ocrx_word' id='word_1_559' title='bbox 164 4183 305 4238; x_wconf 84' lang='lat' dir='ltr'><strong>Nimirum</strong></span> <span class='ocrx_word' id='word_1_560' title='bbox 331 4183 449 4238; x_wconf 85' lang='lat' dir='ltr'><strong>llomeri</strong></span> <span class='ocrx_word' id='word_1_561' title='bbox 473 4193 502 4238; x_wconf 90' lang='lat' dir='ltr'><strong>et</strong></span> <span class='ocrx_word' id='word_1_562' title='bbox 528 4183 675 4258; x_wconf 85' lang='lat' dir='ltr'><strong>Euripidis</strong></span> <span class='ocrx_word' id='word_1_563' title='bbox 696 4184 752 4240; x_wconf 89' lang='lat' dir='ltr'><strong>loci</strong></span> <span class='ocrx_word' id='word_1_564' title='bbox 780 4197 861 4256; x_wconf 91' lang='lat' dir='ltr'><strong>sunt,</strong></span> <span class='ocrx_word' id='word_1_565' title='bbox 879 4207 950 4262; x_wconf 88' lang='lat' dir='ltr'><strong>quos</strong></span> <span class='ocrx_word' id='word_1_566' title='bbox 995 4185 1113 4260; x_wconf 88' lang='lat' dir='ltr'><strong>plicium</strong></span> <span class='ocrx_word' id='word_1_567' title='bbox 1133 4185 1311 4259; x_wconf 88' lang='lat' dir='ltr'><strong>judicantes,</strong></span> <span class='ocrx_word' id='word_1_568' title='bbox 1334 4200 1363 4245; x_wconf 91' lang='lat' dir='ltr'><strong>et</strong></span> <span class='ocrx_word' id='word_1_569' title='bbox 1389 4191 1507 4246; x_wconf 90' lang='lat' dir='ltr'><strong>omnino</strong></span> <span class='ocrx_word' id='word_1_570' title='bbox 1532 4192 1610 4247; x_wconf 88' lang='lat' dir='ltr'><strong>nasci</strong></span> <span class='ocrx_word' id='word_1_571' title='bbox 1632 4192 1779 4248; x_wconf 89' lang='lat' dir='ltr'><strong>hominem</strong></span> 
     </span>
     <span class='ocr_line' id='line_1_44' title="bbox 164 4268 1777 4358; baseline 0.007 -34"><span class='ocrx_word' id='word_1_572' title='bbox 164 4271 385 4345; x_wconf 84' lang='lat' dir='ltr'><strong>poetnsSolensi</strong></span> <span class='ocrx_word' id='word_1_573' title='bbox 400 4268 575 4344; x_wconf 92' lang='lat' dir='ltr'><strong>philosopho</strong></span> <span class='ocrx_word' id='word_1_574' title='bbox 592 4272 621 4326; x_wconf 92' lang='lat' dir='ltr'><strong>in</strong></span> <span class='ocrx_word' id='word_1_575' title='bbox 639 4271 747 4327; x_wconf 88' lang='lat' dir='ltr'><strong>deliciis</strong></span> <span class='ocrx_word' id='word_1_576' title='bbox 769 4271 948 4352; x_wconf 81' lang='lat' dir='ltr'><strong>fuissesupra</strong></span> <span class='ocrx_word' id='word_1_577' title='bbox 993 4293 1130 4356; x_wconf 89' lang='lat' dir='ltr'><strong>summam</strong></span> <span class='ocrx_word' id='word_1_578' title='bbox 1164 4277 1353 4334; x_wconf 87' lang='lat' dir='ltr'><strong>calamitatem</strong></span> <span class='ocrx_word' id='word_1_579' title='bbox 1386 4277 1522 4335; x_wconf 88' lang='lat' dir='ltr'><strong>ducentes</strong></span> <span class='ocrx_word' id='word_1_580' title='bbox 1556 4275 1627 4358; x_wconf 82' lang='lat'><strong>(55).</strong></span> <span class='ocrx_word' id='word_1_581' title='bbox 1666 4281 1777 4336; x_wconf 85' lang='lat' dir='ltr'><strong>Etenim</strong></span> 
     </span>
    </p>
   </div>
   <div class='ocr_carea' id='block_1_4' title="bbox 165 4358 1778 4433">
    <p class='ocr_par' dir='ltr' id='par_1_4' title="bbox 165 4358 1778 4433">
     <span class='ocr_line' id='line_1_45' title="bbox 165 4358 1778 4433; baseline 0.011 -20"><span class='ocrx_word' id='word_1_582' title='bbox 165 4359 372 4414; x_wconf 74' lang='lat' dir='ltr'><strong>annotavimus.</strong></span> <span class='ocrx_word' id='word_1_583' title='bbox 388 4359 519 4432; x_wconf 88' lang='lat' dir='ltr'><strong>Denique</strong></span> <span class='ocrx_word' id='word_1_584' title='bbox 533 4358 664 4433; x_wconf 71' lang='lat' dir='ltr'><strong>quaedam</strong></span> <span class='ocrx_word' id='word_1_585' title='bbox 679 4361 774 4416; x_wconf 91' lang='lat' dir='ltr'><strong>insunt</strong></span> <span class='ocrx_word' id='word_1_586' title='bbox 787 4363 818 4416; x_wconf 90' lang='lat' dir='ltr'><strong>in</strong></span> <span class='ocrx_word' id='word_1_587' title='bbox 834 4363 944 4420; x_wconf 89' lang='lat' dir='ltr'><strong>Plutar·</strong></span> <span class='ocrx_word' id='word_1_588' title='bbox 992 4368 1164 4424; x_wconf 82' lang='lat' dir='ltr'><strong>luendorum</strong></span> <span class='ocrx_word' id='word_1_589' title='bbox 1194 4371 1334 4426; x_wconf 90' lang='lat' dir='ltr'><strong>scelerum</strong></span> <span class='ocrx_word' id='word_1_590' title='bbox 1375 4390 1460 4428; x_wconf 89' lang='lat' dir='ltr'><strong>causa</strong></span> <span class='ocrx_word' id='word_1_591' title='bbox 1493 4383 1648 4430; x_wconf 89' lang='lat' dir='ltr'><strong>nascuntur</strong></span> <span class='ocrx_word' id='word_1_592' title='bbox 1678 4375 1778 4431; x_wconf 93' lang='lat' dir='ltr'><strong>homi-</strong></span> 
     </span>
    </p>
   </div>
   <div class='ocr_carea' id='block_1_5' title="bbox 176 4495 1482 4522">
    <p class='ocr_par' dir='ltr' id='par_1_5' title="bbox 176 4495 1482 4522">
     <span class='ocr_line' id='line_1_46' title="bbox 176 4495 1482 4522; baseline 0.009 -17"><span class='ocrx_word' id='word_1_593' title='bbox 176 4495 1482 4522; x_wconf 55' lang='grc' dir='ltr'>Ἢ</span> 
     </span>
    </p>
   </div>
   <div class='ocr_carea' id='block_1_6' title="bbox 164 4574 1844 5372">
    <p class='ocr_par' dir='ltr' id='par_1_6' title="bbox 164 4574 1844 5220">
     <span class='ocr_line' id='line_1_47' title="bbox 165 4574 1844 4658; baseline 0.013 -34"><span class='ocrx_word' id='word_1_594' title='bbox 165 4576 216 4624; x_wconf 78' lang='lat' dir='ltr'><strong>VT.</strong></span> <span class='ocrx_word' id='word_1_595' title='bbox 231 4576 250 4624; x_wconf 94' lang='lat' dir='ltr'><strong>l.</strong></span> <span class='ocrx_word' id='word_1_596' title='bbox 267 4577 296 4626; x_wconf 90' lang='lat' dir='ltr'><strong>P.</strong></span> <span class='ocrx_word' id='word_1_597' title='bbox 309 4577 340 4636; x_wconf 89' lang='lat' dir='ltr'><strong>ll,</strong></span> <span class='ocrx_word' id='word_1_598' title='bbox 354 4589 379 4638; x_wconf 88' lang='lat' dir='ltr'><strong>p.</strong></span> <span class='ocrx_word' id='word_1_599' title='bbox 391 4579 437 4626; x_wconf 75' lang='lat' dir='ltr'><strong>tut</strong></span> <span class='ocrx_word' id='word_1_600' title='bbox 450 4574 490 4625; x_wconf 89' lang='lat' dir='ltr'><strong>ed.</strong></span> <span class='ocrx_word' id='word_1_601' title='bbox 506 4575 596 4658; x_wconf 79' lang='lat' dir='ltr'><strong>Bened.</strong></span> <span class='ocrx_word' id='word_1_602' title='bbox 610 4577 731 4628; x_wconf 86' lang='lat' dir='ltr'><strong>Pulvillus</strong></span> <span class='ocrx_word' id='word_1_603' title='bbox 744 4580 890 4656; x_wconf 81' lang='lat' dir='ltr'><strong>capitolium</strong></span> <span class='ocrx_word' id='word_1_604' title='bbox 906 4583 949 4634; x_wconf 87' lang='lat' dir='ltr'><strong>de·</strong></span> <span class='ocrx_word' id='word_1_605' title='bbox 993 4599 1033 4638; x_wconf 92' lang='lat' dir='ltr'><strong>res</strong></span> <span class='ocrx_word' id='word_1_606' title='bbox 1052 4589 1213 4654; x_wconf 87' lang='lat' dir='ltr'><strong>transcriptos</strong></span> <span class='ocrx_word' id='word_1_607' title='bbox 1230 4591 1262 4642; x_wconf 89' lang='lat' dir='ltr'><strong>ad</strong></span> <span class='ocrx_word' id='word_1_608' title='bbox 1281 4591 1384 4643; x_wconf 90' lang='lat' dir='ltr'><strong>verbum</strong></span> <span class='ocrx_word' id='word_1_609' title='bbox 1398 4607 1480 4657; x_wconf 89' lang='lat' dir='ltr'><strong>neque</strong></span> <span class='ocrx_word' id='word_1_610' title='bbox 1501 4596 1655 4652; x_wconf 84' lang='lat' dir='ltr'><strong>nominatos.</strong></span> <span class='ocrx_word' id='word_1_611' title='bbox 1673 4609 1720 4645; x_wconf 90' lang='lat' dir='ltr'><strong>nou</strong></span> <span class='ocrx_word' id='word_1_612' title='bbox 1738 4596 1777 4645; x_wconf 86' lang='lat' dir='ltr'><strong>illa</strong></span> <span class='ocrx_word' id='word_1_613' title='bbox 1839 4599 1844 4608; x_wconf 69' lang='lat'><strong>⁴</strong></span> 
     </span>
     <span class='ocr_line' id='line_1_48' title="bbox 165 4643 1777 4728; baseline 0.012 -34"><span class='ocrx_word' id='word_1_614' title='bbox 165 4643 268 4706; x_wconf 76' lang='lat' dir='ltr'><strong>dimus,</strong></span> <span class='ocrx_word' id='word_1_615' title='bbox 284 4649 409 4728; x_wconf 74' lang='lat' dir='ltr'><strong>mortuum</strong></span> <span class='ocrx_word' id='word_1_616' title='bbox 422 4647 451 4694; x_wconf 87' lang='lat' dir='ltr'><strong>ut</strong></span> <span class='ocrx_word' id='word_1_617' title='bbox 463 4645 625 4697; x_wconf 84' lang='lat' dir='ltr'><strong>nuntiabatur</strong></span> <span class='ocrx_word' id='word_1_618' title='bbox 639 4647 720 4698; x_wconf 91' lang='lat' dir='ltr'><strong>subito</strong></span> <span class='ocrx_word' id='word_1_619' title='bbox 734 4649 825 4711; x_wconf 84' lang='lat' dir='ltr'><strong>hlium,</strong></span> <span class='ocrx_word' id='word_1_620' title='bbox 837 4665 864 4702; x_wconf 89' lang='lat' dir='ltr'><strong>se</strong></span> <span class='ocrx_word' id='word_1_621' title='bbox 875 4652 950 4714; x_wconf 86' lang='lat' dir='ltr'><strong>jussit</strong></span> <span class='ocrx_word' id='word_1_622' title='bbox 992 4659 1127 4721; x_wconf 81' lang='lat' dir='ltr'><strong>Virgiliana</strong></span> <span class='ocrx_word' id='word_1_623' title='bbox 1141 4663 1249 4720; x_wconf 85' lang='lat' dir='ltr'><strong>virtute.</strong></span> <span class='ocrx_word' id='word_1_624' title='bbox 1264 4664 1293 4711; x_wconf 91' lang='lat' dir='ltr'><strong>ut</strong></span> <span class='ocrx_word' id='word_1_625' title='bbox 1304 4667 1425 4712; x_wconf 87' lang='lat' dir='ltr'><strong>certarent</strong></span> <span class='ocrx_word' id='word_1_626' title='bbox 1435 4701 1442 4726; x_wconf 96' lang='lat'><strong>,</strong></span> <span class='ocrx_word' id='word_1_627' title='bbox 1454 4677 1502 4714; x_wconf 89' lang='lat' dir='ltr'><strong>non</strong></span> <span class='ocrx_word' id='word_1_628' title='bbox 1514 4664 1671 4715; x_wconf 83' lang='lat' dir='ltr'><strong>ciceroniana</strong></span> <span class='ocrx_word' id='word_1_629' title='bbox 1686 4665 1777 4728; x_wconf 89' lang='lat' dir='ltr'><strong>simpli·</strong></span> 
     </span>
     <span class='ocr_line' id='line_1_49' title="bbox 165 4715 1775 4798; baseline 0.014 -33"><span class='ocrx_word' id='word_1_630' title='bbox 165 4716 266 4798; x_wconf 82' lang='lat' dir='ltr'><strong>absente¹</strong></span> <span class='ocrx_word' id='word_1_631' title='bbox 279 4715 386 4796; x_wconf 85' lang='lat' dir='ltr'><strong>sepclm.</strong></span> <span class='ocrx_word' id='word_1_632' title='bbox 400 4717 541 4798; x_wconf 55' lang='lat' dir='ltr'><strong>laifranus</strong></span> <span class='ocrx_word' id='word_1_633' title='bbox 556 4721 651 4782; x_wconf 88' lang='lat' dir='ltr'><strong>septem</strong></span> <span class='ocrx_word' id='word_1_634' title='bbox 665 4718 752 4769; x_wconf 87' lang='lat' dir='ltr'><strong>diebus</strong></span> <span class='ocrx_word' id='word_1_635' title='bbox 768 4721 949 4774; x_wconf 89' lang='lat' dir='ltr'><strong>interduomm</strong></span> <span class='ocrx_word' id='word_1_636' title='bbox 994 4729 1083 4790; x_wconf 83' lang='lat' dir='ltr'><strong>citata,</strong></span> <span class='ocrx_word' id='word_1_637' title='bbox 1102 4731 1143 4793; x_wconf 90' lang='lat' dir='ltr'><strong>qui</strong></span> <span class='ocrx_word' id='word_1_638' title='bbox 1167 4731 1192 4780; x_wconf 88' lang='lat' dir='ltr'><strong>in</strong></span> <span class='ocrx_word' id='word_1_639' title='bbox 1210 4731 1278 4781; x_wconf 87' lang='lat' dir='ltr'><strong>libris</strong></span> <span class='ocrx_word' id='word_1_640' title='bbox 1298 4733 1329 4783; x_wconf 91' lang='lat' dir='ltr'><strong>de</strong></span> <span class='ocrx_word' id='word_1_641' title='bbox 1342 4734 1474 4798; x_wconf 78' lang='lat' dir='ltr'><strong>Republica</strong></span> <span class='ocrx_word' id='word_1_642' title='bbox 1495 4735 1604 4786; x_wconf 87' lang='lat' dir='ltr'><strong>Platonis</strong></span> <span class='ocrx_word' id='word_1_643' title='bbox 1618 4749 1646 4786; x_wconf 88' lang='lat' dir='ltr'><strong>se</strong></span> <span class='ocrx_word' id='word_1_644' title='bbox 1661 4737 1775 4787; x_wconf 88' lang='lat' dir='ltr'><strong>comitem</strong></span> 
     </span>
     <span class='ocr_line' id='line_1_50' title="bbox 166 4786 1776 4869; baseline 0.015 -35"><span class='ocrx_word' id='word_1_645' title='bbox 166 4799 296 4868; x_wconf 77' lang='lat' dir='ltr'><strong>exsequum</strong></span> <span class='ocrx_word' id='word_1_646' title='bbox 309 4786 415 4868; x_wconf 73' lang='lat' dir='ltr'><strong>liliorum</strong></span> <span class='ocrx_word' id='word_1_647' title='bbox 424 4787 580 4851; x_wconf 79' lang='lat' dir='ltr'><strong>triumphans</strong></span> <span class='ocrx_word' id='word_1_648' title='bbox 590 4789 677 4839; x_wconf 89' lang='lat' dir='ltr'><strong>urbem</strong></span> <span class='ocrx_word' id='word_1_649' title='bbox 687 4791 812 4854; x_wconf 82' lang='lat' dir='ltr'><strong>ingressus</strong></span> <span class='ocrx_word' id='word_1_650' title='bbox 823 4797 869 4842; x_wconf 90' lang='lat' dir='ltr'><strong>cst.</strong></span> <span class='ocrx_word' id='word_1_651' title='bbox 883 4797 949 4844; x_wconf 80' lang='lat' dir='ltr'><strong>Pras·</strong></span> <span class='ocrx_word' id='word_1_652' title='bbox 991 4799 1130 4863; x_wconf 81' lang='lat' dir='ltr'><strong>profitetur,</strong></span> <span class='ocrx_word' id='word_1_653' title='bbox 1145 4801 1170 4850; x_wconf 92' lang='lat' dir='ltr'><strong>in</strong></span> <span class='ocrx_word' id='word_1_654' title='bbox 1183 4803 1356 4852; x_wconf 84' lang='lat' dir='ltr'><strong>Consolatione</strong></span> <span class='ocrx_word' id='word_1_655' title='bbox 1371 4805 1441 4863; x_wconf 80' lang='lat' dir='ltr'><strong>lilim,</strong></span> <span class='ocrx_word' id='word_1_656' title='bbox 1457 4806 1616 4864; x_wconf 79' lang='lat' dir='ltr'><strong>Creatorem,</strong></span> <span class='ocrx_word' id='word_1_657' title='bbox 1628 4807 1720 4869; x_wconf 88' lang='lat' dir='ltr'><strong>inquit,</strong></span> <span class='ocrx_word' id='word_1_658' title='bbox 1737 4821 1776 4858; x_wconf 87' lang='lat' dir='ltr'><strong>se·</strong></span> 
     </span>
     <span class='ocr_line' id='line_1_51' title="bbox 166 4857 1775 4941; baseline 0.014 -35"><span class='ocrx_word' id='word_1_659' title='bbox 166 4859 276 4906; x_wconf 81' lang='lat' dir='ltr'><strong>termuto</strong></span> <span class='ocrx_word' id='word_1_660' title='bbox 296 4858 433 4916; x_wconf 80' lang='lat' dir='ltr'><strong>tiermes,</strong></span> <span class='ocrx_word' id='word_1_661' title='bbox 450 4857 571 4920; x_wconf 77' lang='lat' dir='ltr'><strong>Catones,</strong></span> <span class='ocrx_word' id='word_1_662' title='bbox 586 4859 683 4920; x_wconf 84' lang='lat' dir='ltr'><strong>Gallos,</strong></span> <span class='ocrx_word' id='word_1_663' title='bbox 704 4861 820 4923; x_wconf 85' lang='lat' dir='ltr'><strong>Pisones,</strong></span> <span class='ocrx_word' id='word_1_664' title='bbox 838 4866 946 4926; x_wconf 84' lang='lat' dir='ltr'><strong>Brutos,</strong></span> <span class='ocrx_word' id='word_1_665' title='bbox 992 4882 1061 4932; x_wconf 80' lang='lat' dir='ltr'><strong>quor,</strong></span> <span class='ocrx_word' id='word_1_666' title='bbox 1079 4869 1138 4919; x_wconf 89' lang='lat' dir='ltr'><strong>item</strong></span> <span class='ocrx_word' id='word_1_667' title='bbox 1155 4873 1291 4922; x_wconf 75' lang='lat' dir='ltr'><strong>Penatium</strong></span> <span class='ocrx_word' id='word_1_668' title='bbox 1312 4873 1343 4923; x_wconf 87' lang='lat' dir='ltr'><strong>de</strong></span> <span class='ocrx_word' id='word_1_669' title='bbox 1364 4874 1471 4936; x_wconf 84' lang='lat' dir='ltr'><strong>Officiis,</strong></span> <span class='ocrx_word' id='word_1_670' title='bbox 1498 4889 1556 4939; x_wconf 77' lang='lat' dir='ltr'><strong>qum</strong></span> <span class='ocrx_word' id='word_1_671' title='bbox 1577 4877 1703 4927; x_wconf 85' lang='lat' dir='ltr'><strong>volumine</strong></span> <span class='ocrx_word' id='word_1_672' title='bbox 1722 4878 1775 4941; x_wconf 81' lang='lat' dir='ltr'><strong>ejus</strong></span> 
     </span>
     <span class='ocr_line' id='line_1_52' title="bbox 165 4925 1773 5008; baseline 0.015 -31"><span class='ocrx_word' id='word_1_673' title='bbox 165 4927 302 4984; x_wconf 78' lang='lat' dir='ltr'><strong>scutulas,</strong></span> <span class='ocrx_word' id='word_1_674' title='bbox 320 4925 447 5008; x_wconf 73' lang='lat' dir='ltr'><strong>Metellos,</strong></span> <span class='ocrx_word' id='word_1_675' title='bbox 464 4930 584 4989; x_wconf 88' lang='lat' dir='ltr'><strong>Scauros,</strong></span> <span class='ocrx_word' id='word_1_676' title='bbox 597 4931 702 4992; x_wconf 79' lang='lat' dir='ltr'><strong>Marios,</strong></span> <span class='ocrx_word' id='word_1_677' title='bbox 717 4935 830 4994; x_wconf 80' lang='lat' dir='ltr'><strong>Crassos,</strong></span> <span class='ocrx_word' id='word_1_678' title='bbox 848 4938 949 4988; x_wconf 85' lang='lat' dir='ltr'><strong>hlarccl-</strong></span> <span class='ocrx_word' id='word_1_679' title='bbox 991 4939 1137 5000; x_wconf 88' lang='lat' dir='ltr'><strong>ediscenda,</strong></span> <span class='ocrx_word' id='word_1_680' title='bbox 1148 4955 1196 4991; x_wconf 91' lang='lat' dir='ltr'><strong>non</strong></span> <span class='ocrx_word' id='word_1_681' title='bbox 1205 4942 1278 4992; x_wconf 90' lang='lat' dir='ltr'><strong>modo</strong></span> <span class='ocrx_word' id='word_1_682' title='bbox 1291 4943 1317 4993; x_wconf 91' lang='lat' dir='ltr'><strong>in</strong></span> <span class='ocrx_word' id='word_1_683' title='bbox 1329 4945 1444 4994; x_wconf 87' lang='lat' dir='ltr'><strong>menibus</strong></span> <span class='ocrx_word' id='word_1_684' title='bbox 1455 4947 1565 5008; x_wconf 89' lang='lat' dir='ltr'><strong>quotidie</strong></span> <span class='ocrx_word' id='word_1_685' title='bbox 1577 4946 1690 4999; x_wconf 88' lang='lat' dir='ltr'><strong>habenda</strong></span> <span class='ocrx_word' id='word_1_686' title='bbox 1701 4955 1773 5002; x_wconf 79' lang='lat' dir='ltr'><strong>nosti.</strong></span> 
     </span>
     <span class='ocr_line' id='line_1_53' title="bbox 164 4996 1773 5081; baseline 0.014 -33"><span class='ocrx_word' id='word_1_687' title='bbox 164 4996 202 5048; x_wconf 88' lang='lat' dir='ltr'><strong>los</strong></span> <span class='ocrx_word' id='word_1_688' title='bbox 215 5000 289 5077; x_wconf 83' lang='lat' dir='ltr'><strong>atque</strong></span> <span class='ocrx_word' id='word_1_689' title='bbox 302 4996 426 5078; x_wconf 61' lang='lat' dir='ltr'><strong>aufidios.</strong></span> <span class='ocrx_word' id='word_1_690' title='bbox 437 5011 542 5060; x_wconf 90' lang='lat' dir='ltr'><strong>quorum</strong></span> <span class='ocrx_word' id='word_1_691' title='bbox 554 5013 607 5049; x_wconf 89' lang='lat' dir='ltr'><strong>non</strong></span> <span class='ocrx_word' id='word_1_692' title='bbox 614 5003 692 5050; x_wconf 86' lang='lat' dir='ltr'><strong>minor</strong></span> <span class='ocrx_word' id='word_1_693' title='bbox 705 5002 729 5052; x_wconf 90' lang='lat' dir='ltr'><strong>in</strong></span> <span class='ocrx_word' id='word_1_694' title='bbox 742 5005 824 5064; x_wconf 90' lang='lat' dir='ltr'><strong>luctu,</strong></span> <span class='ocrx_word' id='word_1_695' title='bbox 835 5019 909 5070; x_wconf 88' lang='lat' dir='ltr'><strong>quam</strong></span> <span class='ocrx_word' id='word_1_696' title='bbox 923 5007 948 5057; x_wconf 93' lang='lat' dir='ltr'><strong>in</strong></span> <span class='ocrx_word' id='word_1_697' title='bbox 990 5037 1022 5046; x_wconf 85' lang='lat'>—</span> <span class='ocrx_word' id='word_1_698' title='bbox 1034 5009 1084 5072; x_wconf 81' lang='lat'>(52)</span> <span class='ocrx_word' id='word_1_699' title='bbox 1098 5011 1261 5075; x_wconf 80' lang='lat' dir='ltr'><strong>Hieronymus</strong></span> <span class='ocrx_word' id='word_1_700' title='bbox 1279 5015 1348 5079; x_wconf 87' lang='lat' dir='ltr'><strong>epist.</strong></span> <span class='ocrx_word' id='word_1_701' title='bbox 1363 5021 1402 5065; x_wconf 85' lang='lat'><strong>60.</strong></span> <span class='ocrx_word' id='word_1_702' title='bbox 1425 5017 1536 5079; x_wconf 80' lang='lat' dir='ltr'><strong>Legimus</strong></span> <span class='ocrx_word' id='word_1_703' title='bbox 1554 5019 1712 5081; x_wconf 87' lang='lat' dir='ltr'><strong>crantorem,</strong></span> <span class='ocrx_word' id='word_1_704' title='bbox 1726 5035 1773 5072; x_wconf 92' lang='lat' dir='ltr'><strong>cu-</strong></span> 
     </span>
     <span class='ocr_line' id='line_1_54' title="bbox 165 5066 1774 5149; baseline 0.016 -31"><span class='ocrx_word' id='word_1_705' title='bbox 165 5066 235 5118; x_wconf 83' lang='lat' dir='ltr'><strong>bcllis</strong></span> <span class='ocrx_word' id='word_1_706' title='bbox 251 5070 330 5116; x_wconf 77' lang='lat' dir='ltr'><strong>virtus</strong></span> <span class='ocrx_word' id='word_1_707' title='bbox 344 5067 407 5128; x_wconf 85' lang='lat' dir='ltr'><strong>tort,</strong></span> <span class='ocrx_word' id='word_1_708' title='bbox 422 5071 447 5118; x_wconf 89' lang='lat' dir='ltr'><strong>ct</strong></span> <span class='ocrx_word' id='word_1_709' title='bbox 465 5081 570 5132; x_wconf 77' lang='lat' dir='ltr'><strong>quonam</strong></span> <span class='ocrx_word' id='word_1_710' title='bbox 586 5071 706 5122; x_wconf 82' lang='lat' dir='ltr'><strong>orbitates</strong></span> <span class='ocrx_word' id='word_1_711' title='bbox 724 5074 748 5122; x_wconf 87' lang='lat' dir='ltr'><strong>r’u</strong></span> <span class='ocrx_word' id='word_1_712' title='bbox 768 5077 947 5128; x_wconf 86' lang='lat' dir='ltr'><strong>consolationis</strong></span> <span class='ocrx_word' id='word_1_713' title='bbox 988 5081 1031 5144; x_wconf 89' lang='lat' dir='ltr'><strong>jus</strong></span> <span class='ocrx_word' id='word_1_714' title='bbox 1045 5082 1160 5132; x_wconf 89' lang='lat' dir='ltr'><strong>volumen</strong></span> <span class='ocrx_word' id='word_1_715' title='bbox 1170 5072 1213 5134; x_wconf 72' lang='lat' dir='ltr'><strong>&#39;ad</strong></span> <span class='ocrx_word' id='word_1_716' title='bbox 1229 5086 1432 5149; x_wconf 87' lang='lat' dir='ltr'><strong>concoquendum</strong></span> <span class='ocrx_word' id='word_1_717' title='bbox 1451 5088 1561 5138; x_wconf 82' lang='lat' dir='ltr'><strong>dolorem</strong></span> <span class='ocrx_word' id='word_1_718' title='bbox 1577 5103 1651 5142; x_wconf 91' lang='lat' dir='ltr'><strong>suum</strong></span> <span class='ocrx_word' id='word_1_719' title='bbox 1671 5096 1774 5144; x_wconf 83' lang='lat' dir='ltr'><strong>secutus</strong></span> 
     </span>
     <span class='ocr_line' id='line_1_55' title="bbox 164 5137 1477 5220; baseline 0.014 -32"><span class='ocrx_word' id='word_1_720' title='bbox 164 5138 228 5188; x_wconf 89' lang='lat' dir='ltr'><strong>libro</strong></span> <span class='ocrx_word' id='word_1_721' title='bbox 240 5137 336 5188; x_wconf 85' lang='lat' dir='ltr'><strong>Tullius</strong></span> <span class='ocrx_word' id='word_1_722' title='bbox 348 5138 489 5201; x_wconf 80' lang='lat' dir='ltr'><strong>explicavit.</strong></span> <span class='ocrx_word' id='word_1_723' title='bbox 503 5165 535 5177; x_wconf 92' lang='lat'><strong>-·</strong></span> <span class='ocrx_word' id='word_1_724' title='bbox 553 5141 602 5204; x_wconf 79' lang='lat'>(51)</span> <span class='ocrx_word' id='word_1_725' title='bbox 620 5142 715 5194; x_wconf 84' lang='lat' dir='ltr'><strong>Plinius</strong></span> <span class='ocrx_word' id='word_1_726' title='bbox 731 5145 794 5196; x_wconf 87' lang='lat' dir='ltr'><strong>llist.</strong></span> <span class='ocrx_word' id='word_1_727' title='bbox 809 5149 860 5196; x_wconf 88' lang='lat' dir='ltr'><strong>nat.</strong></span> <span class='ocrx_word' id='word_1_728' title='bbox 874 5149 943 5210; x_wconf 82' lang='lat' dir='ltr'><strong>prat.</strong></span> <span class='ocrx_word' id='word_1_729' title='bbox 990 5155 1027 5201; x_wconf 90' lang='lat' dir='ltr'><strong>est</strong></span> <span class='ocrx_word' id='word_1_730' title='bbox 1043 5153 1139 5203; x_wconf 78' lang='lat' dir='ltr'><strong>Cicero.</strong></span> <span class='ocrx_word' id='word_1_731' title='bbox 1151 5179 1183 5191; x_wconf 86' lang='lat'><strong>·-</strong></span> <span class='ocrx_word' id='word_1_732' title='bbox 1197 5159 1247 5214; x_wconf 77' lang='grc'>(53)</span> <span class='ocrx_word' id='word_1_733' title='bbox 1261 5157 1310 5206; x_wconf 90' lang='lat' dir='ltr'><strong>vol.</strong></span> <span class='ocrx_word' id='word_1_734' title='bbox 1324 5159 1367 5217; x_wconf 88' lang='lat' dir='ltr'><strong>vt,</strong></span> <span class='ocrx_word' id='word_1_735' title='bbox 1384 5171 1408 5220; x_wconf 92' lang='lat' dir='ltr'><strong>p.</strong></span> <span class='ocrx_word' id='word_1_736' title='bbox 1422 5161 1477 5207; x_wconf 76' lang='lat'><strong>098.</strong></span> 
     </span>
    </p>

    <p class='ocr_par' dir='ltr' id='par_1_7' title="bbox 164 5207 1771 5372">
     <span class='ocr_line' id='line_1_56' title="bbox 164 5207 1771 5294; baseline 0.019 -37"><span class='ocrx_word' id='word_1_737' title='bbox 164 5208 207 5260; x_wconf 83' lang='lat' dir='ltr'><strong>lrb.</strong></span> <span class='ocrx_word' id='word_1_738' title='bbox 220 5210 242 5269; x_wconf 89' lang='lat' dir='ltr'><strong>l,</strong></span> <span class='ocrx_word' id='word_1_739' title='bbox 261 5215 291 5258; x_wconf 79' lang='lat' dir='ltr'><strong>aa</strong></span> <span class='ocrx_word' id='word_1_740' title='bbox 311 5211 396 5271; x_wconf 62' lang='lat' dir='ltr'><strong>popl</strong></span> <span class='ocrx_word' id='word_1_741' title='bbox 419 5207 459 5258; x_wconf 86' lang='lat' dir='ltr'><strong>ed.</strong></span> <span class='ocrx_word' id='word_1_742' title='bbox 476 5209 598 5292; x_wconf 79' lang='lat' dir='ltr'><strong>llarduip.</strong></span> <span class='ocrx_word' id='word_1_743' title='bbox 619 5212 685 5261; x_wconf 90' lang='lat' dir='ltr'><strong>scito</strong></span> <span class='ocrx_word' id='word_1_744' title='bbox 698 5215 761 5263; x_wconf 91' lang='lat' dir='ltr'><strong>enlm</strong></span> <span class='ocrx_word' id='word_1_745' title='bbox 781 5216 945 5269; x_wconf 81' lang='lat' dir='ltr'><strong>conterentem</strong></span> <span class='ocrx_word' id='word_1_746' title='bbox 1020 5223 1069 5285; x_wconf 80' lang='grc'><strong>(51)</strong></span> <span class='ocrx_word' id='word_1_747' title='bbox 1083 5223 1169 5274; x_wconf 80' lang='lat' dir='ltr'><strong>Cicero</strong></span> <span class='ocrx_word' id='word_1_748' title='bbox 1182 5226 1281 5276; x_wconf 83' lang='lat' dir='ltr'><strong>Tuscul.</strong></span> <span class='ocrx_word' id='word_1_749' title='bbox 1296 5225 1336 5277; x_wconf 88' lang='lat' dir='ltr'><strong>lib.</strong></span> <span class='ocrx_word' id='word_1_750' title='bbox 1355 5229 1375 5288; x_wconf 91' lang='lat' dir='ltr'><strong>l,</strong></span> <span class='ocrx_word' id='word_1_751' title='bbox 1393 5240 1445 5291; x_wconf 81' lang='lat' dir='ltr'><strong>esp.</strong></span> <span class='ocrx_word' id='word_1_752' title='bbox 1462 5231 1490 5278; x_wconf 81' lang='lat'><strong>27</strong></span> <span class='ocrx_word' id='word_1_753' title='bbox 1507 5229 1771 5294; x_wconf 80' lang='lat' dir='ltr'><strong>§es.1netsnttusde</strong></span> 
     </span>
     <span class='ocr_line' id='line_1_57' title="bbox 165 5279 1769 5372; baseline 0.02 -44"><span class='ocrx_word' id='word_1_754' title='bbox 165 5281 278 5330; x_wconf 77' lang='lat' dir='ltr'><strong>auctoms</strong></span> <span class='ocrx_word' id='word_1_755' title='bbox 290 5291 330 5328; x_wconf 90' lang='lat' dir='ltr'><strong>mc</strong></span> <span class='ocrx_word' id='word_1_756' title='bbox 347 5279 538 5342; x_wconf 80' lang='lat' dir='ltr'><strong>deprehendisse</strong></span> <span class='ocrx_word' id='word_1_757' title='bbox 552 5283 734 5343; x_wconf 82' lang='lat' dir='ltr'><strong>aJumtissimis</strong></span> <span class='ocrx_word' id='word_1_758' title='bbox 746 5287 865 5348; x_wconf 85' lang='lat' dir='ltr'><strong>pmximis</strong></span> <span class='ocrx_word' id='word_1_759' title='bbox 875 5291 944 5340; x_wconf 84' lang='lat' dir='ltr'><strong>rete-</strong></span> <span class='ocrx_word' id='word_1_760' title='bbox 988 5293 1074 5342; x_wconf 86' lang='lat' dir='ltr'><strong>iredei</strong></span> <span class='ocrx_word' id='word_1_761' title='bbox 1085 5307 1138 5356; x_wconf 86' lang='lat' dir='ltr'><strong>cap.</strong></span> <span class='ocrx_word' id='word_1_762' title='bbox 1159 5298 1200 5357; x_wconf 87' lang='lat' dir='ltr'><strong>t⁰;</strong></span> <span class='ocrx_word' id='word_1_763' title='bbox 1214 5296 1293 5346; x_wconf 88' lang='lat' dir='ltr'><strong>lostit.</strong></span> <span class='ocrx_word' id='word_1_764' title='bbox 1306 5295 1348 5348; x_wconf 86' lang='lat' dir='ltr'><strong>lib.</strong></span> <span class='ocrx_word' id='word_1_765' title='bbox 1369 5303 1382 5349; x_wconf 90' lang='lat'><em>1</em></span> <span class='ocrx_word' id='word_1_766' title='bbox 1398 5312 1451 5364; x_wconf 86' lang='lat' dir='ltr'><strong>cup.</strong></span> <span class='ocrx_word' id='word_1_767' title='bbox 1467 5305 1489 5352; x_wconf 81' lang='lat'><strong>5.</strong></span> <span class='ocrx_word' id='word_1_768' title='bbox 1504 5329 1535 5338; x_wconf 94' lang='lat'>—</span> <span class='ocrx_word' id='word_1_769' title='bbox 1548 5303 1601 5369; x_wconf 78' lang='lat'><strong>(55)</strong></span> <span class='ocrx_word' id='word_1_770' title='bbox 1614 5305 1668 5357; x_wconf 84' lang='lat' dir='ltr'><strong>vit.</strong></span> <span class='ocrx_word' id='word_1_771' title='bbox 1680 5309 1769 5372; x_wconf 65' lang='lat' dir='ltr'><strong>tregru.</strong></span> 
     </span>
    </p>
   </div>
   <div class='ocr_carea' id='block_1_7' title="bbox 0 0 1992 5948">
    <p class='ocr_par' dir='ltr' id='par_1_8' title="bbox 0 0 1992 5948">
     <span class='ocr_line' id='line_1_58' title="bbox 0 0 1992 5948; baseline 0 0"><span class='ocrx_word' id='word_1_772' title='bbox 0 0 1992 5948; x_wconf 95' lang='lat' dir='ltr'><strong> </strong></span> 
     </span>
    </p>
   </div>
  </div>
 </body>
</html>
