3958 5942
798 383 1055 463 παιυιιιιιντιι.

108 517 189 601 Λέγοι
203 519 231 582 δέ
244 518 277 580 διν
289 519 336 580 τδν
353 516 399 580 διδι
413 519 465 578 τῶν
481 519 641 599 τμημάτων,
654 521 700 584 τδν
715 521 760 587 διδ
774 527 827 588 τῶν
841 550 895 608 μη·

108 611 224 686 νίοκων,
238 610 268 670 δν
288 607 468 689 Ἱπποκράτης
483 613 498 669 ὃ
512 609 576 678 Χῖος
596 613 704 694 ἐφεῦρε·
723 613 823 678 κύκλου
840 617 894 701 γδρ

107 704 202 780 τμῆμα
217 705 232 760 ό
246 697 375 779 μηνίσκος
392 696 473 772 ἐστίν,
488 701 505 770 ἡ
521 697 548 756 δέ
565 697 641 768 δεῖξις
653 703 779 778 τοιαύτη·

105 1337 186 1414 ἔστω,
203 1339 280 1424 φησί,
296 1344 358 1422 περὶ
376 1341 425 1416 τὴν
441 1342 477 1403 αδ
493 1345 593 1404 εύθεῖαν
607 1342 767 1423 ἡμικύκλιον
782 1367 890 1427 περιγε-

103 1430 259 1508 γραμμένον
277 1433 307 1492 τὸ
322 1432 383 1510 αόγ,
397 1432 442 1491 καί
456 1433 598 1511 τετμήσθω
612 1437 629 1505 ἡ
649 1432 687 1492 αύ
701 1432 763 1514 δίχα
778 1432 846 1492 κατδι
860 1433 891 1494 τδ

104 1515 132 1590 ἐ,
148 1517 195 1576 καί
213 1518 266 1578 aab
281 1527 325 1580 τοῦ
347 1523 361 1578 δ
378 1525 410 1602 τῇ
426 1519 462 1580 αό
483 1521 547 1602 πρὸς
561 1521 639 1600 ὀρθὰς
660 1521 735 1601 ήχθω
750 1525 767 1592 ἡ
782 1521 822 1600 δγ,
844 1522 890 1582 καί
915 1583 916 1586 ,

104 1601 159 1664 διεδ
180 1615 226 1668 τοῦ
248 1631 265 1686 γ
282 1609 426 1689 ἐπεζεύχθω
446 1614 463 1682 ἡ
488 1635 540 1690 γα,
567 1609 625 1683 ἥτις
647 1610 705 1670 ἐστὶ
726 1608 890 1688 τετραγώνου

104 1695 209 1777 πλευρδι
224 1704 269 1756 τοῦ
294 1701 329 1764 είς
352 1700 394 1759 τὸν
414 1701 511 1759 κύκλον
532 1701 748 1781 ἐγγραφομένου,
772 1690 801 1758 οὗ
819 1701 889 1758 ἔστιν

103 1785 262 1860 ἡμικύκλιον
283 1788 313 1846 τδ
335 1787 397 1868 αύγ.
442 1789 496 1848 Καί
519 1788 581 1870 περὶ
602 1790 650 1860 τὴν
674 1811 708 1868 αγ
729 1791 888 1864 ἡμικύκλιον

103 1875 305 1956 περιγεγράφθω
326 1876 356 1936 τὸ
376 1900 437 1956 αεγ,
454 1877 499 1936 καί
516 1878 574 1936 ἐπεί
590 1878 646 1936 ἐστι
666 1877 696 1936 τὸ
712 1877 764 1936 άπδ
785 1880 831 1948 τῆς
852 1876 889 1936 αό

102 1956 158 2018 ἴσον
173 1965 211 2040 τῷ
229 1987 259 2022 τε
277 1963 331 2023 ἀπὸ
343 1969 389 2038 τῆς
406 1989 440 2044 αγ
468 1964 514 2024 καί
529 1969 566 2045 τῷ
589 1965 643 2024 ἀπὸ
666 1969 713 2037 τῆς
733 1965 823 2044 ἑτέρας
842 1971 887 2024 τού
913 2015 914 2024 ,

101 2051 267 2129 τετραγώνου
282 2055 396 2135 πλευρᾶς
411 2059 458 2112 τού
470 2056 505 2122 εές
519 2055 548 2114 τὸ
559 2055 612 2133 αγό
623 2055 781 2130 ἡμικύκλιον
792 2055 888 2132 ἐγγρα-

101 2139 226 2217 φομένου,
243 2143 313 2200 τοῦτ’
326 2143 381 2203 ἔστι
396 2148 443 2215 τῆς
457 2143 493 2222 γό
505 2145 513 2221 ἡ
523 2142 579 2202 ἐστι
593 2141 644 2222 γάρ
659 2141 814 2223 ὀρθογωνίου
833 2165 889 2222 τρι·

101 2225 186 2300 γώνου
209 2229 383 2289 ὑποτείνουσα
404 2236 421 2302 ἡ
442 2231 494 2290 αύ·
519 2235 553 2298 ὡς
576 2231 603 2289 δὲ
623 2230 679 2310 ἔχει
704 2231 737 2288 τὰ
761 2232 814 2288 ἀπὸ
836 2233 887 2290 τῶν

103 2317 254 2398 διαμέτρων
266 2321 420 2399 τετράγωνα
435 2321 500 2402 πρός
513 2321 627 2396 ἄλληλα,
640 2319 707 2380 ούτω
723 2319 769 2379 καί
781 2323 805 2379 οί
825 2317 886 2400 περί

104 2405 172 2465 αύτδι
187 2408 279 2468 κύκλοι
291 2411 355 2490 πρὸς
370 2411 500 2483 ἀλλήλους
513 2412 601 2492 έχουσι
612 2410 662 2470 ’καί
681 2409 714 2469 τὰ
730 2409 886 2487 ἡμικύκλια,

99 2497 135 2561 ώς
158 2497 287 2556 δέδεικται
311 2501 338 2556 ἐν
360 2505 398 2580 τῷ
418 2501 538 2583 δεκαδύῳ
559 2502 628 2578 [leg.
649 2498 801 2580 δωδεκάτῳ,
817 2498 883 2560 Vid.

99 2583 166 2656 xil,
181 2607 198 2642 ε
214 2588 251 2647 cf.
263 2587 309 2658 Vl,
326 2589 375 2668 ευ)
396 2589 490 2670 βιύλίῳ
501 2592 552 2647 τῶν
565 2587 732 2670 στοιχείων),
748 2588 885 2646 διπλάσιον

99 2673 152 2752 ἄρα
167 2675 223 2732 ἐστί
240 2677 269 2736 τὸ
284 2676 348 2756 αύγ,
362 2677 520 2755 ἡμικύκλιον
531 2683 577 2736 τοῦ
589 2680 636 2755 ἀεγ
647 2676 818 2751 ἡμικυκλίου,
830 2673 886 2734 ἔστι

100 2761 127 2818 δε·
147 2761 177 2820 τδ
197 2763 249 2841 αγό
264 2765 418 2843 ἡμικύκλιον
435 2768 573 2827 διπλάσιον
596 2767 706 2826 καὶτοῦ
727 2767 776 2846 αγδ
790 2789 884 2846 τεταρ-

97 2853 241 2926 τημορίου·
262 2853 319 2912 ίσον
343 2854 395 2935 άρα
419 2857 475 2915 ἐστὶ
497 2854 527 2915 τδ
551 2856 757 2935 τεταρτημόριον
778 2857 817 2936 τῷ
838 2877 886 2934 αεγ

97 2942 262 3021 ἡμικυκλίῳ.
309 2943 404 3004 Καινδν
426 2945 571 3026 ἀφῃρήσθω
593 2945 625 3006 τδ
638 2944 690 3003 ύπδ
713 2949 760 3017 τῆς
779 2949 824 3002 τοῦ
844 2966 887 3002 τε·

98 3029 237 3108 τραγώνου
252 3033 367 3113 πλευρᾶς
388 3034 494 3105 καὶτῆς
519 3057 554 3113 αγ
572 3033 738 3115 περιφερείας
761 3032 885 3112 περιεχό-

98 3141 177 3194 μενον
193 3125 304 3199 τμῆμα·
322 3122 411 3190 λοιπδς
435 3122 487 3202 άρα
511 3126 525 3182 δ
548 3146 596 3203 αεγ
617 3122 743 3203 μηνίσκος
758 3121 812 3189 ίσος
829 3119 886 3179 ἐστὶ

96 3209 137 3286 τῷ
154 3211 204 3288 αγδ
214 3210 345 3292 τριγώνῳ,
357 3212 387 3271 τδ
398 3211 426 3271 δέ
436 3211 562 3292 τρίγωνον
577 3212 747 3293 τετραγώνῳ.
793 3209 885 3280 Διίξας

98 3296 126 3355 δὲ
145 3297 190 3356 δεδι
213 3297 314 3359 τούτων
334 3301 377 3361 τὸν
402 3305 528 3380 μηνίοκον
553 3300 805 3382 τετραγωνιζόμενον
826 3297 885 3371 ἑξὴς

98 3395 225 3466 πειρᾶται
239 3389 282 3448 διδ
300 3395 349 3449 τοῦ
369 3392 641 3469 προαποδεδειγμένου
657 3391 702 3450 τὸν
716 3388 821 3454 κύκλον,
838 3411 880 3447 τε·

96 3481 266 3562 τραγωνίζειν
283 3481 376 3552 οὕτως.
395 3526 398 3532 -

1660 411 1717 471 271

935 529 1039 591 πλάσια
1055 528 1107 610 άρα
1128 527 1161 590 τδ
1177 530 1296 613 τέσσαρα
1310 538 1355 594 τοδ
1371 535 1407 593 αό
1427 535 1597 616 ἡμικυκλίου,
1614 537 1671 600 ἐστι
1690 539 1719 600 δέ

938 619 985 679 καί
999 620 1030 681 τδ
1041 619 1101 700 περὶ
1111 619 1160 694 τὴν
1174 623 1208 701 γδ
1224 622 1381 700 ἡμικύκλιον
1395 625 1588 706 τετραπλάσιον
1600 635 1644 689 τοῦ
1658 643 1717 710 περι

919 709 987 790 Ἰτὴν
1006 709 1055 768 αό·
1072 709 1129 768 ἐπεί
1150 709 1232 791 γὰρὴ
1254 713 1287 790 γδ
1309 717 1355 786 τῆς
1375 713 1411 772 αύ
1431 715 1488 774 ἐστὶ
1507 717 1600 791 διπλῆ,
1627 738 1719 798 τετρα-

938 797 1050 859 πλάσιον
1065 797 1095 857 τὸ
1112 798 1165 859 ἀπὸ
1179 803 1226 870 τῆς
1240 802 1273 878 γδ
1283 800 1384 880 γίνεται
1398 810 1445 862 τοῦ
1460 803 1513 862 ἀπὸ
1527 809 1575 876 τῆς
1588 804 1630 863 αύ.
1674 805 1721 874 Ὡς

918 909 924 958 j
938 887 989 968 γὰρ
1006 886 1039 947 τδι
1058 887 1111 948 ἀπὸ
1126 892 1178 949 τῶν
1199 891 1348 972 διαμέτρων
1365 891 1520 976 τετράγωνα
1536 894 1601 974 πρὸς
1616 896 1721 967 ἄλληλα

918 989 919 994 ’
938 976 1051 1057 ἔχουσιν,
1067 977 1190 1038 οὕτωκαὶ
1205 980 1304 1059 οἱπερὶ
1319 980 1401 1050 αὐτὰς
1415 982 1507 1044 κύκλοι
1516 981 1581 1062 πρὸς
1592 983 1722 1056 ἀλλήλους

938 1068 983 1129 καί
998 1067 1031 1127 τδι
1052 1068 1201 1146 ἡμικύκλια
1216 1069 1281 1148 πρὸς
1301 1069 1420 1146 άλληλα,
1435 1069 1504 1132 ώστε
1526 1074 1721 1151 τετραπλάσιόν

938 1161 994 1218 ἐστι
1016 1157 1046 1218 τδ
1073 1158 1126 1218 ἀπὸ
1148 1163 1196 1230 τῆς
1219 1161 1252 1238 γδ
1274 1159 1434 1238 ἡμικύκλιον
1459 1167 1505 1222 τοῦ
1530 1162 1583 1222 ἀπὸ
1604 1167 1652 1236 τῆς
1672 1161 1720 1228 αύ.

917 1267 918 1275 ¹
937 1239 1011 1304 Ἴσον
1027 1245 1079 1325 άρα
1094 1246 1150 1308 ἐστί
1159 1247 1189 1305 τδ
1200 1247 1252 1306 ἀπὸ
1262 1252 1309 1320 τῆς
1320 1251 1353 1328 γδ
1365 1250 1523 1328 ἡμικύκλιον
1536 1250 1590 1317 τοῖς
1599 1248 1722 1332 τέτρασιν

916 1379 917 1384 ,
937 1333 1103 1408 ἡμικυκλίοις
1123 1338 1161 1414 τῷ
1175 1358 1203 1394 τε
1229 1335 1290 1417 περί
1313 1337 1362 1408 τὴν
1387 1338 1422 1396 αύ
1444 1339 1489 1398 καί
1507 1339 1561 1406 τοῖς
1580 1340 1650 1419 τρισί
1669 1349 1722 1408 τοῖς

916 1459 918 1468 ·
936 1423 996 1501 περί
1013 1423 1060 1490 τὰς
1075 1429 1121 1483 τοῦ
1136 1421 1267 1504 ἑξαγώνου
1282 1425 1398 1507 πλευράς
1413 1428 1592 1502 ἡμικυκλίοις.
1636 1429 1721 1489 Κοινὰ

915 1529 916 1534 ’
936 1511 1080 1592 ἀφῃρήσθω
1097 1513 1149 1572 ἀπό
1158 1539 1187 1573 τε
1201 1517 1253 1573 τῶν
1266 1517 1329 1596 περὶ
1343 1516 1387 1583 τὰς
1401 1525 1447 1577 τοῦ
1461 1515 1593 1596 ἑξαγώνου
1606 1517 1722 1598 πλευρὰς

915 1619 916 1622 ¹
934 1599 1101 1673 ἡμικυκλίων
1114 1602 1159 1662 καί
1176 1601 1291 1662 ἀπὸτοῦ
1306 1603 1367 1684 περί
1384 1605 1433 1676 τὴν
1448 1607 1481 1685 γδ
1498 1607 1628 1683 τμήματα
1643 1607 1677 1665 τοί
1691 1630 1721 1665 τι

914 1739 916 1752 ,
934 1688 984 1746 ύπὸ
998 1693 1050 1749 τῶν
1066 1689 1229 1772 ἐξαγωνικῶν
1245 1697 1364 1776 πλευρῶν
1385 1695 1497 1755 καὶτῶν
1513 1701 1559 1755 τοῦ
1573 1699 1607 1776 γδ
1620 1703 1726 1774 ἡμικυ-Ι

934 1775 1008 1836 κλίου
1024 1785 1194 1862 περιφερειῶν
1208 1783 1395 1864 περιεχόμενα.
1440 1783 1536 1844 Λοιποί
1554 1784 1607 1865 άρα
1621 1788 1645 1846 οἱ
1659 1810 1720 1866 γηε,

937 1869 989 1940 εθζ,
1004 1869 1052 1936 ζκδ
1068 1869 1192 1946 μηνίσκοι
1209 1872 1277 1948 μετὰ
1296 1877 1342 1930 τοῦ
1358 1872 1395 1931 αδ
1409 1873 1568 1950 ἡμικυκλίου
1590 1873 1643 1935 ίσοι
1669 1875 1720 1934 εἰσί

935 1960 973 2034 τῷ
987 1981 1027 2037 γε,
1040 1961 1080 2036 εξ,
1092 1961 1123 2028 ζδ
1133 1961 1279 2042 τραπεζίῳ,
1297 1960 1329 2020 δν
1345 1962 1372 2019 δὲ
1384 1961 1522 2042 ἀφέλωμεν
1537 1961 1589 2020 εἰπδ
1600 1968 1646 2022 τοῦ
1657 1986 1722 2042 τρα-

934 2045 1024 2113 πεζίου
1039 2047 1087 2117 τὴν
1110 2049 1257 2129 ὑπεροχήν,
1277 2053 1347 2108 τοῦτ’
1373 2049 1429 2110 ἔστι
1451 2051 1481 2110 τδ
1496 2049 1553 2111 ἴσον
1572 2059 1626 2119 τοῖς
1643 2051 1721 2130 μηνί-

934 2156 1025 2202 σκοις·
1041 2135 1146 2215 ἐδείχθη
1167 2137 1219 2218 γὰρ
1233 2137 1289 2198 ίσον
1306 2139 1492 2220 εὐθύγραμμον
1515 2141 1651 2220 μηνίσκῳ·
1666 2165 1720 2200 κα-

932 2223 1087 2300 ταλίπωμεν
1100 2225 1128 2284 δέ
1140 2225 1168 2284 τδ
1181 2227 1273 2288 λοιπὸν
1283 2227 1298 2286 ό
1308 2230 1377 2286 ἐστιν
1390 2227 1446 2288 ίσον
1457 2233 1495 2310 τῷ
1506 2228 1542 2287 αύ
1557 2229 1718 2310 ἡμικυκλίῳ,

912 2311 913 2320 ’
933 2314 979 2372 καί
993 2314 1023 2374 τδ
1047 2316 1221 2396 καταλειφθὲν
1237 2322 1314 2377 τοῦτο
1330 2317 1517 2398 εὐθύγραμμον
1534 2316 1717 2377 διπλασιάσω·

938 2425 999 2480 μεν,
1016 2401 1062 2461 καί
1084 2402 1115 2461 τὸ
1131 2403 1318 2463 διπλασιασθὲν
1333 2407 1548 2483 τετραγωνιοθῇ,
1562 2405 1633 2461 τοῦτ’
1649 2401 1720 2463 ἔστιν

932 2487 987 2548 ίσον
1003 2493 1075 2571 αὐτῷ
1089 2497 1255 2572 τετράγωνον
1270 2493 1406 2568 λάόωμεν,
1418 2490 1475 2550 ίσον
1487 2491 1561 2552 ἔσται
1579 2491 1719 2572 τδτετρά-

932 2599 1014 2655 γωνον
1028 2584 1066 2660 τῷ
1077 2581 1138 2660 περί
1154 2579 1202 2652 τὴν
1219 2579 1255 2638 αθ
1268 2581 1410 2662 διάμετρον
1426 2581 1527 2661 κύκλῳ.
1571 2581 1623 2638 Καὶ
1636 2579 1719 2648 οὕτως

933 2667 946 2722 δ
965 2666 1061 2735 κύκλος
1079 2667 1369 2749 τετραγωνισθήσεται,
1387 2667 1433 2728 καί
1447 2667 1502 2728 ἐστι
1523 2666 1571 2745 μὲν
1586 2667 1683 2750 εθφυὴς
1701 2673 1717 2739 ἡ

932 2754 1107 2836 ἐπιχείρησις,
1121 2757 1151 2816 τδ
1162 2759 1189 2816 δὲ
1202 2757 1413 2840 ψευδογράρημα
1425 2755 1532 2836 γέγονεν
1548 2755 1623 2836 παρὰ
1635 2756 1665 2814 τὸ
1679 2755 1717 2833 μὴ

932 2845 1043 2904 καθολου
1054 2845 1218 2926 δεδαιγμένον
1229 2850 1263 2914 ὡς
1271 2846 1383 2906 καθόλου
1393 2845 1499 2906 λαθεῖν·
1510 2846 1601 2926 οὐγὰρ
1612 2845 1717 2926 ἐδείχθη

931 2943 984 3001 πῖῖς
999 2935 1125 3010 μηνίσκος
1141 2934 1406 3016 τετραγωνιζύμενος,
1426 2937 1486 2994 ἀλλ’
1502 2937 1516 2993 δ
1530 2935 1592 3016 περὶ
1607 2933 1654 3006 τὴν
1670 2937 1717 2993 τού

931 3023 1096 3102 τετραγώνου
1107 3025 1222 3105 πλευρὰν
1235 3031 1281 3083 τοῦ
1292 3027 1327 3091 είς
1342 3024 1386 3082 τὸν
1397 3024 1493 3084 κύκλον
1510 3022 1717 3108 ἐγγραφομένου.

930 3105 1013 3174 Οὗτοι
1033 3112 1060 3172 δὲ
1075 3115 1099 3174 οἱ
1115 3114 1239 3191 μηνίσκοι
1258 3113 1320 3193 περί
1332 3112 1380 3180 τὰς
1396 3119 1441 3172 τοῦ
1456 3112 1587 3194 ἑξαγώνου
1602 3113 1719 3194 πλευράς

931 3203 981 3260 είοι
995 3207 1041 3261 τοῦ
1056 3205 1091 3270 εἷς
1102 3202 1146 3261 τὸν
1163 3201 1260 3263 κύκλον
1276 3202 1481 3283 ἐγγραφομένου.
1523 3197 1606 3262 Ἐστι
1616 3225 1655 3269 τις
1671 3199 1719 3262 καί

929 3290 1039 3364 τοιαύτη
1052 3291 1126 3360 δεῖξις
1135 3291 1178 3350 διδ
1189 3295 1240 3350 τῶν
1253 3291 1389 3369 μηνίσκων
1400 3289 1599 3372 τετραγωνίζειν
1609 3289 1716 3367 οἰομένη

930 3381 973 3440 τίν
997 3381 1093 3440 κύκλον
1110 3381 1279 3463 ἁπλουστέρα
1294 3381 1339 3441 καί
1360 3381 1407 3440 ούκ
1422 3381 1582 3462 ἐλεγχομένη
1598 3379 1673 3461 παρὰ
1692 3380 1719 3439 τί

932 3469 1037 3550 γέγονεν
1053 3471 1079 3528 ἐν
1104 3471 1172 3550 αὐτῇ
1192 3471 1223 3530 τδ
1238 3469 1461 3550 ψευδογράφημα.
1505 3467 1644 3539 Μηνίσκου
1665 3467 1717 3548 γάρ

929 3559 1143 3641 τετραγωνισμὸν
1163 3561 1283 3640 εὑρόντες
1306 3567 1350 3620 τοῦ
1368 3559 1428 3640 περὶ
1449 3559 1497 3631 τὴν
1519 3565 1563 3617 τοῦ
1587 3555 1715 3640 τριγώνου

931 3649 1008 3730 (leg.
1034 3647 1219 3730 τετραγώνου)
1246 3648 1363 3728 πλιυρδιν
1390 3647 1473 3729 ᾤοντο
1500 3646 1544 3708 καί
1574 3639 1646 3705 οὗτοι
1672 3646 1716 3706 διθι

912 3745 913 3753 ’
930 3737 1022 3797 τούτου
1043 3738 1088 3797 τδν
1106 3743 1153 3797 τοῦ
1169 3737 1267 3798 κύκλου
1286 3737 1499 3817 τετραγωνισμὸν
1517 3734 1668 3812 είνρηκέναι,
1681 3736 1716 3800 ώς

930 3833 977 3887 τοῦ
995 3826 1093 3887 κύκλου
1113 3826 1213 3894 παντδς
1235 3827 1270 3894 είς
1295 3825 1439 3904 μηνίσκους
1455 3823 1613 3903 διαιρεῖσθαι
1637 3822 1715 3879 δυνα-

931 3915 1024 3993 μένου·
1039 3914 1070 3975 τδ
1079 3915 1130 3995 γάρ
1142 3913 1199 3974 ίσον
1211 3917 1249 3994 τῶ
1270 3912 1392 3992 μηνίσκῳ
1408 3905 1571 3990 τετράγωνον
1585 3933 1712 3969 τοσαυτα·

930 4005 1041 4064 πλάσιον
1058 4009 1206 4077 ποιοῦντες,
1219 4000 1378 4062 θοαπλόσιοι
1394 3999 1489 4068 πάντες
1501 3999 1566 4059 εἰσίν
1585 3999 1609 4057 οί
1625 3997 1712 4076 μηνί-

931 4116 998 4168 οκοι,
1011 4093 1047 4160 είς
1061 4091 1128 4160 οδςθ
1142 4092 1237 4158 κύκλος
1252 4091 1388 4170 διήρηται,
1405 4088 1488 4171 ᾤοντο
1502 4089 1533 4148 τδ
1544 4087 1645 4156 τούτοις
1659 4087 1714 4148 ἴσον
1822 4099 1826 4110 “

930 4179 1094 4258 τετράγωνον
1109 4180 1163 4245 τοῖς
1178 4176 1324 4255 μηνίοκοις,
1344 4177 1399 4237 ίσου
1414 4168 1482 4238 εἶναι
1500 4175 1599 4259 καὶτῷ
1616 4177 1714 4259 κύκλῳ,

96 4267 268 4342 έστωέύθεῖα
282 4272 299 4342 ἡ
312 4267 349 4328 αό
362 4269 409 4330 καί
427 4269 487 4352 περί
506 4271 588 4344 αύτὴν
603 4269 761 4350 ἡμικύκλιον
777 4297 885 4356 περιγε-
931 4269 1022 4350 ψεῦδος
1032 4267 1213 4346 λομὸοίνοντος
1226 4267 1255 4325 κθ
1268 4267 1311 4326 τὸν
1328 4265 1388 4326 {stov
1407 4264 1503 4328 κύκλον
1518 4267 1554 4334 οἷς
1571 4264 1716 4341 μηνίσκους

95 4356 219 4438 γράφθω,
235 4359 282 4418 καί
300 4359 441 4440 κείσθωτῇ
458 4361 493 4420 αδ
508 4364 590 4436 διπλῆ
604 4365 621 4435 ἡ
639 4363 686 4441 γδ,
702 4363 748 4422 καί
764 4365 824 4445 περὶ
836 4365 884 4436 τὴν
933 4357 1094 4438 διαιρεθῆναι
1110 4357 1245 4418 δύνασθαι.
1264 4357 1311 4415 Ἐν
1323 4355 1374 4438 γὰρ
1388 4359 1421 4434 τῇ
1434 4361 1479 4414 τοῦ
1489 4356 1590 4416 κύκλου
1603 4359 1639 4422 εἰς
1654 4356 1714 4424 τοὺς

93 4449 130 4527 γδ
145 4447 302 4524 ἡμικύκλιον
321 4451 525 4532 περιγεγράφθω
539 4451 586 4510 καί
605 4451 826 4535 ἐγγεγράφθωσαν
849 4453 885 4521 εἷς
931 4447 1074 4526 μηνίσκους
1084 4448 1211 4528 διαιρέσει
1221 4443 1474 4506 δείύπολείπεταίτι
1486 4442 1556 4511 ἐντὸς
1569 4443 1650 4522 μέσον
1662 4447 1715 4522 ἐμ-

95 4535 165 4595 αὖτδ
179 4533 209 4594 τδ
224 4537 382 4614 ἡμικύκλιον
404 4538 535 4618 ἑξαγώνου
553 4539 686 4620 πλευραί,
702 4539 720 4614 ἡ
740 4565 769 4602 τε
784 4565 824 4620 γε,
840 4541 884 4602 καὶ
930 4535 1053 4619 φίκυρτον
1068 4535 1331 4618 περιλαμόανόμενον
1354 4533 1404 4593 ύπδ
1425 4537 1476 4592 τῶν
1492 4533 1652 4612 ἑκατέρωθεν
1668 4536 1715 4590 τοῦ

94 4629 115 4696 ἡ
133 4627 170 4696 εζ,
183 4623 230 4682 καὶ
244 4625 283 4686 ἔτι
297 4629 314 4698 ἡ
327 4628 366 4700 ζδ,
381 4625 427 4686 καί
442 4628 504 4708 περί
518 4628 600 4697 αύτθις
615 4628 763 4708 ἡμικύκλια
778 4654 886 4712 περιγε-
932 4628 1060 4702 μηνίσκου
1080 4630 1221 4708 γραμμῶν,
1234 4616 1263 4684 ού
1278 4625 1345 4702 μήτε
1358 4622 1488 4700 μηνίσκου
1497 4622 1570 4689 ὄντος
1580 4621 1650 4698 μήτε
1665 4643 1713 4678 τε-

97 4713 214 4794 γράφθω
228 4713 262 4772 τδι
280 4738 339 4792 γηε,
359 4719 411 4789 εθζ,
428 4719 489 4787 ζκδ·
504 4717 614 4779 ἕκαστον
630 4719 680 4801 άρα
696 4723 748 4779 τῶν
764 4720 826 4802 περὶ
839 4720 886 4788 τίς
930 4715 1156 4796 τραγωνιξομένου
1168 4713 1222 4774 οὐδ’
1238 4713 1269 4772 δν
1288 4717 1302 4772 θ
1316 4722 1368 4780 πᾶς
1381 4711 1478 4780 κύκλος
1487 4707 1715 4790 τετραγωνίζοιτο.

94 4808 145 4862 τοῦ
164 4801 296 4884 ἑίογώνον
318 4805 434 4886 πλευρδις
454 4807 619 4883 ἡμικυκλίων
638 4808 694 4869 ίσον
710 4807 767 4870 ἐστί
790 4813 829 4890 τῷ
850 4809 886 4868 αό
930 4809 993 4885 Ούχ
1002 4803 1076 4884 ύγιὴς
1087 4803 1141 4876 δὲἡ
1156 4803 1302 4874 ἐνστασιςὴ
1317 4800 1382 4881 πρὸς
1391 4799 1438 4860 τδν
1450 4804 1566 4858 τοιοῦτον
1576 4819 1714 4877 τετραγω-

97 4894 268 4975 ἡμικυκλίῳ·
283 4894 330 4954 καί
341 4896 394 4976 γδιρ
409 4901 425 4968 ἡ
443 4895 478 4956 αύ
494 4895 540 4971 ίση
555 4898 612 4957 ἐστὶ
624 4907 680 4965 ταῖς
696 4903 741 4960 τοῦ
756 4897 884 4978 ἑξαγώνου
930 4892 1038 4970 νισμόν·
1056 4895 1085 4953 οὖ
1101 4891 1152 4973 γάρ
1166 4893 1244 4975 χρεία
1263 4893 1301 4973 τῷ
1317 4887 1535 4970 τιτραγωνίζοντι
1552 4885 1597 4946 τδν
1616 4884 1713 4946 κύκλον

96 4981 242 5062 πλονροῖε·
256 4987 310 5042 τῶν
324 4985 376 5065 γάρ
387 4985 417 5043 ἐκ
428 4989 474 5044 τοῦ
489 4985 597 5066 κέντρου
613 4988 694 5061 διπλῆ
708 4989 777 5047 ἐστιν
793 4991 811 5060 ἡ
827 4987 886 5047 διά·
931 4984 974 5043 διδ
987 4987 1040 5044 τῶν
1058 4983 1192 5062 μηνίοκων
1207 4983 1301 5041 διελεῖν
1322 4979 1366 5051 τδν
1384 4982 1473 5039 πάντα
1491 4975 1588 5038 κύκλον
1604 4975 1640 5042 είς
1661 4999 1713 5054 μη.

99 5094 206 5152 We,
223 5074 251 5132 αἱ
265 5070 293 5132 δέ
306 5078 353 5133 τοῦ
376 5073 506 5150 ἑξαγώνου
521 5078 633 5160 πλευραί
646 5077 704 5138 ίσαι
715 5075 766 5138 είσί
778 5085 836 5144 ταῖς
857 5081 887 5138 ἐκ
931 5073 1050 5144 νίσκους·
1068 5073 1129 5136 οὐδὲ
1145 5071 1198 5155 γὰρ
1221 5073 1276 5132 οὐδ’
1300 5071 1323 5130 εἰ
1347 5075 1424 5131 τοῦτο
1443 5068 1495 5144 τίη,
1518 5065 1577 5128 οὐδὲ
1601 5065 1711 5137 ούτωςθ

97 5166 145 5220 τοῦ
161 5163 281 5244 κέντρου.
326 5162 382 5226 Καὶ
393 5168 441 5238 τῆς
455 5164 491 5224 αό
507 5166 534 5224 δέ
556 5171 611 5228 ἐστι
625 5169 705 5240 διπλὴ
723 5168 804 5247 ἡγδ,
817 5164 886 5226 ὥστε
911 5191 912 5196 ¹
931 5164 1024 5232 κύκλος
1042 5163 1259 5244 τετραγωνίζεται
1274 5159 1318 5219 διδι
1339 5161 1391 5218 τῶν
1410 5157 1558 5236 μηνίσκων.
1600 5157 1641 5219 Ού
1657 5155 1710 5238 γδιρ

98 5249 134 5310 τὰ
156 5251 276 5334 τέσσαρα
298 5252 447 5332 ἡμικύκλια
464 5251 510 5320 ίαα
534 5255 658 5328 ἀλλήλοις
679 5254 739 5314 εἰσί.
781 5257 886 5334 Τετρα·
934 5261 984 5321 πᾶς
997 5251 1101 5332 ἐδείχθη
1116 5249 1244 5330 μηνίσκος
1258 5249 1522 5333 τιτραγωνιζόμενος,
1535 5245 1582 5309 καί
1596 5246 1713 5328 μὴδιαι-
