3976 5948
799 457 1047 527 FRAGMENTA,
1665 475 1723 536 12³

122 599 244 676 μαίνεται
256 602 270 658 δ
283 593 408 676 δρισμόςς
420 595 559 677 γένος’γάρ
575 598 630 654 lon
646 599 694 669 τῆς
710 599 797 679 ψυχῆς
811 603 825 657 θ
842 601 901 679 ἀρι-
947 594 1000 657 ecl
1011 595 1025 637 l
1036 599 1081 657 τοῦ
1097 593 1119 665 ζ’
1133 596 1212 658 πάλιν
1228 599 1242 658 δ
1257 593 1296 673 ς’,
1311 597 1371 658 τίνα
1386 601 1496 680 ἀρἰθμδν
1512 602 1565 662 eet
1578 606 1622 673 τῆς
1637 608 1724 685 ψυχῆς

121 684 185 760 eat<
204 684 272 744 κατὰ
292 683 460 764 Ξενοκράτην
482 683 528 744 καλ
550 684 703 759 Πλάτωνα,
728 685 774 744 καί
795 687 836 744 δεῖ
853 690 902 758 τῆς
946 682 1107 758 έκθληθῆναι
1127 687 1194 746 εδεῖ
1217 685 1263 746 καί
1278 691 1389 759 ποιῆσαι
1411 687 1424 724 ⁶
1450 687 1546 768 imper.
1570 691 1624 749 Kal
1644 691 1725 760 οθτως

121 775 272 853 προσθήκης
295 779 341 832 τοῦ
366 775 478 854 ἀριθμοῦ
500 775 534 839 ὣς
557 773 649 852 γένους
674 775 700 833 έν
724 778 762 854 τῷ
781 777 900 854 ὁρισμῷ,
946 771 1147 849 άνασκευάσεις,
1162 774 1247 835 καίτοι
1261 780 1306 835 τοῦ
1320 776 1471 855 ὁριζομένου
1485 776 1533 848 τὴν
1548 775 1636 858 ψυχὴν
1655 779 1724 838 οὕτω

121 861 215 946 φησίν·
233 858 274 921 ὅτι
291 865 314 921 εί
329 862 446 940 δώσομεν
470 860 510 920 ὅτι
532 865 546 921 δ
561 862 669 944 ἀριθμδς
692 863 763 943 γένος
779 863 834 922 ἐστί
854 869 901 935 τῆς
946 861 1014 921 κατὰ
1029 863 1088 930 τοὺς
1104 863 1295 945 Πυθαγορείους
1309 864 1468 944 ὁριζομένου.

120 955 226 1036 ψυχῆς,
253 952 436 1033 ἀφαιρεθέντος
460 949 575 1025 τούτου,
601 953 632 1011 τὸ
659 952 830 1030 καταλειφθὲν
854 955 901 1012 οὐκ
987 952 1172 1030 (Alexander
1188 953 1724 1032 Aphrodisiensis'Cornmentandhri·

121 1040 197 1100 ἔσται
212 1039 271 1118 ὅρος
287 1039 439 1100 ἀλλ’έδιον·
457 1041 486 1098 οὐ
512 1038 564 1116 μὴν
581 1041 608 1099 δὲ
625 1038 670 1099 καί
688 1039 735 1111 τὴν
751 1041 840 1101 οθοίαν
856 1042 902 1114 δη·
946 1053 1013 1099 etot.
1031 1039 1133 1119 Topic.
1147 1041 1200 1102 lib.
1216 1041 1266 1111 Vl,
1280 1061 1342 1120 cap.
1362 1049 1396 1110 εἰς
1412 1063 1478 1121 pag.
1493 1045 1562 1102 238.
1580 1044 1623 1103 cf.
1638 1043 1726 1103 Scho-

119 1129 200 1190 λιίισει
209 1135 256 1188 τοῦ
268 1129 434 1208 πράγματος·
447 1136 499 1195 πᾶς
512 1129 560 1206 μὲν
573 1128 625 1209 γάρ
637 1129 695 1208 ὅρος
708 1128 790 1189 ἴδιον·
804 1131 833 1188 ol
846 1129 899 1206 μὴν
947 1128 987 1186 lia
1002 1131 1033 1186 in
1047 1129 1170 1188 Aristot.
1186 1149 1253 1208 pag.
1273 1150 1342 1206 29⁰·
1360 1131 1392 1188 Β.
1412 1131 1524 1210 Scripsi
1541 1153 1547 1188 :
1562 1137 1574 1166 ⁸
1588 1131 1725 1211 περιττός,

120 1221 166 1279 καλ
180 1217 211 1277 τὸ
226 1217 357 1276 ἀνάπαλιν
369 1219 499 1300 ὁποτέρως
514 1217 561 1295 μὲν
574 1209 618 1276 οθν
629 1217 685 1296 ἔχει
699 1217 770 1295 ὅμως
783 1217 900 1298 χαλεπόν
946 1214 1005 1289 λε’,
1019 1214 1036 1288 ἢ
1050 1215 1088 1290 ζ’;
1101 1217 1185 1278 codd.
1199 1217 1327 1297 περιττός,
1343 1217 1430 1291 λε’,ἣ
1443 1218 1475 1288 ξ’.
1487 1221 1550 1264 -θ
1563 1221 1670 1280 ἀπὸτοῦ
1686 1218 1724 1294 ζ’;

121 1311 176 1367 ἐστι
193 1307 396 1386 διασαρηυέσαι,
412 1310 536 1387 ὁπότερον
552 1305 625 1384 γένος
639 1310 729 1389 ψυχῆς
745 1310 759 1365 ὁ
774 1307 900 1388 ἀριθμός,
948 1304 1033 1364 codd.
1048 1305 1101 1365 ἀπὸ
1113 1309 1159 1364 τοῦ
1171 1304 1201 1375 ξ’.
1215 1337 1255 1352 -
1276 1315 1287 1342 ⁸
1303 1306 1462 1378 ἒκὸληθῆναι
1486 1329 1552 1366 cum
1568 1308 1662 1381 codd;
1678 1311 1722 1367 re«

119 1396 139 1470 ἢ
163 1395 208 1457 οὗ·
234 1397 280 1456 καὶ
296 1395 421 1474 πότερον,
444 1397 627 1476 ἀφαιρεθέντος
645 1401 692 1454 τοῦ
720 1400 846 1474 ἀριθμοῦ,
868 1395 899 1455 τδ
948 1393 1023 1452 etius
1037 1394 1243 1454 ἐκέαλεῖν.-“
1259 1395 1480 1470 ποιῆσαιςεοιίιί.
1496 1399 1615 1468 ποιῆται.
1631 1395 1685 1476 -)

121 1485 344 1562 καταλειπόμενον
366 1483 473 1566 δρισμές
489 1487 545 1543 ἐστι
560 1487 608 1555 τῆς
630 1486 739 1564 ψυχῆς,
753 1483 771 1555 ἢ
788 1487 865 1558 ἴδιον,
882 1482 901 1556 ἢ
985 1502 1022 1543 te.
1039 1481 1163 1551 Τοιοῦτός
1177 1485 1233 1544 ἐστι
1251 1483 1325 1543 >tell
1342 1484 1392 1543 θπδ
1409 1485 1591 1564 Ξενοκράτους
1604 1489 1651 1558 τῆς
1673 1488 1725 1565 ψυ-

121 1575 168 1634 ot·
186 1574 301 1651 μείζονος
316 1573 366 1653 γδιρ
383 1573 498 1653 σκέψεως
510 1576 527 1644 ἡ
539 1571 599 1652 περί
610 1577 687 1631 τοῦτο
702 1571 809 1646 ζήτησις
823 1572 841 1646 ἢ
855 1576 901 1645 τῆς
945 1575 996 1651 χῆς
1012 1571 1149 1639 άποδοθείς
1163 1572 1283 1652 ὁρισμός·
1297 1573 1405 1651 άριθμδς
1418 1573 1469 1654 γάρ
1485 1573 1563 1654 ρησίν
1576 1576 1632 1632 ἐστι
1645 1577 1725 1633 κινῶν

122 1667 299 1734 διαλεκτικῆς.
947 1657 1038 1717 ἑαυτόν
1048 1662 1078 1716 ·δ
1092 1657 1142 1736 γὰρ
1152 1665 1244 1718 τοῦτον
1255 1663 1368 1725 ἀκούσας
1381 1660 1454 1720 οὐδὲν
1466 1663 1567 1720 εἰκάσαι
1580 1663 1624 1721 καλ
1635 1663 1726 1723 λαθεῖν

120 1764 128 1816 t
164 1751 346 1832 {Alexander
356 1750 595 1830 Aphrodisieneis
607 1748 769 1811 Comment.
784 1752 820 1810 ad
834 1752 900 1810 hri·
946 1747 1057 1816 έξαύτοῦ
1070 1750 1318 1831 τῶντῇψυχῇῆτῷ
1329 1748 1387 1830 ζῴῳ
1398 1749 1724 1828 θποιρχάντωνδυνήσεται.

119 1855 187 1903 stot.
206 1841 309 1919 Topic.
324 1837 374 1898 lib.
387 1837 438 1912 vl,
454 1858 517 1918 cup.
535 1839 564 1912 3,
578 1859 645 1916 pag.
664 1860 732 1901 αιι,
745 1839 791 1901 Cf.
808 1841 899 1900 Scho-
988 1835 1235 1914 (Philoponusad
1247 1839 1354 1898 librum
1367 1837 1557 1898 lAristotelis
1571 1841 1607 1898 de
1622 1841 1728 1899 Anima

119 1931 158 1987 lia
174 1929 206 1988 in
220 1931 341 1987 Aristot.
354 1947 422 2004 pag.
438 1929 494 2000 287
511 1927 544 1987 B.
556 1927 601 1986 ed.
615 1927 747 1987 Brendis.
762 1927 813 1986 ubi
825 1951 900 2007 prae-
946 1923 1006 1981 1²⁰¹·
1022 1923 1053 1980 Β·
1070 1933 1098 1993 [ι.
1114 1926 1123 2001 l

120 2029 196 2076 terea
215 2017 271 2074 hcc
295 2014 429 2072 scholion
451 2034 467 2072 e
489 2012 600 2071 codicis
624 2013 749 2091 alicujus
771 2020 901 2091 margine
984 2029 1021 2070 ιι.
1040 2011 1116 2072 Πολὺ
1132 2011 1160 2072 δὲ
1174 2017 1227 2073 τῶν
1240 2015 1385 2095 εἰρημένων
1400 2012 1579 2093 ἀλογώτερον,
1596 2014 1626 2073 τὸ
1639 2014 1726 2095 λέγειν

120 2108 240 2185 petitum
255 2105 393 2162 allertur:
411 2105 445 2170 ὡς
460 2101 628 2183 Ξενοκράτης
639 2101 743 2179 ὡρίζετο
757 2101 840 2180 λέγων
853 2104 900 2178 τὴν
946 2100 1053 2182 σἰριθμδν
1077 2091 1145 2160 ε’ίναι
1167 2104 1216 2176 τὴν
1236 2104 1325 2186 ψυχὴν
1353 2103 1465 2164 κινοθνθ
1487 2102 1594 2163 ἑαυτόν·
1614 2105 1728 2184 ὑπάρχει

119 2192 208 2274 ψυχὴν
227 2190 335 2272 α’ριθμδν
352 2190 429 2248 αὐτὸν
451 2190 543 2248 ἑαυτὸν
563 2195 695 2248 κινοῦντα.
710 2190 765 2250 Kat
780 2193 824 2250 τὀν
849 2193 895 2270 μὲν
945 2190 996 2270 γὰρ
1014 2192 1102 2258 αὐτοῖς
1119 2191 1251 2266 ἀδύνατα,
1275 2196 1369 2273 πρῶτα
1385 2193 1432 2270 μέν
1446 2191 1480 2251 τδι
1494 2195 1523 2251 ἐκ
1537 2196 1584 2250 τοῦ
1598 2199 1726 2252 κινεῖσθαι

120 2281 230 2360 ἀριθμὸν
242 2278 373 2355 tandem
386 2281 420 2344 ὡς
436 2279 519 2356 γένος,
530 2278 561 2336 τδ
572 2277 599 2338 δέ
609 2277 699 2338 λοιπδν
710 2281 745 2346 ὡς
760 2281 898 2361 διαφοράν.
946 2278 1140 2356 συμθαίνονεα,
1156 2279 1208 2361 tete
1222 2281 1249 2338 δὲ
1263 2283 1292 2339 ἐκ
1306 2287 1353 2340 τοῦ
1366 2279 1452 2359 λέγειν
1465 2279 1547 2350 αὐτὴν
1563 2280 1684 2358 ἀριθμόν.

118 2371 262 2430 Caeterum
286 2370 318 2428 in
345 2367 505 2426 Alexandri
528 2367 628 2426 verbis
650 2371 672 2428 εἰ
694 2367 812 2444 δώσομεν
846 2392 900 2450 pro
990 2367 1180 2445 (Aristoteles
1191 2369 1227 2428 de
1238 2367 1406 2428 hnimnlib.
1422 2369 1448 2446 l,
1463 2388 1527 2446 cap.
1541 2377 1557 2435 t
1572 2388 1639 2445 pag.
1657 2373 1724 2436 408.

119 2458 355 2517 membranarum
376 2456 502 2514 lectione
518 2457 541 2515 et
565 2455 691 2533 δώσωμεν
708 2460 809 2536 posui;
826 2459 899 2518 Pla·
945 2451 979 2509 Β·
995 2455 1040 2512 ed·
1056 2455 1197 2534 Bekker.)

119 2547 199 2608 tonis
214 2559 307 2604 autem
326 2546 357 2604 in
370 2545 494 2603 Phaedro
505 2545 586 2604 locus
601 2559 646 2604 est
656 2565 723 2624 pag.
741 2549 814 2621 αλδ,
823 2550 901 2608 unde
985 2537 1023 2604 le.
1037 2541 1115 2603 Μετδι
1134 2543 1160 2602 δὲ
1176 2550 1260 2604 ταῦτα
1277 2545 1405 2623 διελέγχει
1418 2541 1462 2601 τδν
1479 2541 1656 2620 Ξενοκράτους
1669 2548 1725 2623 θρι-

117 2655 219 2694 verem
243 2634 399 2694 sumsimus
420 2634 592 2712 scripturam
617 2635 795 2714 αἰσχυνεῖται,
811 2657 900 2715 quum
946 2631 1012 2708 σμδν
1028 2635 1074 2702 τῆς
1088 2634 1188 2713 ψυχῆς,
1205 2637 1234 2692 οὗ
1250 2631 1315 2713 πρδς
1328 2630 1444 2708 τοῦνομα
1459 2637 1504 2690 τοῦ
1519 2631 1630 2710 ἀριθμοῦ
1645 2632 1729 2710 μαχό-

118 2724 232 2800 vulgeti
251 2721 319 2780 libri
334 2719 459 2780 habeant
474 2720 660 2801 αἰσχύνεται.)
947 2744 1035 2798 μενος,
1062 2720 1097 2788 ὥς
1121 2743 1201 2803 φησιν
1224 2721 1385 2802 Ἀνδρόνικος
1402 2718 1449 2780 καί
1476 2718 1637 2800 Πορφύριος,
1659 2723 1728 2780 ἀλλὰ

159 2833 196 2874 επ.
217 2810 285 2871 Εἰπὲ
302 2799 346 2868 οὗν
363 2811 388 2868 εἰ
404 2812 419 2867 δ
433 2809 559 2889 ἀριθμός,
581 2799 797 2890 έθΞενόκρατες,
815 2811 832 2886 ἢ
849 2837 898 2873 πε·
945 2808 991 2869 καί
1007 2809 1076 2869 πάνυ
1088 2809 1135 2882 rhu
1151 2811 1267 2870 διάνοιαν
1278 2813 1407 2884 ἐπιζητῶν
1423 2809 1470 2882 τὴν
1484 2809 1679 2889 Ξενοκράτους,
1691 2816 1726 2880 ὡς

119 2899 207 2982 ριττός
230 2903 314 2976 ἐστιν,
340 2897 510 2976 illigaturi
534 2899 606 2978 ψυχὴ
621 2897 639 2970 ἢ
664 2899 753 2980 ἄρτιός
773 2902 858 2976 ἐστιν,
882 2900 899 2974 ἢ
947 2898 1023 2970 δῆλόν
1038 2903 1151 2959 ἐστινέκ
1168 2904 1219 2960 τῶν
1234 2902 1294 2982 περὶ
1305 2899 1418 2968 Φύσεως
1435 2901 1507 2979 αὐτῷ
1521 2900 1726 2980 γεγραμμένων·

118 2987 257 3069 περιττός·
280 2985 324 3046 καί
339 2989 363 3046 el
379 2985 484 3065 ἄρτιος,
508 2984 662 3067 ἣτέτταρές
679 2987 794 3063 ἐστιν,ἣ
821 2987 847 3056 d
856 3013 863 3028 ·
878 2993 900 3049 el
946 2991 973 3048 ἐν
989 2977 1026 3054 οἷς
1041 2987 1072 3046 δν
1087 2987 1182 3068 δόξειε,
1200 2989 1341 3068 μοναδικδν
1356 2999 1439 3049 ποιεῖν
1453 2987 1564 3069 άριθμδν
1578 2989 1626 3060 τὴν
1637 2990 1745 3070 ψυχὴν.

120 3078 151 3138 δέ
164 3075 283 3152 περιττός
294 3074 346 3150 ’,ἢ
363 3074 396 3148 ε’,
409 3073 427 3147 ἢ
439 3073 475 3145 ζ’·
488 3079 505 3148 ἡ
521 3065 564 3134 οὖν
579 3073 652 3156 ψυχὴ
672 3075 698 3134 τί
712 3079 783 3150 ἔστι,
802 3077 824 3136 δ’
839 3077 856 3150 ἢ
869 3079 900 3154 ε’,
946 3081 961 3136 δ
983 3075 1167 3158 Ξενοκράτης·
1185 3083 1278 3138 τοῦτον
1293 3079 1344 3158 γάρ
1359 3078 1404 3138 τδν
1419 3077 1496 3158 λόγον
1511 3076 1576 3158 φησὶ
1589 3079 1657 3138 πολὺ
1674 3083 1725 3139 τῶν

118 3167 167 3228 καί
187 3165 244 3225 incl
264 3167 294 3224 ἐκ
307 3165 403 3230 παντὸς
423 3167 535 3243 ἀριθμοῦ
551 3162 747 3240 ίκὸαλλομένης
770 3167 896 3246 μονάδος,
948 3166 1092 3248 εἰρημένων
1110 3168 1275 3246 ἀλογώτατον
1291 3160 1368 3228 εἶναι.

120 3256 207 3336 ἔτερος
220 3253 327 3335 ἀριθμδς
337 3252 543 3324 καταλείπεται,
556 3243 608 3310 οἷον
620 3251 672 3312 ἀπὸ
686 3259 732 3313 τοῦ
747 3254 773 3322 ς’
789 3257 844 3330 δέ,
855 3256 899 3316 καί
985 3258 995 3333 (
1004 3255 1183 3315 Themistius
1208 3257 1239 3314 iu
1263 3256 1405 3335 Paraphr.
1430 3255 1549 3315 Aristeu
1576 3257 1631 3318 lib.
1654 3257 1668 3316 l
1693 3259 1728 3318 de

119 3503 229 3567 apparet,
242 3499 381 3551 immortale
394 3512 466 3561 esec,
483 3497 551 3563 quod
568 3511 595 3550 ee
607 3499 688 3562 ipsum
707 3503 902 3557 moveat.emnu
948 3499 1076 3564 linquitur,
1086 3499 1179 3552 retute
1190 3500 1286 3551 senario
1300 3499 1444 3563 quinarius',
1461 3499 1628 3564 eeeptenario
1643 3511 1730 3550 rursus

120 3593 234 3642 naturam
261 3588 431 3654 rationemque
462 3588 510 3639 hoe
531 3587 653 3653 appellere
676 3601 748 3639 nemo
777 3590 901 3640 vereatur.
946 3588 1072 3652 seuerius,
1092 3601 1167 3652 quem
1185 3603 1317 3640 numerum
1332 3589 1455 3640 exanimo
1475 3589 1565 3653 ejicere
1583 3589 1682 3652 oportet
1704 3589 1730 3636 et

121 3679 265 3732 Praesertim
283 3691 361 3742 quum
379 3690 497 3728 numerus
517 3691 567 3728 non
588 3675 622 3726 sit
635 3689 712 3741 genoe
732 3676 820 3740 animi,
833 3677 904 3740 quast
947 3675 1046 3727 efficere
1060 3676 1184 3728 alterum?
1202 3680 1282 3742 Atque
1297 3677 1395 3727 iterem
1412 3675 1548 3736 refutante,
1563 3674 1662 3725 temetsi
1676 3674 1727 3723 tini·

120 3781 180 3819 roro
192 3768 266 3818 instet
280 3767 411 3830 quiequam
429 3768 453 3817 ot
463 3765 542 3828 dicat,
561 3766 687 3829 quomodo
705 3765 742 3816 ais
756 3766 840 3817 demto
853 3780 899 3816 nn·
947 3765 1108 3817 ieronimum
1122 3767 1156 3817 ite
1167 3766 1302 3822 secundum
1316 3765 1483 3827 ennagonus
1496 3762 1559 3812 linit.

119 3857 181 3908 ’Μή
190 3856 268 3907 '‘fb‘'
280 3854 448 3906 d⁰fi¹¹lll⁰⁰⁸m
460 3869 508 3905 ⁰⁰¹¹
523 3854 663 3918 wrmml’l?
680 3857 764 3906 (ΜΒ
776 3855 852 3916 enim*
863 3855 903 3904 in·
976 3886 1016 3932 43.
1032 3882 1097 3932 Telis
1111 3885 1150 3933 est
1173 3885 1227 3934 eta
1249 3883 1385 3931 xenocrate
1403 3877 1496 3929 tradita
1507 3876 1582 3927 enimi
1597 3875 1706 3926 delinitio
1720 3895 1727 3926 :

121 3949 190 4012 ‘lili‘
207 3945 283 3996 ”nimi
302 3959 420 3995 flumem
433 3946 471 3994 ⁸⁵²
483 3945 620 3996 mundum
634 3947 797 3995 immilem
808 3948 834 3996 el
848 3946 904 3994 ΡΜ·
949 3983 1065 4020 numerus
1077 3970 1156 4032 enim,
1170 3970 1262 4034 inquit.
1280 3971 1320 4020 est
1336 3981 1363 4017 se
1380 3967 1462 4031 ipsum
1479 3979 1580 4016 movens
1594 3979 1600 4006 τ
1616 3978 1672 4014 unm
1685 3965 1728 4028 qui

126 4042 211 4088 ¹⁰⁰⁰¹⁰
227 4037 253 4085 οι
266 4033 323 4084 addi
333 4027 434 4098 imi
449 4033 642 4085 ”mmmmm
657 4037 685 4084 ¹¹²
698 4034 793 4097 3⁰⁰⁰¹l⁸
804 4033 830 4083 in
841 4033 904 4083 Μ’·
949 4073 1003 4109 enm
1022 4057 1115 4108 audivit
1128 4057 1188 4108 nihil
1207 4069 1236 4108 ex
1257 4071 1287 4107 ce
1302 4055 1423 4118 conjicere
1440 4053 1481 4106 vel
1501 4051 1628 4117 concipere
1648 4055 1730 4104 mente

121 4129 230 4180 ultione:
243 4125 330 4190 quiesi
343 4124 506 4175 concedemus
517 4139 646 4175 numerum
659 4139 715 4176 esse
729 4137 806 4189 genus
815 4125 898 4187 enimi,
948 4147 1039 4212 poterit
1049 4160 1148 4210 eorum,
1161 4161 1219 4210 ,μω
1230 4145 1311 4196 ,ΠΜ
1321 4145 1362 4195 vel
1373 4143 1472 4194 animali
1482 4143 1573 4192 insunt·

120 4213 905 4277 demtoeorerbqldquodreetebitnoneritdelinitio,sedprc-

121 4305 203 4370 prium
215 4303 295 4367 qnid:
310 4305 452 4363 nontamen
465 4305 491 4352 et
500 4303 537 4352 rei
550 4303 663 4353 naturam
675 4302 792 4352 indicabit
806 4320 812 4348 ε
826 4303 906 4354 omnis

121 4395 186 4470 enim
203 4391 312 4442 delinitio
323 4393 447 4456 proprium
461 4409 467 4440 ε
482 4405 530 4442 non
543 4393 661 4442 tamenn
672 4395 764 4453 contre,
777 4395 904 4442 utrocun-

124 4499 174 4550 que
186 4483 259 4534 modo
270 4495 297 4534 ee
310 4481 402 4536 habet.
415 4481 519 4534 difficile
529 4484 568 4534 eet
577 4481 717 4545 declarare,
732 4485 816 4534 utrum
830 4497 906 4548 genus

121 4571 198 4622 inimi
217 4581 336 4620 numerus
350 4568 391 4630 eit,
406 4581 453 4619 nee
468 4582 499 4619 ne
513 4571 670 4632 rotumum,
692 4569 776 4620 demto
791 4584 904 4632 numero,

121 4659 248 4722 reliquum
266 4669 310 4722 pro
330 4657 405 4708 animi
425 4655 567 4708 delinitione
587 4657 727 4708 habendum
746 4659 792 4723 eit,
810 4674 840 4710 nn
862 4675 907 4724 pro

120 4747 235 4814 proprio,
249 4761 295 4798 nec
315 4761 346 4798 ne
362 4759 440 4810 :nem
458 4747 561 4799 acrioris
574 4747 729 4811 cogitationis
751 4751 856 4813 quaestto
875 4752 907 4802 de
981 4749 1020 4795 le.
1034 4745 1093 4795 Post
1108 4743 1163 4794 hac
1181 4743 1325 4794 Aristoteles
1338 4739 1466 4803 redarguit
1479 4737 1554 4788 enimi
1564 4736 1729 4789 definitionem

121 4837 172 4888 hee
186 4839 236 4899 eet,
250 4849 326 4901 quem
335 4836 478 4888 dialectice.
949 4835 1111 4885 elienocrete
1124 4833 1274 4897 propositum
1283 4869 1290 4894 ,
1299 4845 1348 4881 non
1359 4829 1455 4880 numeri
1475 4842 1562 4879 nomen
1573 4829 1729 4891 impugnem,

155 4929 195 4975 te.
217 4924 262 4974 [tic
275 4924 359 4990 igitur,
375 4925 533 4986 xmoeratea,
547 4925 569 4976 ei
588 4933 706 4976 numeret
719 4925 760 4976 rel
771 4925 851 4990 impu
868 4931 907 4978 cst
950 4927 979 4974 ut
990 4924 1058 4988 ajunt
1071 4921 1222 4973 Andronicus
1233 4923 1259 4971 et
1269 4919 1433 4984 Porphyrius,
1444 4917 1487 4968 sed
1497 4916 1596 4967 omuino
1609 4917 1727 4964 xenoeru·

124 5013 164 5064 vel
181 5027 235 5078 par,
257 5027 317 5062 num
333 5011 431 5063 enimus
446 5014 479 5064 sit
492 5027 537 5078 par
552 5027 583 5065 en
594 5015 673 5079 imper
687 5031 693 5064 :
706 5015 732 5065 et
742 5013 764 5066 ei
780 5027 833 5078 per,
845 5029 905 5066 num
948 5016 982 5066 tis
993 5013 1138 5065 sententiam
1150 5011 1306 5072 desiderans,
1325 5011 1353 5059 ut
1368 5008 1510 5072 intelligitur
1521 5021 1535 5056 e
1547 5005 1616 5056 libris
1630 5004 1683 5068 ejus
1698 5005 1729 5056 de

120 5103 230 5164 quatuor
239 5100 280 5162 sit,
293 5113 325 5150 en
339 5112 401 5151 sex:
414 5101 434 5151 ei
448 5101 535 5166 impar,
549 5115 608 5152 num
623 5103 740 5166 quinque,
754 5115 784 5152 ειι
797 5104 904 5168 κυρίοισι
949 5105 1043 5153 Netum
1063 5116 1069 5147 ι
1093 5103 1119 5152 in
1133 5100 1222 5164 quihus
1244 5097 1322 5148 videri
1347 5098 1429 5160 potest
1450 5095 1596 5144 xenocrates
1620 5091 1728 5144 animum

121 5191 162 5240 est
172 5187 248 5251 igitur
263 5188 360 5239 animus
374 5187 480 5252 aliquid,
495 5194 601 5254 quatuor
614 5191 783 5257 requieque,
798 5193 823 5243 et
842 5207 903 5258 que·
950 5191 1069 5240 unitatem
1083 5189 1163 5239 iacere
1173 5203 1179 5233 ι
1190 5186 1254 5236 hauc
1263 5185 1328 5236 euim
1341 5183 1459 5234 rationem
1469 5182 1547 5234 multo
1558 5181 1729 5234 eheurdiorcm

122 5277 190 5330 niem
203 5291 234 5329 ex
245 5277 312 5328 omni
320 5291 426 5330 numero
443 5277 522 5342 ejecte
534 5279 645 5344 uniente,
656 5281 718 5332 alter
729 5295 848 5334 numerus
864 5296 902 5332 re·
949 5295 1017 5342 csse,
1032 5293 1106 5349 quam
1117 5294 1146 5329 ea
1158 5291 1214 5346 que
1224 5275 1291 5326 dicte
1303 5276 1375 5338 sunt,
1388 5271 1504 5328 affirmat.

980 4277 1020 4324 lt.
1036 4271 1111 4335 Atqui
1123 4283 1255 4321 numerum
1268 4269 1378 4320 animum
1396 4281 1451 4320 esse
1471 4267 1596 4318 eitirrnere
1610 4266 1731 4330 seipsum

949 4365 1018 4414 motu
1031 4361 1150 4422 cientem,
1165 4360 1244 4410 multo
1255 4357 1390 4410 absurdius
1404 4359 1444 4408 eet
1459 4369 1535 4421 quem
1546 4369 1575 4407 ee
1591 4367 1648 4420 que
1663 4355 1732 4406 dicta

950 4453 1014 4502 suut.
1047 4453 1158 4513 Itemque
1170 4449 1200 4498 iis
1207 4448 1250 4514 qui
1260 4447 1309 4498 hee
1320 4445 1459 4509 affirment,
1470 4458 1499 4496 en
1510 4445 1619 4510 primum
1630 4457 1687 4506 que
1701 4457 1731 4494 cx

948 4543 1019 4592 motu
1032 4539 1152 4602 oriuntur,
1166 4537 1327 4602 impossibilia
1341 4539 1409 4599 sunt,
1426 4535 1515 4586 deinde
1529 4548 1640 4586 seorsum
1658 4546 1730 4598 que-

950 4629 1007 4680 dem
1022 4642 1050 4679 ex
1064 4641 1094 4678 eo
1104 4627 1169 4692 qnod
1181 4627 1261 4690 ipsum
1272 4640 1326 4677 esse
1341 4637 1472 4676 numerum
1485 4623 1578 4674 dieunt.
