3958 5942
828 435 1081 500 FRAGMENTA.

146 575 191 629 τοῦ
209 568 347 647 Εθδήμον,
362 570 398 635 ὥς
412 566 515 648 εἴρηται
529 567 665 649 πρότερον,
678 568 708 628 τό
721 568 841 641 ἀκένητον
853 573 887 637 ὡς
899 571 926 630 έν

146 663 198 717 τῶν
215 658 275 736 περὶ
285 657 366 716 τόπου
379 655 533 732 ἀξιωμάτων
547 659 755 738 προειληφότων.
769 659 850 718 Idem
872 661 923 722 iol.

149 758 215 815 141.
229 746 260 807 b.
273 747 340 806 ἀλλὰ
351 745 404 823 μὴν
414 743 494 803 καὶτὸ
503 746 624 818 ἀκίνητον
636 737 700 805 εἶναι
712 747 756 807 τόν
764 749 842 808 τόπον
852 752 866 807 6
878 749 926 826 μέν

144 835 313 914 Θεόφραστος
329 834 375 894 καὶ
398 832 518 911 Εὔδημος
531 838 566 901 ὡς
581 834 683 910 ἀξίωμα
703 835 748 894 καὶ
766 837 828 896 αὐτὸ
846 859 927 916 προσ-

144 924 325 1003 λαμὸένουσιν
341 924 412 1004 (leg.
431 924 505 982 αὐτοὶ
517 923 773 1002 προλαμόένοοσιν),
791 929 804 982 6
819 926 845 984 δέ
860 925 928 1002 Ἀρι-

145 1013 268 1086 στοτέλης
277 1017 315 1094 τῷ
324 1017 425 1094 ὁρισμῷ
434 1011 590 1092 προστίθησι
600 1012 690 1090 λέγων·
702 1010 769 1070 ὥστε
782 1013 812 1072 τὸ
823 1018 870 1072 τοῦ
880 1037 926 1074 πε·

145 1105 273 1182 ριέχοντος
291 1101 369 1180 πέρας
378 1105 481 1180 πρῶτον
498 1099 628 1174 ἀκίνητον,
643 1104 713 1159 τοῦτ’
728 1101 798 1160 ἔστιν
809 1105 823 1159 6
835 1101 923 1169 τόπος.

145 1194 180 1252 ci.
195 1214 226 1271 p.
244 1214 311 1252 αιο.
325 1212 351 1254 a.
371 1189 439 1270 το.)

184 1301 221 1340 tt.
244 1270 292 1339 Ὧι
305 1281 351 1357 μέν
364 1273 408 1338 obv
424 1274 528 1354 σώματι
539 1277 595 1336 ἔστι
608 1300 635 1336 τι
653 1277 727 1346 ἐκτὸς
742 1282 820 1353 σῶμα
833 1278 925 1357 περιέ-

144 1391 191 1448 χον
205 1370 283 1442 αὐτό,
298 1361 376 1429 τοῦτό
389 1371 457 1427 ἔστιν
472 1369 499 1426 ἐν
510 1366 597 1448 τόπῳ,
612 1358 634 1447 ‘l‘
651 1366 677 1425 δὲ
692 1366 749 1444 μή,
764 1365 803 1428 ού.
819 1367 867 1426 Διὸ
877 1368 925 1426 κόν

145 1457 216 1536 ὕδωρ
232 1457 338 1536 γένηται
349 1461 469 1528 τοιοῦτο,
485 1453 519 1511 τόν
534 1457 582 1530 μέν
598 1457 677 1537 μόρια
692 1455 827 1528 κινήσεται
843 1459 923 1516 αὐτοῦ

147 1546 313 1625 (περιέχεται
326 1546 376 1623 γὰρ
388 1546 432 1602 ὑπ’
444 1541 590 1619 ἀλλήλοιν),
604 1545 634 1602 τό
649 1542 675 1601 δέ
688 1552 741 1601 πᾶν
756 1542 811 1602 ἔστι
827 1541 875 1620 μέν
889 1549 925 1612 ὡς

145 1634 281 1706 κινήσεται
289 1633 370 1693 ἔστιδ’
377 1638 410 1701 όις
417 1631 458 1692 ού.
470 1629 573 1708 Ὡςμέν
583 1633 633 1714 γὰρ
645 1631 715 1708 ὅλον,
728 1631 784 1706 ἅμα
792 1632 834 1690 τὸν
845 1632 923 1692 τόπον

144 1725 173 1782 οὐ
184 1721 356 1800 μεταὸόλλει,
366 1721 455 1803 κύκλῳ
464 1721 490 1780 bl
500 1721 642 1792 κινήσεται·
651 1723 702 1778 τῶν
714 1720 811 1799 μορίων
822 1720 872 1798 γὰρ
880 1713 909 1779 ού

141 1837 185 1880 τος
195 1815 300 1878 ὁτόπος·
308 1811 353 1870 καὶ
362 1811 415 1871 ἄνω
426 1813 473 1890 μέν
481 1814 526 1873 καὶ
534 1812 606 1871 κότον
616 1808 656 1884 οὔ,
668 1809 756 1890 κύκλῳ
767 1811 792 1869 δ’
805 1809 869 1872 ένια.
878 1811 920 1870 Τόν

142 1900 226 1960 δὲκαὶ
238 1902 293 1962 ἄνω
307 1900 353 1960 καλ
363 1902 445 1974 κότον,
456 1901 504 1962 ὅσα
517 1903 572 1981 ἔχει
583 1899 714 1959 πύκνωσιν
730 1901 775 1957 καὶ
793 1899 920 1975 μένωσιν.

140 1989 249 2068 Ὠσπερ
260 1990 283 2049 δ’
297 1991 402 2070 ἐλέχθη,
413 1990 445 2050 τέι
457 1991 503 2068 μέν
520 1994 589 2050 ἐστιν
603 1991 628 2046 έν
637 1988 787 2068 τόπῳκατὰ
802 1989 921 2064 δύναμιν,

141 2077 206 2138 τόδὲ
217 2081 275 2138 κατ’
288 2080 428 2158 ἐνέργειαν.
442 2079 556 2140 obtem
567 2078 614 2155 μὲν
624 2075 728 2157 συνεχὲς
736 2067 788 2157 ήτθ
801 2080 922 2154 ὁμοιομε-

142 2171 199 2247 ρές,
214 2167 282 2226 κατὰ
295 2167 402 2241 δύναμιν
413 2171 439 2226 ἐν
448 2171 522 2250 τόπῳ
536 2167 568 2226 τὰ
584 2165 668 2246 μέρη,
678 2164 741 2224 ὅταν
757 2165 783 2223 δὲ
801 2171 920 2245 χῳρισθῇ

143 2256 209 2334 μέν,
222 2255 338 2327 όπτηται
349 2257 371 2314 δ’
383 2255 473 2337 ὥσπερ
485 2257 580 2339 σωρός,
597 2257 655 2314 κατ’
670 2255 809 2334 ἐνέργειαν.
825 2254 878 2314 Kol
888 2254 922 2314 τὰ

143 2345 191 2421 μὲν
206 2345 262 2404 καθ’
278 2343 362 2418 αύτό,
381 2335 434 2404 οἷον
451 2355 503 2405 πᾶν
518 2350 595 2421 σῶμα
616 2344 634 2415 ἢ
649 2343 717 2402 κατὰ
732 2341 816 2423 φορὰν
830 2341 847 2412 6
862 2346 920 2401 κατ’

143 2432 250 2505 αὔξησιν
263 2432 366 2506 κινητόν
382 2437 443 2492 καθ’
456 2433 520 2494 αὑτό
532 2457 583 2492 που
596 2478 604 2509 ,
621 2434 635 2490 6
653 2433 675 2490 δ’
691 2429 814 2510 οὐρανός,
831 2428 921 2509 ὥσπερ

141 2519 299 2600 εύρηται,ού
314 2545 365 2581 που
381 2523 438 2590 ὅλος
454 2523 508 2582 οὐδ’
529 2523 556 2581 έν
579 2545 629 2580 τινι
651 2519 725 2600 τόπῳ
746 2519 835 2591 torio,
853 2517 921 2596 εἴγε

141 2610 225 2686 μηδὲν
251 2610 327 2670 αὐτόν
350 2611 466 2691 περιέχει
491 2615 580 2688 σῶμα.
623 2600 716 2691 Ἐρίῷ
740 2608 768 2668 δὲ
792 2616 920 2681 κινεῖται,

141 2697 225 2778 ταύτῃ
240 2699 285 2756 καλ
297 2697 375 2765 τόπος
399 2700 456 2758 ἐστὶ
474 2701 527 2766 τοῖς
548 2697 653 2778 μορίοις·
669 2698 756 2777 έτερον
769 2695 821 2775 γόιρ
834 2697 921 2775 ἑτέρου

141 2787 267 2866 ἐχόμενον
281 2789 332 2844 τῶν
346 2787 441 2868 μορίων
463 2787 543 2850 ἐστίν.
587 2786 630 2846 Τὰ
650 2785 677 2845 δέ
697 2783 766 2846 κατθι
784 2784 921 2861 συμόεθη-

140 2877 198 2948 κός,
215 2865 267 2934 οἷον
291 2875 396 2957 ἡψυχὴ
418 2876 496 2936 καλό
520 2875 633 2955 οὐρανός·
656 2874 691 2934 τό
712 2872 763 2952 γθιρ
792 2873 872 2952 μόρια
893 2875 920 2931 έν

139 2967 213 3045 τόπῳ
233 2987 289 3030 ποις
314 2965 408 3024 πόντα·
424 2966 467 3023 ἐπὶ
489 2969 526 3046 τῷ
539 2965 629 3042 κύκλῳ
655 2961 705 3042 γθιρ
719 2961 835 3040 περιέχει
857 2961 921 3019 ἄλλο

141 3052 216 3112 ἄλλο.
257 3052 305 3111 Διὸ
316 3055 425 3112 κινεῖται
440 3053 488 3128 μὲν
503 3051 592 3130 κύκλῳ
606 3051 636 3109 τό
651 3051 718 3118 ἄνω,
732 3048 762 3107 τό
782 3049 809 3106 δέ
823 3057 876 3106 πᾶν
891 3047 920 3107 ού

140 3165 202 3200 που.
228 3142 268 3203 Τὸ
281 3141 332 3222 γέρ
346 3164 396 3200 που
406 3141 469 3202 αὐτό
484 3143 508 3199 τ’
527 3141 583 3200 ἐστέ
593 3163 635 3215 τι,
649 3139 694 3198 καὶ
707 3139 745 3200 ἔτι
760 3137 825 3197 ἄλλο
839 3160 866 3196 τι
883 3139 920 3197 δεῖ

141 3221 294 3309 εἶναιπαρὰ
307 3235 384 3290 τοῦτο
399 3235 424 3290 ἐν
442 3222 464 3311 ᾧ
477 3231 493 3289 6
507 3230 631 3309 περιέχει·
642 3228 714 3307 παρὰ
727 3227 754 3286 δέ
767 3229 796 3286 τό
806 3235 859 3287 πᾶν
873 3227 918 3285 καλ

140 3318 200 3378 blot
222 3318 293 3378 οὐδέν
309 3321 379 3377 ἐστιν
401 3317 451 3386 ἔξω
466 3321 513 3376 τοῦ
538 3315 653 3388 παντός,
669 3314 714 3374 καλ
738 3314 781 3373 bulo
805 3321 880 3374 τοῦτο
894 3316 920 3372 ἐν

142 3411 180 3486 τῷ
195 3408 295 3484 οὐρανῷ
308 3404 404 3464 πάντα·
420 3409 433 3464 6
447 3403 498 3484 γὰρ
512 3403 618 3482 οὐρανός
636 3403 666 3462 τὸ
681 3413 733 3462 πᾶν
751 3400 824 3468 ἴσως.
840 3396 919 3462 Ἔστι

140 3496 164 3553 δ’
179 3499 193 3554 6
208 3483 286 3562 τόπος
298 3496 347 3574 οὐχ
361 3497 374 3552 6
388 3493 513 3572 οὐρανός,
531 3491 599 3552 ἀλλὰ
618 3496 664 3550 τοῦ
684 3495 791 3572 οὐρανοῦ
806 3513 831 3560 τι
849 3487 880 3548 τό
890 3488 919 3547 ἔ-

139 3605 238 3662 σχατον
260 3582 305 3641 καὶ
325 3581 473 3659 ἁπτόμενον
495 3586 542 3639 τοῦ
563 3585 668 3653 κινητοῦ
693 3579 816 3654 σώματος
838 3578 921 3659 πέρας

139 3675 263 3750 ἠρεμοῦν.
307 3669 360 3731 Καὶ
391 3671 433 3728 διὰ
455 3675 530 3730 τοῦτο
554 3674 571 3742 6
592 3671 640 3746 μὲν
664 3673 698 3746 γῆ
725 3671 752 3728 έν
775 3671 812 3746 τῷ
831 3667 939 3747 torri„

170 3869 212 3916 tr.
231 3866 277 3917 Gui
289 3865 362 3930 igilur
372 3866 469 3929 corpori
480 3867 518 3915 est
535 3863 635 3930 aliquod
654 3877 744 3928 corpus
757 3867 827 3915 extre
840 3863 918 3912 conti·

138 3969 199 4006 nens
209 3955 304 4019 ipsum,
325 3954 372 4004 boc
385 3953 410 4003 in
429 3955 482 4004 Ιοοο
501 3955 540 4004 ost
553 3971 560 4000 ε
575 3952 615 4004 cui
629 3965 687 4002 vcro
706 3953 823 4014 nonest,
839 3951 919 4000 baud·

139 4057 273 4107 quoquam.
292 4045 446 4106 Quapropter
460 4041 533 4093 etiam
553 4041 575 4091 oi
590 4055 654 4105 aqua
668 4041 742 4090 luerit
764 4039 918 4104 hujusmodi,

138 4137 222 4196 portes
233 4131 332 4194 quidem
344 4129 423 4194 ipsius
432 4130 595 4182 movebuntur
606 4129 779 4195 (continentur
790 4128 879 4179 enirnu
893 4141 920 4178 ec

1696 447 1757 510 265

973 576 1049 634 τοῦτο
1063 571 1088 630 6'
1102 575 1129 633 έν
1139 575 1178 652 τῷ
1193 572 1261 653 ἀέρι,
1272 566 1345 640 οὗτος
1359 574 1381 632 δ’
1399 575 1426 632 έν
1441 579 1479 656 τῷ
1491 577 1592 656 αἰθέρι,
1606 582 1618 636 6
1634 581 1658 637 δ’
1678 579 1756 660 αἰθήρ

974 665 999 722 ἐν
1012 665 1051 740 τῷ
1067 663 1181 740 οὐρανῷ,
1197 667 1211 722 6
1224 664 1247 720 θ’
1262 661 1370 741 οὐρανὸς
1381 664 1465 722 οὐκέτι
1476 668 1501 723 ἐν
1520 668 1602 745 ἄλλῳ.

1013 749 1201 829 [Aristoteles
1219 750 1308 828 Phys.
1331 749 1385 810 lib.
1409 750 1458 824 lv,
1479 773 1541 831 cap.
1565 755 1581 812 5
1605 776 1634 834 p.
1652 777 1717 814 νιν.
1731 779 1756 818 α

974 839 1009 895 31
1042 839 1089 898 ed.
1117 840 1237 898 bekker.
1268 841 1437 918 Simplicius
1466 841 1516 902 sol.
1550 845 1615 905 138.
1639 844 1669 905 b.
1699 847 1754 921 (cl.

973 925 1080 984 Scholl.
1097 926 1125 984 iu
1150 926 1237 987 Arist.
1255 948 1284 1005 p.
1301 929 1368 1005 379.
1389 948 1416 987 a.
1433 928 1478 986 ed.
1496 929 1637 1009 Blandis)
1652 932 1753 1003 πολλὴν

973 1013 999 1072 δὲ
1015 1013 1144 1094 ἀσάφειαν
1167 1018 1219 1082 τοῖς
1241 1017 1421 1094 προκειμένοις
1436 1016 1544 1088 ἐποίησε
1569 1019 1598 1078 τό
1619 1018 1681 1078 ποτέ
1706 1019 1753 1096 μέν

973 1101 1003 1161 τό
1017 1111 1087 1173 πᾶν,
1104 1101 1167 1162 ποτέ
1186 1102 1212 1160 δέ
1228 1102 1273 1162 τὸν
1289 1101 1397 1183 οὐρανόν
1412 1103 1563 1180 ὀνομάζειν,
1587 1104 1632 1164 καὶ
1652 1105 1755 1181 μήποτε

971 1195 1031 1272 περὶ
1045 1194 1140 1274 ἀμῳοῑν
1154 1194 1267 1252 ποιεῖται
1281 1192 1324 1252 τόν
1339 1194 1416 1270 λόγον
1433 1196 1468 1258 ὡς
1483 1193 1528 1251 ἕνα
1542 1194 1585 1252 τόν
1600 1195 1658 1254 όλον
1674 1197 1756 1274 ούρα-

971 1281 1012 1338 νόν
1028 1281 1264 1360 παραλαμόοίνοιν,
1277 1283 1323 1341 καὶ
1339 1283 1382 1340 διὰ
1399 1281 1448 1354 τήν
1465 1283 1547 1354 αὐτὴν
1560 1283 1663 1356 αἰτίαν,
1687 1282 1756 1362 φημὶ

971 1367 1003 1440 δὴ
1018 1370 1059 1428 διὰ
1077 1369 1105 1426 τό
1122 1368 1159 1444 μή
1174 1370 1339 1449 περιέχεσθαι
1361 1371 1412 1428 ύπό
1428 1393 1511 1448 τινος,
1539 1371 1635 1446 ὁμοίοις
1653 1372 1698 1430 καὶ
1725 1372 1755 1432 τὸ

970 1468 1023 1516 πᾶν
1040 1458 1084 1517 καὶ
1105 1459 1148 1516 τὸν
1161 1458 1272 1538 οὐρανὸν
1297 1457 1380 1534 λέγων
1397 1458 1434 1534 μή
1449 1449 1516 1516 εἶναι
1533 1461 1560 1517 έν
1577 1461 1661 1540 τόπῳ.
1681 1459 1715 1521 Ὁ
1727 1461 1754 1522 δέ

971 1546 1091 1622 Εὔδημος
1104 1547 1135 1606 τὸ
1151 1547 1198 1624 μέν
1214 1558 1265 1606 πᾶν
1285 1546 1343 1607 οὐδὲ
1358 1548 1498 1622 ὀνομάζει,
1514 1548 1558 1606 ἐπὶ
1578 1548 1605 1609 δέ
1619 1555 1662 1608 τοῦ
1678 1551 1753 1630 οὐρα-

970 1645 1014 1696 νοῦ
1026 1637 1073 1707 τήν
1089 1637 1196 1708 ζήτησιν
1209 1646 1323 1698 ποιεῖται
1337 1643 1381 1696 τοῦ
1394 1636 1510 1696 ὅλουκαὶ
1524 1639 1601 1706 αὐτὸς
1616 1643 1651 1707 ὡς
1667 1629 1752 1716 οἶμαι,

970 1724 1076 1804 γρέροιν
1095 1722 1191 1798 οὕτως,
1213 1724 1293 1784 εἰπὼν
1305 1723 1344 1783 ότι
1359 1730 1406 1782 τοῦ
1422 1726 1588 1806 περιέχοντος
1599 1722 1617 1809 ᾗ
1630 1731 1752 1812 περιέχον

968 1813 1048 1895 πέρας
1063 1813 1166 1881 ὁτόπος
1181 1813 1213 1872 θιν
1233 1811 1273 1887 εἴη
1288 1812 1411 1886 ἀκινήτου
1431 1813 1519 1893 όντος,
1537 1817 1680 1896 ἐπήγαγεν·
1696 1847 1708 1874 ι
1724 1820 1753 1879 τό

970 1901 1021 1983 γόιρ
1037 1902 1188 1979 κινούμενον
1217 1903 1356 1980 ἀγγειῶδες
1379 1901 1425 1960 καὶ
1441 1902 1483 1962 διὰ
1497 1912 1573 1964 τοῦτο
1597 1910 1649 1964 τῶν
1664 1907 1752 1968 τόπων

969 1989 1016 2059 τήν
1033 1991 1165 2072 ἀναφορὰν
1179 1991 1242 2070 πρός
1260 1989 1304 2050 τὸν
1324 1989 1431 2070 οὐρανὸν
1446 1991 1598 2069 ποιούμεθα·
1613 1987 1687 2063 οὗτος
1700 1997 1751 2076 γόιρ

968 2083 997 2139 οὗ
1015 2081 1191 2156 μεταλλάσσει
1204 2080 1284 2140 τόπον
1296 2080 1393 2156 ἄλλον,
1411 2080 1468 2140 ἀλλ’
1482 2081 1555 2161 εἴπερ
1574 2082 1644 2142 κατὰ
1661 2085 1752 2163 μόρια·

969 2172 1044 2249 ἐντῷ
1058 2171 1129 2248 αύτῷ
1143 2168 1194 2247 γὰρ
1207 2176 1224 2240 6
1238 2167 1375 2249 περιφορά.
1411 2169 1497 2234 Αὐτός
1513 2170 1539 2228 δέ
1557 2170 1669 2251 πότερόν
1681 2174 1752 2232 ἐστιν

969 2261 994 2318 έν
1009 2257 1081 2338 τόπῳ
1098 2257 1114 2328 ἢ
1130 2262 1176 2316 οὐκ
1191 2255 1261 2315 ἔστιν
1281 2256 1299 2327 ἢ
1314 2259 1368 2321 πῶς
1391 2257 1533 2336 ἑκέτιρον;
1556 2257 1614 2324 ὅλος
1631 2257 1678 2334 μέν
1700 2259 1752 2339 γὰρ

967 2351 1014 2410 οὐκ
1031 2348 1100 2408 ἔστιν
1116 2349 1141 2406 έν
1156 2349 1246 2427 τόπῳ,
1260 2349 1282 2404 εἰ
1297 2345 1334 2423 μή
1350 2345 1406 2404 ἔστι
1426 2369 1451 2404 τι
1466 2346 1546 2412 ἐκτός·
1571 2347 1639 2405 οὕτω
1653 2348 1704 2428 γὰρ
1719 2348 1751 2406 ἂν

967 2434 1124 2518 περιέχοιτο.
1141 2439 1231 2496 Τοῦτο·
1241 2433 1268 2494 δέ
1284 2433 1492 2514 ἐπισκεψόμεθα.
1508 2433 1551 2494 Tb
1566 2433 1592 2494 δὲ
1604 2437 1687 2515 ἄστρα
1704 2437 1750 2496 καὶ

967 2525 1016 2584 ὅσα
1028 2523 1097 2591 ἐντός
1105 2528 1149 2582 τοῦ
1163 2523 1291 2593 έξωτέτοο
1306 2523 1428 2598 σώματος
1443 2525 1469 2581 έν
1484 2527 1522 2602 τῷ
1539 2522 1639 2582 ἐκείνου
1654 2521 1750 2603 πέρατί

968 2615 1037 2671 ἐστιν
1056 2603 1209 2691 ιήπεριέχον
1228 2609 1291 2670 ε’σιύ·
1307 2609 1340 2668 τόι
1362 2605 1388 2668 δέ
1412 2609 1495 2678 ούτοις
1519 2609 1545 2669 έν
1567 2635 1617 2668 τινι
1635 2613 1660 2668 έν
1677 2611 1751 2693 τόπῳ

968 2699 1052 2769 ἐστίν,
1066 2691 1126 2778 ἒνῷ
1141 2697 1167 2756 δέ
1182 2699 1215 2757 rb
1227 2697 1321 2776 μόρια,
1334 2699 1364 2756 τὸ
1375 2696 1435 2756 ὅλον
1448 2697 1559 2774 λέγομεν
1573 2687 1649 2756 εἶναι.
1670 2697 1750 2760 Ούτοι

968 2789 1016 2866 μὲν
1031 2779 1075 2846 ούν
1091 2786 1131 2860 εἴη
1149 2789 1180 2844 ἂν
1194 2789 1220 2845 έν
1234 2785 1317 2864 τόπῳ·
1339 2783 1395 2844 ἔστι
1417 2783 1444 2843 δέ
1456 2785 1501 2844 καὶ
1513 2785 1598 2852 ἄλλως
1610 2810 1670 2847 που.
1697 2787 1746 2850 Ἐν

967 2877 1019 2943 τοῖς
1028 2875 1125 2956 μορίοις
1139 2875 1190 2957 γάρ
1201 2877 1255 2934 ἔστι
1267 2873 1295 2932 τό
1306 2873 1376 2946 tion,
1388 2876 1528 2953 πολλαχῶς
1539 2873 1566 2934 δέ
1580 2875 1608 2932 ιθ
1622 2876 1683 2935 πού.
1697 2903 1709 2928 ν
1721 2880 1748 2936 έν

968 2955 1005 3031 οἷς
1016 2965 1060 3022 καλ
1075 2963 1145 3030 όπως
1156 2963 1224 3022 κατὰ
1239 2963 1406 3038 συμόεύηκός
1419 2966 1432 3020 6
1447 2962 1505 3030 όλος
1518 2963 1625 3042 οὐρανός
1636 2966 1661 3022 ἐν
1677 2964 1749 3048 τόπῳ

968 3045 1050 3113 εἶπεν.
1066 3051 1244 3111 Τθιεηιίειίιιε
1259 3052 1309 3110 sol.
1334 3059 1371 3118 60
1397 3051 1457 3130 (cl.
1475 3053 1585 3112 Sclroll.
1605 3055 1637 3113 in
1656 3055 1747 3116 Arist.

967 3165 998 3222 p.
1015 3139 1084 3214 378.
1100 3162 1126 3201 ιι.
1154 3142 1201 3202 ed.
1224 3141 1365 3216 Brandis)
1390 3131 1411 3220 ᾧ
1434 3140 1481 3216 μέν
1504 3132 1548 3200 σόν
1569 3141 1674 3218 σώματί
1695 3145 1751 3203 ἐστι

968 3235 1046 3308 σῶμα
1060 3231 1132 3299 ἐκτός
1156 3227 1276 3310 περιέχον
1291 3227 1371 3300 αὐτό,
1394 3228 1473 3288 τοῦτό
1494 3231 1564 3289 ἐστιν
1581 3232 1606 3288 ἐν
1626 3230 1708 3311 τόπῳ·
1728 3222 1751 3312 ῷ

968 3319 994 3377 δὲ
1006 3318 1057 3394 μή,
1071 3316 1111 3376 ού.
1131 3317 1228 3395 Διόπερ
1247 3321 1264 3388 6
1284 3315 1330 3392 μέν
1344 3321 1381 3396 γῆ
1401 3315 1485 3376 καίτοι
1507 3317 1621 3394 μένουσύ
1638 3322 1707 3378 ἐστιν
1723 3323 1751 3381 ἐν

967 3405 1051 3486 τόπῳ·
1066 3405 1122 3486 ἔχει
1137 3403 1189 3485 γὰρ
1212 3403 1304 3472 ἔξωθεν
1318 3405 1382 3464 ἄλλο
1403 3409 1481 3481 σῶμα
1496 3397 1525 3463 ού
1542 3405 1571 3464 τό
1586 3414 1667 3485 πέρας
1688 3408 1751 3467 ταύ·

967 3517 1016 3565 την
1033 3494 1165 3573 περιέχει,
1183 3491 1268 3552 οὐκέτι
1281 3491 1308 3550 δέ
1324 3491 1353 3550 τὸ
1365 3491 1454 3572 κύκλῳ
1470 3493 1621 3569 κινούμενόν
1637 3498 1706 3556 ἐστιν
1722 3497 1749 3555 έν

968 3583 1051 3662 τόπῳ.
1066 3585 1127 3650 Πῶς
1144 3571 1188 3641 ούν
1200 3582 1309 3640 κινεῖται
1325 3584 1339 3638 6
1354 3583 1459 3658 obponit<
1481 3582 1518 3658 μὴ
1534 3581 1570 3641 ὢν
1587 3587 1612 3642 έν
1626 3581 1717 3663 τόπῳ,
1733 3583 1750 3654 6

968 3671 1024 3728 ἔστι
1040 3669 1086 3746 μέν
1099 3674 1134 3737 ὡς
1146 3676 1270 3736 κινεῖται,
1288 3667 1343 3728 ἔστι
1354 3671 1380 3728 δὲ
1393 3673 1428 3736 ὡς
1439 3668 1482 3743 ού,
1497 3667 1578 3738 Ὅλος
1594 3669 1640 3746 μέν
1655 3671 1705 3751 γόρ
1720 3678 1749 3730 οὐ

966 3875 1015 3925 que
1027 3865 1066 3912 est
1084 3862 1136 3912 ullo
1158 3862 1183 3912 in
1207 3863 1274 3922 loco,
1297 3862 1420 3926 siquidem
1442 3861 1537 3911 nullum
1553 3875 1643 3926 corpus
1670 3862 1749 3926 ipsum

967 3950 1085 4002 continet.
1097 3949 1145 4000 Sed
1156 3952 1213 4013 quie
1226 3954 1348 4012 moretur,
1359 3948 1452 3999 idcirco
1461 3949 1538 4000 etiem
1552 3949 1622 4000 locus
1637 3950 1749 4016 portibus

966 4041 1006 4088 est
1023 4058 1029 4088 ι
1051 4038 1141 4102 quippe
1160 4038 1208 4088 olio
1222 4051 1280 4102 pers
1293 4038 1333 4088 clii
1347 4037 1465 4088 cdbaeret.
1482 4037 1534 4088 Alie
1544 4053 1604 4089 roro
1622 4051 1666 4104 prr
1679 4041 1747 4089 ccci·

966 4127 1040 4190 dens,
1054 4130 1082 4176 ut
1096 4127 1176 4178 anima
1189 4130 1215 4178 et
1232 4127 1330 4178 ccelum.
1346 4127 1465 4178 Nimirum
1486 4130 1568 4192 portes
1583 4141 1668 4178 omnes
1683 4143 1746 4193 quo·

139 4219 270 4278 invicem),
286 4219 434 4270 universitas
443 4221 525 4268 autem
540 4219 612 4268 modo
627 4217 775 4278 movebitur,
788 4217 920 4267 modonoo
965 4216 1097 4266 dnmmodo
1117 4215 1213 4266 suntin
1230 4215 1285 4266 loco
1309 4236 1316 4266 ι
1338 4215 1497 4266 circumcirca
1517 4216 1583 4266 enirn
1606 4215 1654 4271 utin
1673 4217 1746 4267 ulium

139 4305 288 4358 movebitur.
303 4309 337 4356 Ut
351 4306 416 4357 cuim
430 4311 524 4368 toturn,
538 4305 611 4356 simui
627 4307 709 4356 locum
720 4320 769 4355 non
783 4307 878 4368 mutet,
895 4305 920 4354 in
965 4304 1082 4356 continet.
1096 4307 1253 4370 Quapropter
1261 4319 1404 4369 supremum
1413 4304 1513 4370 quidem
1525 4319 1614 4369 corpus
1626 4306 1650 4354 in
1662 4305 1746 4355 orbcm

139 4396 226 4446 orbern
245 4403 327 4446 tumen
343 4396 420 4446 iertur
439 4395 564 4459 (partium
584 4394 649 4446 enim
669 4395 709 4444 bic
727 4393 796 4444 locus
812 4395 878 4456 est),
895 4399 921 4444 et
966 4394 1052 4454 ierim,
1069 4393 1213 4442 universum
1236 4394 1319 4464 autem
1340 4392 1430 4442 alicubi
1453 4405 1502 4442 non
1523 4394 1570 4442 est.
1588 4391 1660 4449 Quod
1683 4391 1748 4442 cuim

138 4497 238 4534 curcum
250 4483 349 4547 «cuidem
360 4497 390 4533 nc
398 4484 512 4534 deorsum
522 4497 571 4533 non
583 4485 704 4543 movetur,
716 4482 829 4547 quedam
839 4485 920 4533 eutem
965 4481 1054 4532 alicubi
1063 4483 1110 4544 est,
1120 4483 1146 4531 et
1159 4481 1240 4545 ipsum
1254 4483 1293 4532 cot
1303 4481 1410 4546 aliquid,
1426 4483 1452 4531 et
1463 4483 1583 4544 proetcren
1594 4479 1661 4529 aliud
1676 4478 1746 4541 quid·

138 4573 164 4621 in
176 4573 260 4623 orlnm
273 4575 429 4637 torquentur,
439 4571 493 4622 aliae
502 4585 600 4621 sursum
610 4585 640 4621 ec
650 4571 765 4621 deorsum
776 4573 918 4634 morcntur‚
965 4572 1029 4635 piem
1043 4583 1097 4620 csse
1113 4573 1210 4633 oportet
1219 4571 1379 4634 prmterboo,
1393 4569 1478 4633 inquo
1492 4568 1533 4629 sit,
1549 4567 1616 4630 quod
1628 4567 1746 4618 continet.

138 4677 292 4728 quocunque
313 4664 458 4714 densitatem
475 4665 501 4712 et
518 4661 646 4712 raritatem
664 4661 765 4712 bebent.
784 4664 815 4711 lit
837 4664 920 4710 nutem
965 4663 996 4709 nt
1014 4661 1198 4723 prccterrerum
1219 4657 1406 4708 universitatem
1421 4658 1533 4706 ettotam
1549 4655 1634 4704 mundi
1646 4665 1746 4716 compo·

138 4752 232 4802 dictum
248 4755 301 4816 cet,
322 4753 436 4816 quiedam
448 4751 471 4801 in
487 4753 540 4801 loco
558 4751 667 4814 potentie
690 4753 762 4812 eunt,
783 4751 831 4800 elic
851 4752 919 4800 ectu.
964 4761 1019 4809 gcm
1034 4745 1094 4794 nilu'l
1108 4748 1147 4794 ost
1161 4750 1245 4806 extro,
1261 4750 1286 4795 ct
1301 4747 1427 4810 propterea
1447 4744 1529 4794 omnic
1549 4742 1641 4791 suntin
1656 4742 1721 4791 mlo
1735 4754 1743 4786 ι

139 4841 234 4891 idcirco
247 4854 324 4904 quum
340 4839 366 4890 id
384 4839 450 4902 quon
469 4841 508 4890 est
522 4839 638 4889 similium
658 4839 764 4902 partium
778 4837 919 4890 continuum
965 4835 1069 4884 sortasse
1084 4832 1148 4882 enirn
1170 4834 1258 4884 crolum
1277 4837 1316 4884 est
1333 4833 1485 4882 univercum.
1501 4833 1545 4880 Est
1565 4832 1649 4881 aulem
1669 4827 1742 4880 locus

138 4931 188 4992 ost,
201 4933 256 4978 tum
269 4932 352 4993 partes
363 4928 471 4992 potentie
484 4931 542 4979 currt
554 4928 579 4978 in
588 4927 656 4986 loco;
668 4927 710 4977 eod
721 4939 797 4990 quum
811 4929 869 4976 sunt
879 4939 918 4975 sc-
965 4937 1014 4972 non
1033 4923 1113 4986 ipsum
1129 4922 1236 4980 coelum.
1254 4922 1297 4972 eod
1314 4921 1371 4971 culi
1385 4920 1486 4986 quidam
1507 4918 1607 4969 ultimus
1628 4920 1653 4969 et
1673 4917 1746 4981 quie-

138 5015 249 5076 porutoe‚
269 5017 343 5074 utque
356 5015 384 5060 ut
397 5013 420 5059 in
434 5025 524 5060 ererro
536 5011 563 5060 lit
575 5025 602 5060 se
620 5014 737 5075 tangunt,
751 5013 804 5060 tum
821 5011 846 5061 in
865 5011 919 5060 loco
964 5025 1034 5061 scens
1046 5012 1182 5074 terminus,
1194 5011 1237 5074 qui
1255 5011 1345 5060 mobile
1354 5023 1442 5073 corpus
1454 5007 1548 5071 tougit3
1563 5007 1667 5071 ideoque
1679 5007 1743 5056 lcrro

139 5101 199 5149 sunt
210 5101 275 5149 actu.
291 5101 323 5149 Et
335 5113 422 5149 rursus
432 5099 478 5148 alia
489 5099 590 5162 quidem
602 5113 644 5162 per
656 5111 696 5161 ec,
710 5103 738 5149 ut
748 5113 820 5150 omne
831 5113 920 5162 corpus
964 5099 988 5148 io
999 5113 1077 5164 eque,
1092 5100 1147 5150 brec
1162 5099 1187 5148 iu
1204 5112 1276 5160 uere,
1297 5111 1338 5148 ner
1355 5098 1381 5147 in
1396 5097 1488 5147 aetbere
1502 5097 1527 5145 et
1540 5095 1620 5146 aetbcr
1633 5096 1659 5146 in
1677 5108 1709 5146 co
1717 5096 1744 5146 1ο

139 5191 182 5237 ιιιιῑ
193 5202 267 5238 curru
286 5191 329 5237 eut
341 5188 478 5238 coerctione
493 5187 581 5238 mollito
597 5198 640 5251 pcr
653 5201 680 5237 sc
694 5187 784 5238 alicubi
799 5190 854 5251 σοις
867 5201 917 5236 rre-
963 5191 1001 5238 cst
1020 5187 1164 5250 collocutus,
1183 5186 1272 5237 ooelum
1294 5188 1379 5237 autern
1400 5198 1449 5236 non
1460 5183 1566 5249 amplius
1584 5183 1610 5234 in
1624 5184 1672 5235 clio
1685 5197 1742 5235 cor·

139 5281 190 5330 lum
205 5279 300 5338 ιιιιῑειιι,
314 5277 379 5327 sicut
393 5275 485 5327 dictum
499 5279 552 5338 cst,
562 5289 611 5326 nou
621 5279 659 5326 est
671 5276 760 5325 alicubi
770 5279 865 5336 totum,
879 5287 919 5325 nc·
963 5288 1022 5340 porc
1033 5278 1077 5324 cst.
