3976 5948
245 427 302 488 m
923 417 1176 485 FRAGMENTA.

243 558 362 640 ἀδελφοῖς
372 555 505 636 ὁμνούαη,
519 557 564 616 καί
578 555 648 616 ἀλλα
659 557 776 614 τοιαῦτα·
792 553 889 636 ιίπερὸ
904 554 1020 614 Πλάτων
1066 567 1113 613 tur
1138 553 1174 613 ad
1193 551 1364 612 Numenium
1382 553 1539 632 pertinere.
1565 553 1642 614 Sunt
1665 571 1737 612 vcro
1766 553 1826 613 haec

243 647 318 709 ταυτὶ
327 645 416 706 λαθὼν
428 648 463 713 είς
477 645 507 704 τδ
520 644 630 726 φανερὸν
645 646 805 728 κατηγόρει,
822 654 970 726 παρασχεῖν
988 643 1019 702 δν
1066 635 1102 701 ῶν
1117 641 1195 702 πάλιν
1211 644 1235 702 οἱ
1256 641 1309 717 μὲν·
1324 640 1406 722 ἀμφω
1420 641 1583 720 ἀθανάτους,
1598 644 1623 701 οἱ
1635 641 1662 702 δὲ
1671 641 1721 714 τήν
1738 644 1846 722 λαγυιήν

242 740 312 798 δοκεῖ
322 758 367 812 μοι
377 738 428 802 τοῖς
437 733 581 807 Ἀθηναίοις
591 733 688 802 αἰτίαν,
704 733 783 794 πάλιν
795 741 885 799 κακοῖς
898 732 1020 808 γενέσθαι
1068 732 1205 790 ἀθάνατον.
1247 729 1308 800 Τήν
1327 728 1356 789 δδ
1383 729 1478 809 άλογον
1504 732 1534 789 ού
1554 728 1626 792 κατά
1649 729 1695 797 τάς
1719 731 1850 812 ἐνεργείας

243 823 412 886 ἀποκτείνασι
424 824 468 884 καλ
483 822 562 883 αύιδν
573 821 663 902 ὥσπερ
677 821 721 882 τδν
736 821 892 902 Σωκράτην.
905 819 983 882 Ἐπεὶ
994 819 1021 880 δί
1067 819 1145 898 μόνον
1160 817 1321 900 ἀφίστασθαι
1334 821 1382 890 τῆς
1396 827 1474 886 ποιᾶς
1485 817 1631 892 κινήσεως,
1645 819 1714 877 ἀλλά
1728 820 1775 877 καλ
1789 819 1850 878 κατ’

242 919 288 986 ζῆν
303 913 350 992 μὲν
363 915 411 972 ούκ
426 911 605 994 δνπροιίλετο
620 913 732 989 μᾶλλον,
751 908 934 982 ἣάληθεύειν,
951 906 1021 986 θύρα
1067 908 1157 968 οθσίαν
1180 906 1341 970 διαλύεσθαι.
1385 909 1448 976 Τοῖς
1467 907 1495 967 δθ
1518 909 1616 981 ίδόκει,
1637 907 1682 970 δύο
1705 911 1799 990 ψυχῶν
1815 915 1851 977 εἰς

243 1005 270 1065 δὲ
279 1007 325 1075 ζῆν
339 1026 368 1062 τε
382 1001 426 1062 καί
441 1001 576 1074 ἀληθεύειν
590 1003 713 1084 ἀσφαλῶς
728 997 915 1074 δυνησόμενος,
930 995 1021 1068 ίθηκεν
1066 997 1147 1062 ταθτδ
1167 999 1373 1076 αυμπλακεισῶν
1398 997 1541 1072 ἀλλήλαις,
1567 997 1708 1066 διπλασίας
1723 989 1791 1057 εἶναι
1805 998 1852 1066 τάς

243 1094 268 1153 ίν
280 1091 503 1171 μὲντῷσχήματι
513 1092 565 1149 τῶν
573 1087 715 1161 Ἀθηναίων
725 1087 769 1148 τὸν
782 1085 949 1168 Εὐθύφρονα,
957 1085 1021 1146 ὄντα
1066 1085 1199 1164 κινήσεις,
1224 1085 1405 1163 ὁμοιουμένων
1425 1089 1553 1156 ἀλλήλαις
1578 1089 1608 1147 ίκ
1631 1093 1678 1147 τοῦ
1704 1089 1849 1148 ἀπολαύειν

242 1183 324 1261 ἄνδρα
338 1179 470 1254 ἀλαζόνα,
495 1177 541 1238 καί
556 1179 698 1254 κοάλεμον,
714 1175 759 1236 καλ
775 1174 798 1235 εί
817 1199 856 1243 τις
872 1175 952 1244 ἀλλος
965 1180 1022 1234 θεο·
1066 1175 1194 1256 ίκατίραν
1214 1179 1267 1235 τῶν
1282 1181 1328 1249 τῆς
1341 1175 1430 1256 ὁτίρας
1450 1175 1617 1255 παθημάτων
1635 1174 1707 1236 κατὰ
1719 1176 1769 1249 τήν
1785 1177 1852 1235 ἔνω-

241 1273 312 1349 λογιῑ
323 1271 418 1334 κακῶς·
433 1266 510 1327 αὐτὸν
525 1266 552 1326 δὲ
562 1267 606 1326 τὸν
624 1265 769 1346 Σωκράτην
784 1266 827 1324 ἀπ’
842 1265 922 1324 αὐτοῦ
933 1287 962 1323 τε
976 1264 1021 1323 καί
1066 1269 1134 1346 σιν.)

241 1362 267 1418 ἀν
282 1361 318 1417 τῶ
334 1356 390 1416 ἰδίω
402 1359 600 1437 σχηματισμῷ,
616 1358 643 1414 ἐν
658 1347 753 1438 ᾧπιρλ
768 1353 886 1422 εἰωθότος
904 1353 1017 1434 ἤλεγχεν
1108 1373 1146 1417 ιε.
1166 1353 1220 1415 'ln
1236 1352 1269 1426 δή
1282 1343 1326 1414 ούν
1345 1353 1388 1414 tal
1403 1352 1451 1426 τήν
1467 1353 1527 1414 καθ’
1549 1355 1631 1426 αὑτήν
1649 1353 1794 1431 ἀσώματον
1812 1359 1853 1415 oh-

242 1417 346 1528 ίκάάτῳ
357 1419 536 1524 προσομιλῶν.
1066 1441 1125 1504 σίαν
1140 1441 1304 1521 ίπανίωμεν,
1321 1441 1495 1524 διακρίνοντες
1510 1441 1556 1502 καί
1577 1443 1620 1504 ἀπ’
1631 1445 1713 1516 αύτῆς
1736 1447 1765 1504 ἐν
1784 1443 1854 1513 τάξει

279 1534 434 1611 (Eusebius
453 1537 605 1614 Praeparat.
626 1530 736 1611 Evang.
757 1532 809 1592 lib.
835 1531 1018 1611 xl1lcap.5
1066 1531 1112 1600 τάς
1123 1531 1182 1612 περὶ
1197 1533 1284 1613 ψυχῆς
1303 1532 1392 1599 πάσας
1408 1530 1491 1601 δόξας.
1533 1531 1596 1594 Εἰσί
1611 1532 1642 1605 δή
1661 1555 1746 1609 τινες,
1764 1532 1790 1592 ci
1803 1543 1852 1592 πα-

241 1623 406 1700 Νουμηνίου,
423 1625 453 1682 ίκ
473 1626 524 1682 τῶν
539 1621 612 1700 παρδι
634 1620 760 1682 Πλάτωνι
775 1622 941 1702 ἀπορρήτων,
958 1620 1018 1701 περὶ
1067 1645 1115 1680 σαν
1137 1621 1185 1693 τήν
1200 1620 1323 1693 τοιαύτην
1345 1619 1437 1681 ούσίαν
1455 1625 1600 1701 ὁμοιομερῆ
1630 1619 1675 1680 καλ
1695 1621 1744 1693 τήν
1769 1623 1851 1695 αὐτήν

240 1715 285 1769 τοῦ
301 1713 390 1775 αὐτοῦ,
408 1711 441 1768 ln
452 1723 580 1770 extremo
595 1711 688 1788 capite
704 1713 771 1780 hait
786 1731 792 1766 :
811 1711 904 1768 Ταῦτα
918 1713 931 1767 ὁ
946 1709 1020 1770 Πλά-
1065 1708 1111 1769 καὶ
1126 1709 1188 1787 μίαν
1203 1709 1409 1790 ἀποφαίνονται,
1425 1713 1459 1778 ὣς
1471 1709 1516 1770 καί
1531 1712 1557 1769 δν
1568 1714 1669 1790 ὁτῳοῦν
1679 1712 1764 1782 αὐτῆς
1778 1711 1853 1791 μέρει

241 1821 294 1856 των
324 1801 350 1858 ἐν
365 1799 403 1878 τῷ
426 1797 584 1878 Εὗθύφρονι.
602 1799 732 1874 Διασαφεῖ
755 1795 782 1855 δὲ
806 1795 853 1868 τήν
878 1796 1021 1855 διάνοιανο
1067 1790 1450 1868 είναιτάδλα·οίτινιςκα“ιέν
1467 1804 1499 1879 τῇ
1515 1804 1627 1881 μεριστῇ
1641 1803 1716 1880 ψυχῇ
1732 1800 1778 1860 τδν
1792 1826 1854 1873 νοη-

241 1871 388 1964 Νουμήνιος
398 1886 423 1942 ίν
434 1886 472 1964 τῷ
480 1885 540 1962 περί
557 1885 610 1942 τῶν
623 1882 696 1964 παρά
710 1884 835 1945 Πλάτωνι
852 1882 1021 1966 ἀπορρήτων,
1066 1888 1111 1948 τδν
1130 1888 1229 1967 κύαμον
1253 1890 1299 1949 καλ
1313 1887 1384 1956 θεοὺς
1399 1889 1445 1948 καί
1462 1889 1591 1966 δαίμονας
1611 1888 1657 1948 καλ
1677 1889 1794 1966 τάγαθδν
1808 1889 1854 1948 καί

240 1965 292 2034 ιθδί
307 1997 345 2045 πη
364 1973 477 2051 λέγων.)
1066 1977 1154 2037 πάντα
1167 1975 1201 2036 τά
1214 1975 1381 2061 πρεσθύτερα
1401 1979 1427 2035 ἐν
1444 1978 1512 2056 αὐτῇ
1527 1975 1685 2057 ἒνιδρύουσι,
1701 1977 1786 2035 καλόν
1801 1985 1855 2035 πᾶ-

283 2083 319 2123 ¹³·
338 2060 486 2140 Νουμήνιος
496 2061 523 2120 δύ
537 2059 585 2133 τήν
601 2061 829 2140 emeretensis
841 2061 952 2138 δύναμιν
964 2086 1020 2122 πιι-
1067 2091 1107 2128 σιν
1122 2066 1248 2134 θισαύτονς
1265 2067 1354 2126 πάντα
1369 2055 1437 2127 εἶναι
1459 2065 1661 2148 ἀποφαίνονται,
1680 2067 1782 2134 οἰκείως
1795 2068 1857 2144 μέν·

243 2149 400 2234 ραδεκτικήν
417 2152 550 2232 ἀνεργειῶν
564 2147 648 2232 φήσας
665 2139 750 2228 εἶναι,
767 2149 921 2228 σύμπτωμα
942 2151 1022 2223 αὖτῆι
1067 2180 1106 2216 τοι
1120 2155 1188 2216 κατδι
1202 2155 1250 2228 τήν
1265 2157 1351 2216 αὐτῶν
1363 2155 1454 2215 οὐσίαν
1469 2156 1496 2214 ἀν
1513 2153 1645 2222 ἑκάστοις.
1674 2155 1746 2216 ,Καὶ
1758 2155 1858 2227 ταύτης

241 2247 319 2320 φηθῑν
345 2229 412 2298 ‘'sl“
437 2239 467 2299 τύ
488 2238 682 2319 φανταστικόν,
707 2241 736 2298 οὗ
755 2237 807 2316 μὴν
830 2237 904 2320 ίργον
924 2264 955 2319 γι
976 2242 1022 2300 καί
1066 2249 1114 2317 τῆς
1127 2243 1200 2318 δόξης
1214 2244 1457 2324 ἀναμφισθητήτως
1467 2244 1515 2322 μέν
1531 2246 1586 2304 lori
1596 2243 1756 2318 Νουμήνιος.
1776 2244 1856 2304 Κατὰ

60 2337 97 2352 ”““
185 2369 189 2374 -
209 2379 219 2386 -
241 2325 427 2406 essetisque,
445 2328 513 2387 άλλδι
525 2327 761 2410 παρακολούθημα.
1067 2332 1101 2404 δή
1114 2341 1213 2408 ταύτην
1239 2339 1284 2394 νοῦ
1307 2333 1352 2393 καί
1368 2338 1435 2394 θεῶν
1449 2334 1494 2393 καλ
1518 2337 1571 2393 τῶν
1595 2331 1751 2413 κρειττόνων
1771 2335 1855 2412 γενῶν

283 2415 436 2496 (Sillbffiffi
461 2415 561 2493 E0108·
584 2419 669 2494 Phys·
686 2420 735 2474 lib·
752 2420 840 2492 lcaP·
866 2425 915 2490 ύῐ,
938 2417 976 2476 25
992 2421 1021 2478 ἐκ
1066 2421 1139 2481 οὐδὲν
1153 2428 1169 2495 ἡ
1182 2422 1255 2506 ιριυχδΙ
1268 2423 1402 2504 διενήνοχε
1415 2421 1483 2482 κατά
1494 2421 1541 2494 τήν
1557 2420 1620 2495 όλην
1641 2419 1730 2480 οὐσίαν

240 2507 291 2565 τῶν
312 2505 463 2586 Πορφυρίου
481 2504 542 2586 περὶ
561 2507 612 2564 τῶν
632 2508 680 2576 τῆς
700 2508 787 2586 ψυχῆς
801 2506 936 2581 δυνάμεων
955 2527 1020 2583 pag.
1108 2513 1115 2571 ί
1124 2513 1255 2572 Stobaeus
1289 2512 1390 2589 Eclog.
1417 2511 1506 2590 Phys.
1528 2510 1580 2572 lib.
1605 2510 1618 2568 l
1645 2531 1711 2587 cap.
1740 2519 1793 2588 dr,
1817 2514 1853 2570 3α

241 2596 297 2652 833
327 2595 374 2655 ed.
399 2593 520 2654 Heeren.
550 2593 635 2670 ‘pag.
668 2593 727 2652 δότ
766 2595 812 2656 cd.
849 2594 1020 2673 Gaisiord.]
1067 2599 1224 2681 Ἰαμβλίχου
1238 2600 1298 2678 περὶ
1316 2604 1401 2681 ψυχῆς
1416 2619 1485 2678 pag.
1501 2599 1559 2658 866
1579 2599 1626 2660 ed.
1654 2599 1779 2659 Heeren.
1802 2602 1854 2678 [p.

240 2683 346 2759 Scripsi
358 2694 452 2739 nutem
462 2681 492 2738 ού
505 2677 640 2761 μήνὶργον
649 2705 679 2758 γε
690 2681 734 2740 καί
748 2682 928 2758 ἀποτιλεσμα,
942 2683 1021 2760 quod
1069 2689 1126 2766 369
1138 2689 1183 2748 ed.
1203 2689 1366 2762 Gaislord.l
1384 2691 1450 2748 Post
1465 2685 1614 2766 Νουμήνιος
1626 2689 1714 2748 omisi
1730 2708 1799 2766 quac
1819 2692 1857 2746 ad

241 2784 270 2829 et
283 2773 423 2829 Μθῑθθδῑθ
436 2770 573 2846 Ρίθῦῑῑῑὸὁθ
588 2769 690 2840 θῑύθθι
701 2773 750 2848 (Ιθῑ
766 2785 859 2829 tamen
877 2775 1021 2848 vulgatam
1069 2778 1146 2836 hunc
1160 2799 1220 2836 non
1234 2780 1408 2838 referuntur.
1418 2777 1491 2838 Nam
1507 2780 1618 2856 integer
1633 2777 1717 2838 locus
1730 2779 1778 2836 hic
1793 2793 1850 2836 est:

243 2857 394 2914 lectionem
411 2858 440 2914 οὒ
464 2855 515 2933 μήν
531 2854 607 2935 ἔργον
620 2879 650 2914 τι
663 2856 709 2915 καὶ
725 2859 893 2938 ἀποτίλεσμα
912 2865 942 2918 in
959 2860 1022 2920 Sto·
1071 2865 1125 2928 Καὶ
1139 2866 1236 2939 ταύτης
1246 2871 1291 2940 τῆς
1306 2867 1381 2939 δόξης
1395 2866 1637 2950 ἀναμφισὸηῃήςως
1653 2865 1700 2944 μέν
1714 2867 1772 2926 ἐστι
1783 2870 1856 2929 Νου.

241 2943 296 3002 baei
311 2943 407 3002 ΨΜ*
420 2941 563 3024 ΓθῙῙθῑίῐῗί
1070 2955 1176 3036 μήνιος,
1188 2959 1217 3016 ού
1232 2955 1319 3029 πάντη
1336 2956 1362 3015 δὲ
1376 2955 1591 3036 ὁμολογουμένως
1606 2955 1753 3028 Πλωτῖνος,
1771 2956 1855 3016 ἀστά-

285 3051 318 3094 “·
344 3031 432 3090 Ἄλλοι
448 3031 493 3108 al,
518 3025 555 3093 ὧν
574 3033 618 3092 καί
640 3033 803 3112 Νουμύνῑθςν
828 3037 856 3095 θῦ
877 3036 939 3116 τρία
955 3039 1021 3118 μέρη
1069 3068 1120 3112 τως
1140 3043 1168 3103 δλ
1189 3046 1215 3103 ἀν
1239 3046 1306 3123 αύτῇ
1326 3042 1433 3124 φέρεται
1450 3045 1583 3122 Ἀμίλιος,
1599 3045 1747 3126 Πορφύριος
1762 3043 1791 3102 δὲ
1807 3045 1821 3102 ἐ
1838 3078 1850 3088 -

241 3125 327 3202 ψυχῆς
341 3130 401 3199 μιᾶς
422 3119 439 3192 ἢ
462 3121 508 3182 δύο
527 3146 574 3201 γε,
590 3122 739 3201 eliopeto
756 3125 926 3203 καλάλογον,
954 3125 1021 3186 ἀλλά
1070 3133 1166 3202 δοιάζει
1192 3133 1252 3212 περλ
1275 3133 1376 3206 αὐτήν,
1400 3132 1438 3207 πή
1463 3132 1510 3210 μὲν
1537 3133 1750 3212 διατεταγμένως
1774 3135 1852 3209 (leg.

242 3211 287 3268 δύο
302 3207 388 3289 ψυχὰς
403 3208 472 3288 ἔχεθ’
489 3214 560 3287 ἡμᾶς
574 3210 689 3286 Οἷῡνῑαῑ,
704 3209 794 3294 ὥσπερ
809 3212 855 3272 καί
870 3213 961 3286 ἄλδθῑ,
976 3215 1022 3288 τήν
1070 3219 1280 3300 διατεταυίνως)
1298 3223 1378 3294 αὐτῆς
1388 3223 1578 3303 ἀφιστάμενος,
1594 3219 1632 3295 πή
1649 3219 1676 3280 δὲ
1691 3224 1856 3280 συνακολου-

243 3297 291 3375 llil
306 3297 412 3376 λθγῑκθθ
427 3300 474 3371 τὴν
492 3297 518 3358 δὲ
535 3299 638 3376 oUimi·
1070 3313 1121 3369 θῶν
1134 3313 1218 3392 αὐτῇ,
1233 3312 1267 3378 ὡς
1280 3311 1460 3392 παραδοθείσῃ
1479 3309 1589 3374 ἀνωθεν.
1609 3308 1686 3372 Koch
1703 3309 1735 3382 δὴ
1753 3309 1856 3382 ταύτην

263 3385 430 3465 ·[Stobaeus
452 3386 548 3462 Eclog.
570 3387 659 3465 Phys.
681 3389 733 3449 nb.
751 3393 839 3470 lcap.
865 3399 912 3462 dr,
936 3393 972 3449 αδ
995 3396 1021 3452 ἐν
1070 3401 1146 3474 κτλ.)

241 3479 406 3556 ταυτῷραμ.
425 3478 482 3534 836
497 3476 544 3538 ed.
560 3481 685 3537 Heeren.
703 3479 789 3555 [pag.
807 3481 863 3538 333
880 3481 925 3541 ed.
940 3481 1021 3540 Gais·
1109 3507 1142 3547 ra.
1163 3485 1234 3561 Ἤδη
1257 3487 1344 3548 τοίνυν
1365 3489 1411 3548 καί
1433 3490 1460 3548 ἐν
1480 3490 1569 3558 αὐτοῖς
1590 3497 1643 3558 τοῖς
1670 3493 1856 3558 Πλατωνικοῖς

242 3565 318 3624 s01'd·
331 3566 341 3643 ί
352 3565 422 3635 Οΰῑθ
432 3578 590 3643 sequuntur
601 3566 909 3643 ipudStobaeumfflon
921 3571 1020 3629 viden·
1067 3575 1159 3636 πολλοὶ
1173 3577 1410 3648 διαστασιάζουσιν·
1433 3579 1456 3639 ni
1472 3577 1519 3658 μλν
1541 3581 1578 3648 είς
1593 3578 1656 3658 μίαν
1672 3579 1793 3650 σύνταξιν
1807 3583 1857 3642 καλ

242 3787 308 3838 tibus
324 3787 447 3851 aliheris,
460 3787 499 3838 rel
513 3787 629 3838 tratribus
642 3802 657 3838 a
672 3788 788 3840 iratribus
800 3790 933 3855 irrogatas,
949 3796 1025 3858 atquc
1070 3799 1151 3857 paries
1163 3796 1342 3861 uuiusanimra,
1356 3801 1399 3850 aut
1412 3798 1474 3850 duas
1489 3799 1584 3862 utiquc,
1593 3799 1694 3850 ratiorsis
1710 3800 1860 3866 participem

242 3876 267 3927 ld
278 3891 355 3942 genus
367 3876 415 3928 alia
437 3876 586 3938 celebraret,
606 3876 669 3939 hec,
687 3878 786 3941 inquam
798 3917 804 3940 ,
816 3878 837 3928 si
852 3878 930 3944 palem
948 3885 1025 3945 atquo
1069 3889 1092 3936 et
1103 3890 1242 3950 expertem,
1255 3887 1299 3938 sed
1311 3887 1405 3940 animas
1414 3887 1477 3940 duaa
1493 3902 1538 3940 nos
1549 3887 1641 3941 hahere
1653 3893 1772 3952 cenent,
1788 3892 1856 3943 sicut

241 3971 325 4028 aperte
339 3967 410 4016 Plato
420 3966 626 4031 reprehendisset,
642 3967 703 4018 mihi
714 3981 815 4018 causam
834 3967 1025 4023 Atheniensibus
1070 3973 1163 4038 etalii,
1180 3975 1284 4028 altarem
1301 3978 1402 4029 rationis
1414 3981 1567 4043 compotem,
1586 3983 1715 4044 expertem
1740 3979 1857 4033 alteram.

138 4087 143 4097 .
241 4054 352 4104 attulisse
365 4053 491 4104 rideretur
512 4055 676 4120 improbitatis
689 4070 741 4109 sum
761 4057 972 4121 quemadmodum
1000 4061 1025 4110 in
1103 4069 1139 4116 15.
1156 4068 1332 4130 Agenuncad
1351 4067 1432 4133 ipsam
1450 4081 1493 4134 per
1513 4081 1541 4120 se
1559 4069 1727 4134 incorpoream
1741 4075 1858 4122 naturam

242 4143 360 4200 socrate,
382 4141 417 4192 sic
436 4142 530 4206 inipso
548 4123 818 4196 interficiendorursus
840 4149 1023 4214 expromendas,
1071 4154 1235 4218 revertamur,
1250 4155 1414 4222 vulgaresque
1427 4155 1458 4208 de
1479 4157 1535 4222 illa,
1550 4159 1673 4221 quatenns
1692 4157 1726 4210 ad
1746 4159 1857 4212 munem

242 4228 325 4284 Quum
341 4227 424 4278 autem
440 4242 490 4278 non
506 4229 588 4282 rivere
606 4247 681 4297 quam
699 4248 785 4286 rerum
806 4235 873 4300 loqui
886 4238 986 4300 mallet,
1000 4241 1026 4290 ct
1070 4245 1194 4307 spectent,
1206 4244 1333 4310 opiniones
1353 4259 1439 4298 omnes
1460 4247 1589 4298 distinctas
1603 4247 1689 4298 ordine
1709 4247 1858 4300 Mammas.

243 4313 371 4376 utriusque
382 4315 419 4365 rei
430 4315 527 4366 tuenda
543 4317 685 4370 facultatem
700 4321 791 4373 hahere
805 4337 877 4386 posse
897 4323 943 4375 slhi
955 4325 1025 4377 ride·
1070 4330 1132 4381 sunt
1148 4331 1223 4396 igitur
1235 4333 1277 4396 qui
1292 4337 1372 4385 totam
1388 4335 1653 4397 hujusmodlnetunm
1664 4341 1749 4402 partes
1762 4336 1860 4390 similes

242 4405 291 4460 tur.
306 4403 506 4467 liuthpphronem
519 4403 604 4466 illum,
619 4407 744 4460 hominem
758 4423 848 4462 vanum
859 4425 888 4463 ac
897 4413 1023 4478 stolidum,
1070 4416 1169 4478 hahere,
1180 4431 1285 4483 eamque
1299 4435 1374 4471 unam
1387 4423 1413 4472 et
1424 4423 1528 4474 eandem
1538 4438 1592 4476 esse
1606 4425 1724 4487 doceant,
1740 4426 1777 4478 ita
1788 4430 1818 4478 ut
1829 4427 1860 4478 iu

242 4491 395 4557 eundemque
409 4491 440 4542 de
459 4492 534 4544 rehus
548 4492 651 4558 divinis,
665 4497 687 4546 si
701 4497 832 4564 quisquam
846 4499 924 4564 alius,
937 4516 1021 4568 perpe·
1069 4507 1157 4568 quavis
1177 4507 1229 4570 ejus
1247 4511 1316 4572 parte
1327 4513 1408 4562 totum
1426 4515 1548 4566 cernatur.
1583 4514 1713 4580 lidemque
1731 4516 1808 4568 etiam
1828 4517 1859 4567 in

244 4595 297 4634 ram
309 4581 471 4632 disserentem
485 4581 671 4634 Atheniensium
690 4586 744 4636 loco
761 4586 858 4640 induxit
876 4607 883 4640 ι
898 4593 1024 4644 Socratem
1070 4595 1153 4646 anima
1167 4595 1269 4649 dividua
1287 4601 1409 4653 mundum
1422 4601 1619 4668 intelligibilem,
1633 4603 1708 4667 deos,
1728 4605 1813 4668 genios
1827 4611 1859 4656 et

242 4685 300 4723 vero
315 4685 358 4736 per
375 4685 402 4722 se
424 4675 450 4723 et
469 4671 493 4722 in
510 4685 562 4723 suaa
577 4675 674 4725 nature
697 4675 804 4741 speciem
827 4679 1022 4744 conformatum,
1070 4683 1161 4736 honum
1175 4687 1200 4737 ct
1216 4689 1421 4752 prestantissima
1439 4705 1547 4758 quaeque
1568 4693 1707 4756 collocant,
1732 4695 1809 4758 atque
1829 4693 1858 4747 in

242 4774 291 4824 qun
307 4760 416 4828 singulos
435 4760 540 4812 inomni
557 4762 679 4828 colloquio
699 4765 731 4815 de
749 4765 825 4818 rebus
839 4770 964 4821 consuetis
977 4771 1024 4822 ha·
1069 4770 1182 4826 omnihus
1194 4774 1307 4826 similiter
1320 4779 1403 4829 omnia
1413 4780 1494 4831 inesse
1505 4783 1626 4844 statuunt,
1642 4781 1802 4846 singulorum
1815 4785 1860 4833 ta·

243 4847 295 4899 bito
310 4849 442 4900 salutabat.
1069 4876 1126 4915 men
1138 4867 1231 4916 naturae
1244 4867 1426 4920 convenienter.
1469 4871 1501 4920 nt
1514 4867 1577 4920 lianc
1591 4869 1692 4932 quidem
1706 4870 1860 4922 sententiam

276 4938 310 4989 ιθ.
328 4938 463 4992 Numenius
474 4941 557 4992 autern
577 4941 725 4993 assentiendi
748 4943 888 4996 tenultatem
911 4959 1025 5012 capacem
1069 4952 1120 5003 sine
1135 4953 1213 5004 dubio
1233 4957 1368 5006 Numenius
1387 4959 1479 5010 tuctur.
1533 4963 1615 5019 Quam
1634 4960 1656 5010 si
1679 4959 1818 5023 sequimur,
1843 4975 1859 5009 a

192 5043 195 5052 ·
241 5037 296 5076 esse
306 5026 427 5078 actionum
438 5027 536 5092 dicens,
550 5029 604 5095 elus
618 5034 733 5082 eventum
749 5045 804 5084 esse
818 5033 855 5086 ait
873 5033 1024 5101 imaginatio·
1069 5045 1161 5102 mente,
1175 5043 1223 5094 diis
1241 5045 1266 5096 et
1288 5045 1372 5096 divina
1396 5048 1511 5114 progenie
1532 5050 1614 5100 anima
1629 5051 1681 5100 tota
1700 5062 1745 5100 sua
1765 5053 1858 5101 natura

242 5127 311 5178 nem,
334 5121 485 5172 nontamen
506 5135 568 5188 epus
585 5125 630 5174 aut
649 5123 781 5189 effectum,
802 5126 846 5178 sed
869 5129 1022 5180 consecutio·
1069 5129 1128 5182 nihil
1142 5131 1236 5184 dillert.

242 5217 307 5255 nem.
1102 5225 1138 5271 to.
1153 5222 1209 5272 lain
1232 5236 1290 5274 vcro
1305 5225 1379 5276 multi
1391 5226 1467 5278 etiam
1483 5227 1662 5280 Platonicorum
1681 5229 1855 5280 intercedis·

276 5294 312 5346 tt.
325 5293 371 5346 dlii
386 5295 495 5358 vero,ln
510 5297 602 5367 quihus
613 5299 688 5358 etiam
701 5304 835 5360 Numenius
847 5311 894 5373 est,
906 5321 956 5358 uon
969 5311 1023 5362 tres
1069 5307 1189 5373 sordent,
1205 5312 1295 5379 partim
1317 5312 1344 5364 in
1362 5328 1441 5367 unum
1463 5315 1575 5370 ordinem
1599 5331 1724 5383 onusque
1747 5318 1855 5369 termam
