3976 5948
788 419 1038 482 FRAGMENTA.

113 549 261 626 pissidiae
281 551 314 608 τθι
337 549 393 624 είδη
417 573 461 610 και
483 549 516 608 ct
540 549 618 630 μόρια
639 555 685 622 τῆς
699 553 767 623 ζωῆς
787 552 833 610 καί
855 549 888 610 τδι

113 637 277 718 ίνεργήματα
291 638 459 718 συνάγοντος,
471 637 560 719 ῶσπερ
574 639 708 708 Πλωτῖνός
721 663 749 699 τε
760 641 805 700 καί
820 643 890 721 Πορ-

116 723 161 802 οόρ
165 749 207 792 ιος·
221 729 244 785 cl
257 725 284 785 δέ
298 729 336 795 εἰς
354 726 445 808 μάχην
467 733 550 786 ταῦτα
573 729 780 804 κατατείνοντες,
800 725 890 808 ῶσπερ

116 813 270 889 Νουμήνιος.

154 903 301 978 (Stobaens
316 905 412 982 Eclog.
426 905 516 985 Phys.
528 909 579 968 lib.
595 907 685 986 lcap.
705 915 754 980 41,
774 903 886 980 37
830 927 891 985 περι

113 997 163 1052 τῶν
176 991 260 1073 ἔργων
275 999 321 1068 τῆς
335 997 429 1076 ψυχῆς·
452 999 478 1056 έν
495 1001 583 1080 ταύτῷ
599 1017 663 1076 pag.
685 997 742 1072 894
758 997 805 1056 ed.
822 1001 891 1054 llee·

113 1102 176 1141 ren.
193 1082 279 1161 [pag.
299 1084 353 1142 381
370 1086 417 1143 ed.
431 1084 516 1148 Gaist
502 1086 575 1147 f.0rd
585 1089 606 1164 ].
622 1086 743 1144 Servavi
757 1085 889 1143 codicum

112 1169 265 1229 lectionem
287 1172 497 1249 κατατείνοντες,
532 1174 617 1254 cujus
640 1178 705 1233 loco
732 1173 890 1232 lleerenius

113 1260 245 1336 vulgavit
258 1260 485 1344 κατατείναντες.)

155 1365 190 1406 17.
207 1350 268 1408 Τῶν
284 1349 307 1406 δ’
328 1341 548 1428 «διισταμένων
568 1350 631 1432 πρὸς
645 1348 763 1426 τούτους,
778 1347 824 1407 καὶ
839 1345 891 1406 dnh

113 1437 165 1493 τῶν
179 1435 272 1504 ἔξωθεν
285 1439 490 1519 προσφυομένων
511 1439 702 1521 προστιθέντων
719 1441 837 1498 ὁπωσοῦν
857 1441 891 1515 τῇ

113 1525 189 1603 ψυχῇ
206 1523 235 1582 A
256 1525 352 1600 κακόν,
375 1527 428 1588 tet
449 1525 497 1606 pir
522 1531 569 1600 τῆς
588 1527 652 1599 ὕλης
672 1523 826 1604 Νουμηνίου
846 1522 892 1582 καί

118 1613 230 1693 Κρονίου
243 1615 377 1683 πολλάκις.

160 1702 300 1778 (Stobaeus
313 1702 410 1780 Eclog
430 1704 517 1783 Phys.
534 1703 587 1762 lih.
603 1701 811 1780 leap.l1‚37
831 1701 891 1778 περὶ

112 1792 166 1847 τῶν
181 1791 308 1870 ἔργων’”
276 1815 322 1864 της
337 1795 432 1872 ψυχῆς·
449 1795 476 1852 έν
494 1794 583 1872 ταῦτιρ
598 1812 663 1871 pag.
681 1792 738 1867 896
754 1793 798 1848 ed.
816 1791 890 1848 llee·

113 1894 175 1934 ren
182 1876 270 1977 '[pag.
284 1879 340 1935 382
353 1881 399 1939 ed.
413 1877 557 1940 Gaisford.
569 1881 589 1955 l.
604 1877 693 1936 Omisi
708 1877 890 1954 quaeadNu·

111 1965 238 2022 menium
261 1970 490 2046 nonpertiuent.
501 1966 510 2046 l

157 2073 193 2113 ιο.
217 2053 275 2114 Οὐκ
292 2053 396 2133 ἔχοντες
419 2055 445 2114 δὲ
470 2077 566 2116 σκοπον
588 2057 635 2126 τῆς
655 2053 841 2133 διαφορότητος
857 2055 891 2121 εἷς

111 2139 194 2198 ταύτὸ
205 2143 345 2222 συγχέουσι
359 2142 406 2210 τὰς
424 2143 623 2221 ένσωματῶσεις
641 2145 693 2200 τῶν
707 2139 790 2214 δλων,
806 2142 889 2210 κακάς

112 2250 143 2285 τε
166 2218 233 2286 ι’ίναι
254 2230 340 2297 πάσας
358 2231 581 2312 διισχυρίζονται,
603 2232 648 2291 καί
669 2229 843 2310 διαφερόντως
866 2233 890 2290 οἱ

112 2315 175 2394 περὶ
193 2317 301 2396 Κρόνιόν
314 2341 342 2376 τε
356 2319 401 2378 καί
420 2320 567 2397 Νουμήνιον
582 2319 627 2378 καί
642 2317 867 2400 Ἁρποκρατίωνα.

157 2405 413 2484 [StobaeusEclog.
434 2407 521 2486 Phys.
532 2409 586 2468 lib.
603 2408 696 2486 lcap.
713 2418 762 2481 41,
781 2411 893 2487 lonspi

114 2495 240 2574 διαφορᾶς
261 2492 420 2553 καθόδου”
385 2518 437 2554 των
452 2500 552 2577 ψυχῶν.
577 2495 624 2556 Er
644 2497 734 2574 ταύτῷ
750 2515 817 2573 pag.
834 2517 892 2574 910

114 2581 164 2642 ed.
173 2583 306 2644 lleeren.
320 2583 403 2662 [pag.
418 2586 476 2644 388
486 2606 545 2662 seq
560 2586 597 2643 ed
607 2582 772 2686 Gaisford].
781 2584 893 2655 Quaem

111 2657 342 2747 praecedentibus
365 2673 532 2732 exciderunt
556 2671 665 2749 verba,
687 2675 727 2729 sic
749 2675 894 2750 supplevit

115 2757 291 2818 lleerenius·
307 2757 434 2838 [τινίςδί
422 2763 498 2818 ετῶν
514 2757 646 2838 νεωτέρων
661 2758 709 2837 οὐχ
722 2756 822 2833 οίίτως]
836 2758 893 2816 δια-

114 2844 264 2925 κρίνουσιν,
278 2849 324 2906 οὐκ
341 2847 442 2927 ἔχοντες
459 2848 486 2907 δὲ
502 2846 599 2907 σκοπὸν
596 2782 670 2908 ρκτλ.
681 2845 702 2925 l.

160 2953 195 2993 ιιι.
215 2933 332 2996 Ἕνωσιν
347 2935 395 3012 μίν
413 2925 456 2995 οῦν
470 2935 515 2995 καί
524 2933 673 3007 ταυτότητα
684 2931 880 3012 ἀδιάκριτον
847 2957 893 3005 της

112 3024 202 3102 ψυχῆς
223 3022 287 3102 πρδς
306 3023 354 3091 cl.
378 3027 470 3097 ίαυτῆς
491 3026 575 3104 ἀρχὰς
595 3023 749 3102 πρεσόεόειν
773 3020 893 3101 φαίνεται

118 3112 284 3186 Νουμήνιος,
300 3111 430 3195 σύμφυσιν
454 3113 480 3172 di
501 3117 558 3172 καθ’
574 3111 666 3192 ἑτέραν
684 3109 774 3170 οὐσίαν
789 3113 876 3169 οίε
827 3133 894 3192 πρε-

114 3199 236 3280 σόότιροι
252 3199 416 3270 διασώζουσι.
432 3201 485 3262 Καί
503 3201 625 3261 εἰναλόοιι
648 3199 695 3278 μίν
714 3201 821 3274 ἐκεῖνοι,
836 3223 892 3259 συν·

115 3285 187 3355 τάξει
203 3287 229 3345 δὲ
240 3278 311 3348 οὗτοι
324 3289 503 3369 προσεοίκασι.

154 3375 305 3450 (Stohaeus
327 3377 425 3454 Eclog.
452 3377 538 3454 Phys'.
556 3375 607 3435 lib.
634 3374 648 3433 Ι
665 3396 728 3454 cap.
747 3383 796 3446 ιιι,
814 3377 850 3447 67
867 3376 893 3433 έν

116 3465 207 3543 ταύτῷ
222 3484 289 3542 pag.
306 3467 379 3523 1066
392 3485 454 3543 seq.
467 3467 514 3526 ed.
531 3465 652 3524 lleeren.
671 3463 759 3541 [pag.
773 3464 829 3535 475
845 3462 891 3522 ed.

110 3552 279 3631 (laisford.]
307 3555 444 3632 Antiquos
465 3551 656 3631 philosophos
674 3550 806 3626 intelligit
830 3551 896 3609 Pla-

115 3658 224 3715 tonem,
236 3642 430 3720 Aristotelem,
443 3641 649 3719 Pythagoram,
662 3641 787 3718 quicum
800 3639 894 3697 anima

116 3731 201 3788 aliam
211 3741 361 3802 naturam,
374 3729 404 3787 id
420 3742 472 3802 est,
488 3742 610 3787 mentem
628 3729 702 3805 (νοῦν
714 3725 724 3807 l
738 3725 895 3804 conjunge-

120 3819 210 3890 haut;
225 3817 356 3876 Numenii
369 3831 461 3876 autem
476 3818 597 3876 animam
608 3820 726 3874 omnino
738 3837 823 3874 unam
838 3836 893 3894 pu-

119 3910 207 3965 tantis
228 3908 396 3966 sententiam
416 3906 640 3986 suprapositam
657 3906 722 3964 vide
740 3908 770 3962 in
790 3905 890 3981 fragm.

123 4017 132 4050 t
141 3997 169 4054 5.
178 3993 186 4072 )

160 4103 198 4144 ao.
220 4083 369 4161 Νουμήνιος
384 4083 430 4160 μὲν
446 4083 497 4165 γὰρ
512 4086 580 4163 τρεῖς
593 4081 741 4160 άνυμνήσας
756 4080 828 4148 θεοὺς
838 4104 892 4141 πα-

116 4171 180 4252 τέρα
196 4171 242 4248 μέν
259 4175 334 4232 καλεῖ
346 4171 391 4232 τὸν
405 4175 520 4251 πρῶτον,
534 4169 646 4243 ποιητήν
661 4170 688 4230 δί
704 4170 748 4230 τὀν
765 4172 896 4251 δεύτερον,

118 4257 222 4334 ποίημα
238 4259 265 4319 δέ
278 4261 321 4320 τδν
336 4259 433 4341 τρίτον.

1650 423 1707 483 l'l3

974 551 1113 633 (Proclus
1127 553 1156 608 in
1167 548 1242 609 Tim.
1256 568 1321 628 pag.
1336 550 1386 626 9'i.
1402 551 1494 624 A.qui
1506 549 1709 627 explicationis

934 657 1019 699 causa
1035 639 1114 698 addit
1129 660 1136 696 z
1155 637 1233 718 ὁγδρ
1247 636 1344 715 κόσμος
1355 640 1414 696 κατ’
1426 636 1504 696 αιίτθν
1525 639 1539 694 δ
1555 638 1640 716 τρίτος
1652 639 1708 697 ἐστὶ

934 727 998 794 θεός·
1013 726 1082 786 ὥστε
1095 732 1109 788 δ
1124 725 1182 786 κατ’
1196 725 1273 786 αὐτδν
1288 727 1445 806 δημιουργὸς
1459 725 1555 802 διττός,
1570 725 1624 784 ὅτε
1639 732 1710 805 πρῶ·

933 837 975 882 τος
987 817 1042 884 θεὸς
1053 820 1098 875 καί
1111 819 1124 874 ό
1137 815 1266 894 δεύτερος,
1281 814 1311 873 τὸ
1324 813 1351 872 δὲ
1367 814 1606 895 δημιουργούμενον
1619 818 1633 873 δ
1657 816 1711 894 apf—
1754 867 1757 871 .

882 903 1006 980 ι.τος)

975 1011 1013 1050 at.
1035 990 1182 1070 Νουμήνιος
1197 980 1293 1068 μὲν
1263 1015 1307 1051 ουν
1330 989 1418 1050 πάντα
1440 997 1572 1072 μεμῖχθαι
1595 992 1711 1070 οἰόμενος

935 1078 1048 1139 οὐδὲν
1022 1104 1104 1140 οιεται
1124 1070 1189 1140 εἶναι
1204 1080 1313 1141 ἁπλοῦν.

975 1169 1140 1244 (Prociusin
1150 1168 1289 1227 Timaeum
1299 1189 1363 1247 pag.
1380 1178 1444 1238 ιήι.
1456 1167 1488 1228 Ε.
1501 1168 1599 1228 Idem
1591 1191 1620 1227 tn
1636 1170 1710 1228 'lim

935 1277 965 1335 p.
985 1260 1037 1330 187
1048 1259 1080 1316 B.
1095 1257 1378 1316 refertNumenium'
1372 1269 1506 1316 intereos
1520 1257 1712 1338 philosophos

936 1348 985 1422 qui
998 1365 1148 1405 numerum
1162 1365 1225 1406 esse
1238 1349 1368 1405 animum
1383 1357 1554 1405 statuerunt.
1572 1344 1619 1404 Sic
1634 1347 1710 1404 enim

935 1435 1038 1494 scribit
1050 1439 1117 1495 ιτῶν
1130 1433 1158 1494 δὲ
1168 1435 1219 1516 πρὸ
1227 1439 1303 1514 ήμῶν
1317 1432 1400 1511 οἱμὲν
1416 1433 1712 1512 μαθηματικήνποιοῦν-

935 1545 975 1590 τες
990 1523 1037 1594 τήν
1055 1523 1144 1584 οὖσίαν
1160 1527 1207 1595 τῆς
1221 1528 1322 1604 ψυχῆς,
1342 1525 1377 1592 ῶς
1392 1521 1475 1599 μέσην
1485 1526 1537 1580 τῶν
1557 1546 1585 1580 τε
1596 1526 1710 1602 φυσικῶν

935 1610 980 1668 καί
995 1616 1047 1671 τῶν
1077 1615 1230 1693 ὑπερφυῶν,
1254 1615 1277 1671 οἱ
1301 1611 1348 1688 μέν
1373 1612 1480 1692 ἀριθμὸν
1504 1611 1585 1684 αὐτήν
1601 1611 1713 1678 εἰπόντες

935 1699 965 1756 ἐκ
991 1699 1101 1774 μονάδος
1120 1704 1250 1776 ποιοῦσιν,
1270 1703 1306 1766 ὡς
1325 1699 1486 1778 ἀμερίστου,
1511 1700 1605 1757 καί
1572 1723 1619 1771 της
1642 1700 1712 1780 δορί·

936 1809 998 1846 στου
1024 1789 1169 1861 δυάδος,“
1155 1811 1190 1854 ως
1208 1793 1350 1868 μεριστῆς,
1376 1791 1399 1847 οἱ
1424 1787 1489 1847 δὲ
1475 1812 1509 1855 ως
1534 1789 1712 1896 γεωμετρικὴν

939 1869 1130 1937 θπόσταοιν’ς
1100 1900 1179 1936 ουσαν
1191 1880 1220 1937 ἐκ
1231 1877 1341 1956 σημείου
1356 1875 1400 1936 καί
1416 1877 1591 1948 διαστάσεως,
1605 1899 1652 1935 του
1635 1877 1713 1955 piu

937 1966 1064 2043 ἀμεροῦς,
1087 1969 1134 2037 τῆς
1160 1966 1186 2024 δὲ
1209 1971 1342 2047 μεριστῆς.
1367 1969 1424 2039 Τῆς
1446 1967 1494 2043 μὲν
1516 1966 1644 2047 προτέρας
1664 1969 1713 2028 eloi

937 2053 1012 2125 δόξης
1037 2055 1061 2112 οἱ
1076 2053 1136 2134 περὶ
1151 2052 1333 2134 Ἀρίστανδρον
1348 2054 1394 2114 καί
1409 2055 1559 2130 Νουμήνιον
1581 2055 1627 2115 καί
1640 2056 1714 2115 ἄλλοι

933 2142 1053 2203 πλεῖστοι
1065 2145 1116 2200 τῶν
1128 2142 1260 2219 ἐξηγητῶν
1271 2191 1279 2223 ,
1294 2149 1340 2216 τῆς
1353 2143 1380 2202 δέ
1395 2144 1517 2223 δευτέρας
1534 2145 1680 2225 Σεῦῆρος.)

978 2251 1015 2293 ια.
1039 2230 1148 2298 Μέθιξις
1163 2233 1213 2288 τῶν
1238 2230 1318 2297 όντως
1342 2229 1423 2290 όντων
1438 2232 1493 2291 ἐστὶ
1515 2235 1563 2291 κάν
1583 2241 1636 2300 τοῖς
1655 2255 1715 2302 νοη-

912 2353 917 2370 u
935 2327 1000 2387 τοῖς.

980 2407 1119 2484 (Procius
1131 2409 1161 2464 in
1175 2407 1316 2465 Timaeum
1330 2426 1395 2485 pag.
1409 2410 1522 2482 249.A
1500 2409 1568 2466 A.el
1583 2407 1630 2484 μὲν
1647 2399 1709 2482 οὖν,

937 2498 972 2564 ως
985 2494 1051 2573 ᾤετο
1065 2493 1213 2604 Πορφόριος
1224 2494 1268 2554 καί
1279 2517 1345 2562 τινες
1360 2493 1434 2552 ἄλλοι
1448 2495 1630 2570 Πλατωνικοί,
1645 2496 1713 2572 μόνα

913 2583 1043 2662 μετεῖχε
1055 2585 1107 2641 τῶν
1121 2581 1201 2650 όντως
1213 2579 1291 2640 όντων
1302 2580 1334 2640 td
1345 2581 1472 2656 αἰσθητά,
1486 2584 1557 2640 ἐν’
1528 2586 1614 2651 αυτοῖς
1630 2584 1716 2662 μόνοις

914 2663 970 2726 du
986 2669 1168 2748 ἐζητοῦμεν
1142 2695 1188 2736 τας
1207 2670 1317 2737 εἰκόνας·
1339 2673 1361 2730 tl
1383 2670 1449 2744 d¹,‘
1435 2695 1470 2738 ως
1485 2669 1601 2748 Ἀμόλιος
1622 2671 1716 2752 γράφει

938 2757 983 2815 καί
1005 2759 1055 2839 πρδ
1070 2758 1192 2834 Ἀμελίου
1215 2758 1376 2835 Νουμήνιος,
1401 2758 1500 2870 μίθεξίς
1520 2762 1575 2818 ἔστι
1602 2761 1650 2816 κάν
1664 2768 1716 2828 τοῖς

938 2851 1058 2922 νοητοῖς,
1074 2835 1152 2904 sier
1139 2869 1169 2904 αν
1182 2845 1278 2914 εἰκόνες
1291 2845 1360 2904 καί
1349 2871 1374 2906 εν
1386 2849 1482 2912 αὐτοῖς.
1500 2847 1602 2906 ldem
1594 2869 1622 2906 m
1638 2849 1713 2907 Tim.

942 2954 1010 3012 pag.
1024 2955 1094 3011 τηρ.
1106 2934 1141 2995 C.
1158 2933 1718 3013 h'aecdediisternmperentibuseter-

940 3023 1070 3080 filicibus
1086 3021 1195 3080 tradit.
1188 3020 1273 3102 ,περὶ
1266 3021 1321 3079 ιδὲ
1342 3021 1513 3082 ἇπάντων”
1478 3047 1530 3082 των
1544 3021 1717 3082 κατευθυνόν-

940 3131 1021 3166 τωντ
1022 3105 1192 3186 ῆθνγένεσιν
1195 3113 1244 3168 τῶν
1262 3108 1400 3187 λεγωμεν,
1424 3113 1459 3177 ὥς
1479 3109 1537 3170 οὔτε
1555 3110 1603 3184 τήν
1625 3113 1715 3172 οὐσίαν

941 3195 1030 3276 ἔχουσι
1042 3201 1074 3276 τῇ
1090 3195 1139 3276 thy
1158 3198 1386 3276 συμμεμιγμένην,
1404 3200 1522 3280 καθάπερ
1536 3199 1613 3280 φασίν
1627 3203 1651 3259 οἱ
1665 3200 1717 3260 ἀπὸ

940 3289 985 3357 τῆς
1001 3293 1085 3351 στοᾶς·
1100 3284 1173 3344 οὐδὲν
1186 3285 1236 3365 γὰρ
1246 3286 1318 3344 δῦνον
1332 3285 1402 3346 κατδι
1411 3290 1457 3358 τῆς
1473 3287 1535 3359 ῦλης
1549 3291 1585 3366 νῷ
1598 3288 1643 3347 καί
1654 3313 1717 3369 φρο-

941 3375 1013 3446 νήσει
1034 3372 1142 3432 δύναται
1166 3377 1271 3433 διοικεῖν
1301 3375 1360 3434 otti
1383 3377 1480 3456 κυρίοις
1502 3377 1558 3436 ἐστί
1581 3379 1715 3450 ποιητικὸν

942 3461 1047 3535 αίτιον,
1068 3461 1125 3522 ἀλλ’
1145 3462 1254 3543 ὄργανον
1269 3463 1357 3543 ἐτέρου
1378 3465 1453 3532 τινός·
1466 3463 1526 3524 οὔτε
1545 3465 1590 3537 τῆν
1606 3467 1652 3544 μὲν
1672 3469 1718 3525 el-

942 3549 1000 3610 οίαν
1016 3549 1121 3630 ἔχουσιν
1136 3553 1219 3629 ἀμιγῆ
1244 3551 1308 3631 πρὸς
1326 3553 1374 3624 τὴν
1394 3550 1469 3625 ὕλην,
1483 3551 1531 3618 τδις
1545 3552 1572 3612 dl
1595 3547 1718 3630 δυνάμεις

942 3639 986 3698 καί
1000 3639 1047 3706 τὰς
1071 3638 1200 3718 ίνεργείας
1222 3641 1439 3719 ἀναμεμιγμένας
1454 3639 1517 3718 πρὸς
1533 3640 1629 3713 αὐτήν,
1644 3645 1680 3706 ὡς
1694 3644 1716 3699 cl

942 3727 1001 3806 περὶ
1020 3727 1168 3804 Νουμήνιον
1192 3727 1321 3808 λέγουσιν.
1350 3727 1431 3786 ldem
1451 3729 1598 3786 memoriae
1619 3730 1718 3804 prodit

943 3815 1115 3874 Numenium
1130 3816 1241 3875 bellum
1258 3816 1432 3876 Atlanticum
1444 3827 1472 3872 et
1488 3817 1586 3874 fictum
1605 3829 1719 3893 putasse

942 3919 970 3964 et
984 3905 1020 3963 ad
1034 3905 1195 3964 animorum
1219 3905 1372 3964 dissidium
1395 3906 1541 3966 retulisse.
1559 3904 1631 3962 Nam
1650 3925 1717 3983 pag.

944 3995 992 4051 αθ.
1006 3993 1039 4054 C.
1053 3993 1109 4052 ait:
1122 3991 1263 4073 Ὦριγένης
1277 3991 1305 4051 δέ
1318 3991 1469 4052 πεπλάσθαι
1481 3991 1528 4072 μίν
1541 3992 1653 4072 {tepet
1663 3995 1720 4067 διή-

944 4105 1018 4162 γημα
1035 4080 1080 4141 καί
1092 4079 1214 4139 τοσοῦτόν
1231 4103 1261 4160 γε
1276 4077 1419 4160 συνεχώρει
1433 4089 1485 4150 τοῖς
1511 4081 1578 4162 ἀμφί
1592 4080 1635 4140 τὸν
1651 4083 1722 4143 Νου-

945 4168 1050 4248 μήνιον,
1074 4169 1103 4227 οὗ
1119 4167 1150 4227 δι’
1165 4167 1260 4240 ἡδονὴν
1280 4167 1307 4227 δὲ
1326 4168 1477 4228 πεπλάσθαι
1493 4170 1720 4251 μεμηχανημένην

944 4259 1013 4318 κατδι
1035 4256 1079 4317 τὸν
1096 4261 1231 4336 Λογγῖνον·
1247 4257 1329 4318 αίτιον
1341 4257 1368 4316 δὲ
1384 4258 1413 4316 οὐ
1428 4258 1574 4339 προσετίθει
1587 4265 1632 4324 τῶ
1655 4260 1720 4318 nlai-

114 4475 203 4540 peries
217 4491 246 4526 ac
258 4479 340 4540 partes
353 4478 411 4528 vitae
429 4478 532 4543 eiusque
546 4481 600 4530 acta
617 4480 768 4544 redigentes,
788 4485 817 4530 ut
832 4481 889 4529 Pto·
981 4485 1009 4529 ιι)
1033 4479 1157 4530 Unitatem
1168 4479 1244 4542 igitur
1257 4483 1283 4531 et
1295 4479 1451 4532 indiscretam
1467 4481 1655 4532 similitudinem
1669 4480 1709 4531 ani

124 4567 193 4616 tinus
206 4571 232 4616 οι
249 4568 413 4632 Porphyrium
431 4569 519 4634 partim
539 4570 569 4621 ad
584 4571 713 4622 dissidium
725 4571 779 4622 hec
793 4572 902 4623 referen-
947 4580 995 4621 me
1018 4582 1073 4619 cum
1093 4568 1218 4633 priuciplis
1243 4568 1297 4620 suis
1315 4582 1425 4620 asserere
1450 4569 1547 4620 ridetur
1575 4571 1723 4630 Numenius;

127 4661 175 4715 tes,
190 4661 219 4706 ut
230 4658 375 4709 Numenius.
948 4657 1141 4718 conjunctionem
1157 4661 1240 4707 autem
1254 4659 1357 4708 alterius
1371 4661 1466 4708 naturae
1477 4657 1583 4708 retinent
1600 4657 1722 4706 vetustio-

160 4749 197 4794 tt.
213 4745 357 4796 Alii.eontra
369 4747 400 4798 ah
409 4747 476 4798 hisce
490 4748 661 4800 dissentientes
673 4750 704 4800 ab
715 4749 821 4800 externis
833 4762 905 4798 even·
949 4759 995 4795 ree.
1029 4746 1060 4796 et
1078 4745 1113 4795 illi
1127 4745 1228 4808 quidem
1238 4745 1373 4796 dissolvere
1392 4745 1517 4809 videnlur,
1531 4745 1555 4795 hi
1569 4749 1721 4795 connectere.

124 4831 158 4882 tis
172 4833 259 4883 animae
272 4833 365 4884 malum
379 4839 505 4899 utcunque
517 4836 664 4900 conciliant,
680 4840 755 4902 atque
770 4852 784 4887 a
800 4837 903 4886 materia
980 4841 1018 4885 κο.
1039 4834 1173 4884 Numenius
1185 4834 1259 4894 enim,
1274 4834 1318 4898 qui
1325 4838 1375 4885 tres
1387 4835 1447 4886 deae
1458 4833 1606 4896 celebravit,
1618 4831 1725 4896 primum

123 4919 223 4982 qnidam
232 4921 367 4972 Numenius
379 4921 519 4986 frequenter
531 4927 557 4976 et
569 4925 682 4976 cronius.
945 4923 1048 4986 quidem
1065 4924 1160 4987 pafrem
1174 4927 1261 4984 vocat,
1275 4924 1410 4974 secundum
1419 4937 1477 4974 tero
1488 4923 1610 4988 opificem,
1624 4923 1724 4974 tertium

160 5012 196 5058 tt.
211 5008 362 5060 Differentiae
375 5011 494 5062 rationem
508 5025 556 5062 non
573 5013 693 5064 habentes
705 5013 729 5062 in
747 5027 823 5063 unum
843 5027 904 5062 cen·
949 5011 1052 5076 denique
1066 5025 1128 5076 opus
1142 5012 1286 5076 perfectum.

119 5096 227 5146 fundtmt
241 5111 329 5148 omnes
348 5098 488 5150 animorum
500 5099 525 5150 in
542 5115 644 5166 corpora
664 5101 782 5165 illapsus,
802 5105 827 5150 et
847 5114 905 5150 eun·
980 5105 1019 5149 tt.
1036 5099 1169 5151 Numenius
1188 5101 1270 5150 omnia
1290 5099 1367 5149 mixta
1388 5111 1442 5150 esse
1463 5099 1530 5148 ratus
1548 5097 1608 5148 nihil
1621 5097 1726 5163 simplex

119 5189 173 5234 ctos
190 5185 269 5238 malos
284 5198 338 5236 esse
358 5199 414 5238 eum
427 5188 468 5238 alii
482 5187 616 5253 affirmant,
634 5193 686 5241 tam
698 5191 819 5254 praecipue
835 5191 898 5239 cro·
949 5185 1104 5236 existimavit.

119 5271 176 5321 nius
206 5272 342 5326 Nitntenius
357 5276 382 5325 et
393 5275 561 5339 Harpocratie·
981 5281 1019 5323 ιι.
1034 5271 1195 5334 intelligibilia
1210 5273 1285 5324 etiam
1304 5274 1329 5323 ln
1342 5273 1455 5324 veritatis
1468 5275 1564 5340 partem
1577 5275 1687 5327 veniunt.
