3958 5942
222 457 282 518 sto
732 443 883 506 dunum
904 443 1040 506 RHODii
1062 439 1334 504 centemnunt

223 589 341 650 κινεῖται·
363 585 422 646 οὐδέ
440 584 492 664 γὰρ
507 580 611 660 όμείύει
624 577 667 638 τθν
684 575 744 638 όλον
761 577 851 639 τόπον·
866 577 932 652 αῦτη
952 579 1004 660 γδρ
1049 577 1092 638 διίι
1109 581 1157 650 τῆς
1174 575 1269 658 τέφρας
1284 570 1453 648 διηθούμενον
1470 567 1542 648 ὕδωρ
1560 563 1629 626 καίει
1649 563 1685 626 ed
1706 561 1836 642 σιθματο,

222 680 321 752 κίνησις
338 679 390 736 τῶν
407 675 475 734 ὅλων
494 671 584 752 ὥσπερ
601 673 652 729 τῶν
672 671 714 730 ἐπ’
728 668 827 736 εὐθείας
842 668 1004 748 μεθισταμέ-
1048 665 1142 728 τούτου
1157 663 1185 724 δέ
1208 661 1396 741 συμόαίνοντος
1417 657 1496 737 ἀτμίς
1518 652 1710 736 ἀποπορεύεται
1730 653 1836 725 πολλή,

223 791 288 841 νων,
303 765 392 846 κύκλῳ
416 763 444 822 δέ
458 765 576 822 κινεῖται.
599 757 675 830 Atre
695 755 722 816 δέ
737 761 755 830 ἡ
773 756 873 830 κίνησις
892 761 943 816 τῶν
959 781 1005 834 μο-
1049 755 1117 816 ὥστε
1130 759 1266 832 μειοῦσθαι
1278 751 1337 818 τούς
1350 750 1442 832 όχκους
1457 745 1500 805 διδ
1510 744 1558 818 τὴν
1574 742 1684 821 ἀτμίδα.
1698 768 1709 796 ι
1725 740 1797 802 'itti'
1814 741 1838 800 εί

111 841 115 850 ¹
224 855 285 936 ρίων
300 853 368 914 ίστὶν
381 850 425 910 καί
438 847 537 914 τούτοις
545 846 600 906 ἐστὶ
612 845 699 912 τόπος.
714 843 834 918 Ἑκόστη
845 843 895 924 γδρ
908 846 1005 926 σφαῖρα
1050 845 1097 904 καὶ
1115 848 1250 924 μειοῦται,
1271 843 1300 901 οὐ
1319 839 1430 911 δήπουὴ
1444 833 1493 908 όλη
1517 839 1564 907 ιη”ς
1576 831 1674 914 τέφρας
1691 829 1768 890 οὐσία
1788 830 1840 888 δα-

222 946 275 1002 πῶν
289 943 315 1000 έν
331 939 419 1020 κύκλῳ
436 935 583 1016 φερομένων
606 931 711 1010 όμείόει
723 937 770 1004 τῆς
786 931 876 1013 ἐφεξῆς
894 931 1006 1014 σφαίρας
1051 943 1177 993 πανᾶται.
1195 918 1453 1005 noveritomnium
1468 923 1512 984 καί
1529 926 1582 989 τοῖς
1592 920 1623 980 τθ
1634 918 1707 980 κινθν
1718 921 1839 978 ύτιοτιθε-

223 1029 324 1104 ίκείνης
340 1031 388 1102 τὴν
402 1026 566 1109 ἐπιφάνειαν.
587 1021 695 1094 Ταύτης
715 1011 759 1080 οὐν
776 1021 821 1080 καί
837 1020 916 1089 τόπος
927 1021 1006 1080 ἐστίν·
1051 1021 1138 1099 μένοις
1151 1019 1197 1080 καί
1208 1020 1259 1086 τοῖς
1270 1017 1318 1091 τὴν
1326 1016 1460 1076 πύκνωσιν
1474 1015 1589 1092 βοηθεῖν,
1598 1007 1709 1088 λέγοντα
1721 1005 1758 1085 μὴ
1770 1007 1839 1082 μόνα

225 1126 392 1201 περιέχονται
402 1115 453 1196 γὰρ
468 1113 511 1174 ὐπ’
526 1111 660 1184 ἀλλήλοιν.
675 1109 792 1188 Ὁμοίως
807 1109 834 1169 δέ
849 1111 894 1169 καί
907 1110 938 1169 τό
953 1119 1006 1170 πᾶν
1051 1110 1084 1170 sd
1096 1115 1143 1182 τῆς
1156 1111 1252 1191 τέφρας
1266 1106 1329 1167 κενθ
1340 1104 1412 1164 λύειν
1433 1102 1464 1161 τὸ
1479 1096 1790 1176 <quiescentium
1806 1096 1840 1154 τό

225 1208 314 1270 καὶτὸ
329 1207 388 1267 όλον
404 1202 590 1281 αὐτθμένούκ
611 1203 637 1259 έν
656 1200 746 1282 τόπῳ,
764 1200 797 1259 τδι
812 1201 891 1280 μόρια
911 1199 947 1258 δέ.
964 1198 1006 1262 Τό
1051 1203 1097 1257 τοῦ
1111 1198 1204 1264 ὓδατος
1230 1195 1373 1265 συνιζάνειν
1393 1191 1444 1251 ini
1470 1195 1516 1250 τοῦ
1540 1187 1657 1268 πλήρους
1673 1189 1719 1258 τῆς
1742 1189 1839 1266 τέφρας

225 1297 274 1376 μέν
285 1296 336 1378 γὰρ
354 1297 439 1354 αὐτῶν
450 1293 538 1370 κύκλῳ
556 1297 684 1364 κινεῖται,
700 1286 734 1348 sd
746 1289 773 1348 δέ
788 1288 842 1348 όνω
853 1287 898 1349 καί
914 1288 1005 1366 κότω,
1051 1286 1201 1362 ὐιθοόμενα,
1214 1283 1282 1344 ὥστε
1300 1285 1337 1360 μὴ
1352 1281 1396 1340 τὸν
1413 1277 1490 1338 αὐτόν
1513 1278 1591 1356 όγκον
1614 1276 1701 1357 ἴσχειν
1724 1278 1764 1357 τῷ
1779 1274 1838 1334 καθ’

225 1387 274 1445 dee
298 1385 353 1464 ἔχει
373 1381 504 1441 πύκνωσιν
522 1379 566 1437 καί
586 1377 715 1455 μόνωσιν.
733 1380 826 1438 Ταῦτα
839 1376 866 1437 δέ
886 1376 1007 1456 Εὔδημος
1052 1375 1117 1436 αὐτὸ
1131 1375 1207 1435 θδατι
1221 1375 1256 1441 είς
1266 1373 1313 1444 τὴν
1323 1371 1421 1451 τέφραν
1436 1365 1665 1446 έμῦαλλόμενον.)

224 1479 251 1536 έν
267 1478 305 1554 τῷ
319 1451 399 1554 τρίτῳ
419 1473 472 1530 τῶν
486 1471 578 1528 έαυτοῦ
603 1468 730 1527 Φυσικῶν
751 1465 910 1546 παρίστησι,
937 1465 1008 1543 λέγει
1093 1485 1131 1524 ιο.
1155 1467 1181 1524 Τ
1184 1463 1192 1522 ί
1215 1464 1237 1522 δ’
1253 1460 1352 1521 έστίνθ
1371 1457 1464 1538 χρόνος
1486 1455 1530 1514 καλ
1548 1457 1587 1522 τίς
1607 1457 1684 1514 αὐτοῦ
1701 1460 1718 1526 ἡ
1742 1455 1839 1532 φύσις,

224 1563 253 1624 δέ
271 1562 361 1628 οὕτως·
384 1559 475 1620 ταύτὸ
500 1557 528 1615 δὲ
549 1555 657 1636 πότερόν
681 1558 751 1615 ἐστιν
773 1557 800 1615 έν
824 1556 900 1636 τόπῳ
923 1554 940 1627 ἢ
962 1559 1008 1616 οὐκ
1055 1553 1151 1628 ὁμοίως
1163 1552 1192 1613 έκ
1208 1575 1237 1611 τε
1246 1553 1298 1609 τῶν
1312 1545 1531 1629 παραδεδομένων
1544 1544 1640 1618 ἄδηλόν
1652 1545 1708 1604 ἐστι
1722 1544 1768 1603 καί
1779 1544 1842 1624 περί

224 1650 323 1722 densi}
345 1654 400 1718 πῶς
420 1643 634 1725 έκοίτερονςόλον
651 1644 699 1720 μέν
709 1643 761 1724 γθρ
779 1647 826 1704 οὐκ
838 1643 908 1702 ἔστιν
925 1645 952 1701 έν
967 1644 1008 1703 τό·
1055 1634 1092 1702 ὧν
1107 1641 1273 1721 τυγχάνομεν
1291 1637 1471 1711 διεληλυθότες
1489 1632 1628 1714 πρότερον.
1673 1635 1709 1695 Οἱ
1722 1633 1841 1712 μὲνγὰρ

224 1766 268 1820 πῳ
279 1785 287 1813 ,
300 1743 322 1799 εί
335 1745 372 1814 μη
391 1735 447 1795 ἔστι
468 1758 493 1792 τι
518 1733 602 1800 ἐκτός·
625 1733 710 1814 τούτῳ
728 1733 779 1815 γθιρ
795 1733 826 1792 ἂν
847 1732 1005 1814 περιέχοιτο.
1053 1731 1100 1804 τὴν
1124 1737 1169 1791 τοῦ
1186 1729 1248 1789 όλου
1263 1727 1364 1802 κίνησιν
1381 1719 1449 1785 εἶναί
1465 1747 1562 1806 φασιν,
1584 1725 1608 1782 oi
1622 1721 1650 1782 δέ
1661 1722 1710 1796 τὴν
1723 1732 1842 1804 σφαῖραν

226 1832 312 1890 Τοῦτο
328 1827 354 1884 δέ
376 1821 580 1904 έπισκεψόμεθα.
595 1820 639 1882 Τθε
656 1821 684 1881 δέ
706 1821 790 1903 οίστρα
805 1821 850 1880 καί
868 1821 917 1880 όσα
938 1823 1008 1889 ἐντὸς
1055 1819 1146 1892 αὐτόν.
1165 1817 1261 1880 Καίτοι
1274 1823 1322 1890 τῆς
1338 1823 1482 1898 περιφορᾶς
1495 1812 1542 1873 καί
1556 1811 1586 1871 τό
1600 1812 1678 1892 μέρος
1692 1813 1780 1894 χρόνος
1797 1813 1841 1880 τίς

225 1923 271 1977 τοῦ
288 1913 415 1985 έξοιτοίτου
428 1910 548 1986 σώματος
564 1913 590 1970 ἐν
606 1913 644 1990 τῷ
659 1911 757 1970 ἐκείνου
779 1908 874 1992 πέρατί
889 1913 969 1985 ἐστιν,
986 1902 1004 1989 ᾗ
1053 1913 1123 1984 ἐστι,
1137 1907 1266 1992 περιφορθ
1287 1907 1315 1966 δέ
1335 1905 1419 1985 γεού·
1436 1902 1514 1982 μέρος
1527 1901 1579 1980 γὰρ
1592 1910 1733 1983 περιφορᾶς
1745 1901 1775 1959 τί)
1789 1902 1844 1970 λη·

227 2003 349 2084 περιέχον
364 1999 429 2060 ἐστί·
454 2000 487 2057 τὰ
504 1997 531 2056 δέ
545 1995 628 2066 ούτως
647 1998 673 2057 έν
688 2021 738 2058 τινι
750 1999 776 2056 έν
790 1997 864 2057 τύπω
881 1997 1004 2076 λέγεται,
1053 1997 1131 2080 φθέν,
1148 2001 1206 2059 ἀλλ’
1222 1999 1251 2058 οὐ
1268 1993 1407 2078 περιφορά.
1449 1987 1512 2053 Ἔτι
1528 1990 1551 2050 θ’
1572 1992 1596 2049 εί
1616 1991 1719 2058 πλείους
1732 1981 1844 2062 denuoi

227 2083 290 2173 1νῷ
311 2090 338 2150 δέ
353 2090 385 2149 τὰ
402 2091 497 2168 μόρια,
513 2086 558 2145 καὶ
577 2086 607 2146 τθ
621 2087 681 2145 ὅλον
701 2087 811 2164 λέγομεν
833 2109 844 2144 ε
857 2109 912 2148 ναι.
929 2087 1008 2148 Οὕτω
1052 2087 1174 2168 οὐρανοί,
1188 2085 1283 2166 ὁμοίως
1298 2085 1328 2144 δν
1343 2075 1374 2157 ἦν
1388 2081 1535 2162 θχρόνοςῆ
1552 2083 1657 2138 ὁτουοῦν
1671 2079 1757 2138 αὐτῶν
1771 2079 1844 2152 κίνη-

226 2178 274 2256 μέν
287 2169 330 2237 οὐν
348 2176 388 2249 είη
404 2175 434 2234 δν
451 2177 476 2233 ἐν
491 2174 573 2256 τόπῳ·
584 2172 640 2234 ἔστι
656 2173 683 2232 δέ
695 2174 740 2232 καί
759 2174 844 2241 ἄλλως
858 2195 918 2235 που.
962 2174 1008 2234 Ἔν
1054 2197 1111 2252 τις,
1127 2173 1196 2235 ὥστε
1211 2173 1307 2234 πολλοὶ
1322 2171 1412 2252 χρόνοι
1430 2169 1498 2247 ἅμα.
1515 2167 1549 2229 Ἡ
1565 2167 1649 2226 δέταῦ
1668 2166 1730 2225 όλου
1743 2167 1844 2246 σφαῖρα

225 2275 278 2334 τοῖς
294 2265 391 2348 μορίοις
405 2264 455 2345 γάρ
468 2265 523 2322 ἐστι
537 2263 566 2320 τθ
581 2262 657 2335 ditos,
675 2263 816 2341 πολλαχῶς
834 2261 860 2320 δὲ
878 2261 909 2320 τὸ
920 2261 1008 2322 τιού.»
1053 2263 1123 2334 ἔδοξε
1143 2261 1190 2342 μέν
1207 2271 1260 2331 τοῖς
1274 2266 1391 2322 εἰποῦσιν
1416 2249 1483 2318 είναι
1503 2263 1517 2319 θ
1541 2256 1646 2338 χρόνος,
1660 2255 1700 2315 ότι
1715 2257 1742 2315 έν
1761 2279 1790 2315 τε
1805 2261 1845 2334 τῷ

227 2359 356 2436 Apparet
369 2349 561 2412 'I'iremistium
576 2353 664 2431 paulo
679 2351 812 2409 aliterue
827 2350 1008 2429 SImpiicium
1052 2352 1142 2433 χρόνῳ
1156 2352 1244 2412 πιόντα
1255 2350 1310 2412 ἐστὶ
1325 2349 1370 2410 καί
1385 2351 1410 2410 έν
1426 2353 1459 2428 τῇ
1475 2353 1521 2408 τοῦ
1530 2348 1592 2409 stou
1604 2346 1711 2428 σφαίρᾳ.
1722 2342 1806 2406 Ἔστι
1820 2347 1843 2403 δ’

225 2445 348 2504 Eudemi
366 2442 456 2502 verbe
470 2442 626 2518 retulisse.)
1053 2441 1240 2522 ιθηθικόιτιρον
1255 2443 1285 2502 τὸ
1299 2441 1436 2522 εἰρημένον
1448 2437 1467 2510 ἢ
1479 2437 1549 2497 ὥστε
1563 2437 1623 2518 περί
1636 2438 1715 2495 αὐτοῦ
1731 2435 1766 2494 τὰ
1784 2435 1846 2494 αἰδό-

266 2531 469 2612 ιο.θίαρτύριον
484 2529 510 2589 δέ
523 2529 568 2588 καί
578 2529 607 2587 τὸ
618 2528 678 2606 περὶ
692 2529 739 2598 τῆς
753 2531 850 2606 τέφρας
861 2532 1008 2602 ποιοῦνται,
1054 2555 1121 2590 νοτε
1148 2531 1310 2592 ἐπισκοπεῖν.
1355 2528 1433 2588 Ἐπεί
1459 2526 1486 2586 δέ
1511 2528 1580 2586 δοκεῖ
1607 2524 1724 2603 μάλιστα
1741 2524 1846 2597 κίνησις

226 2619 244 2692 ἢ
261 2618 365 2700 δέχεται
378 2617 433 2678 ίσον
449 2617 529 2698 ὕδωρ,
546 2617 606 2677 ὅσον
618 2616 647 2675 τθ
661 2619 762 2695 ἀγγεῖον
772 2615 803 2675 τό
816 2615 899 2678 κενόν.
1054 2610 1119 2678 εἶναι
1138 2618 1183 2679 καί
1201 2617 1335 2697 μεταόολή
1356 2641 1393 2684 τις
1414 2620 1433 2697 θ1
1447 2615 1557 2696 χρόνος,
1573 2616 1644 2674 τοῦτ’
1671 2611 1701 2672 δν
1717 2611 1759 2684 είη
1783 2636 1845 2673 σκε-

266 2706 359 2775 Ὄλως
374 2707 401 2766 δέ
415 2705 430 2765 ό
443 2730 471 2766 τε
485 2705 546 2788 περί
558 2711 604 2777 τῆς
622 2705 755 2776 αὐξήσεως
769 2704 843 2784 λόγος
859 2704 904 2764 καί
917 2711 963 2765 τοῦ
975 2706 1010 2774 εἷς
1053 2709 1142 2769 πτέον.

227 2797 274 2870 τὴν
289 2798 385 2878 τέφραν
399 2795 555 2875 ἐγχεομένου
570 2794 664 2862 ῦδατος
678 2793 754 2860 αὐτὸς
772 2793 848 2852 αὐτὸν
862 2793 1007 2870 ἐμποδίζει.
1096 2797 1283 2876 (Aristoteles
1299 2797 1384 2874 Phys.
1398 2795 1450 2856 lib.
1470 2794 1522 2868 IV,
1539 2814 1603 2872 cap.
1630 2815 1664 2851 ro
1682 2815 1713 2872 [ι.
1731 2795 1803 2867 αι8,
1816 2815 1843 2855 ιι.

226 2885 263 2945 Ἢ
280 2885 330 2964 γὰρ
343 2885 390 2943 οὐκ
404 2883 543 2952 αὐξάνεται
556 2887 661 2953 ὁτιοῦν,
682 2879 700 2953 ἢ
721 2882 749 2940 οὐ
770 2879 891 2957 σόιματι,
904 2879 921 2952 ἢ
936 2883 1008 2943 ένδέ-
1056 2888 1105 2946 δι..
1121 2886 1166 2946 ed.
1189 2885 1311 2945 Βαλίον.
1333 2884 1497 2964 Simplicius
1520 2883 1567 2941 fot.
1594 2883 1660 2941 165.
1679 2881 1778 2953 ἄδηλον
1796 2875 1841 2942 οὐν

226 2997 304 3055 χεται
313 2971 358 3031 δύο
368 2972 481 3048 σώματα
497 2974 522 3031 ἐν
542 2971 629 3050 ταύτῷ
642 2961 717 3030 εἶναι.
759 2967 881 3050 Ἀπορίαν
898 2960 942 3030 οὐν
953 2991 1009 3030 κοι·
1054 2973 1099 3034 καὶ
1113 2973 1143 3034 τό
1157 2973 1183 3033 τί
1197 2973 1281 3047 ίοτιν,
1293 2973 1366 3052 είπερ
1378 2976 1402 3032 oi
1417 2971 1464 3050 μέν
1477 2971 1525 3044 τὴν
1541 2977 1586 3030 τοῦ
1600 2969 1661 3030 όλου
1671 2967 1775 3040 κίνησιν
1796 2972 1843 3030 καί

227 3061 273 3134 νην
287 3061 385 3129 ἀξιοῦσι
399 3061 470 3120 λύειν
480 3105 488 3137 ,
499 3059 557 3118 ἀλλ’
572 3061 601 3117 οὐ
613 3060 686 3119 κενθν
697 3057 857 3119 δεικνύουσιν
873 3063 908 3127 ὡς
924 3059 1007 3124 έστιν.
1030 3091 1033 3134 Ι
1054 3063 1245 3146 τιεριφορθντθν
1254 3063 1347 3143 χρόνον
1356 3052 1422 3120 εἷναί
1427 3085 1516 3143 φασιν,
1524 3063 1558 3127 ὡς
1568 3058 1611 3118 τόν
1625 3057 1842 3137 Πλάτωνανομζ.

226 3147 265 3211 Ἦ
279 3159 331 3209 πᾶν
346 3139 412 3209 ε’ίνοιι
427 3154 567 3231 ἀναγκαῖον
583 3148 613 3207 τὸ
625 3152 703 3224 σῶμα
717 3147 811 3220 κενόν,
825 3151 848 3206 εί
865 3149 952 3226 πάντη
966 3149 1010 3206 αὐ-
1030 3135 1033 3190 !
1054 3159 1140 3226 ζουσαν
1155 3151 1209 3212 ὅτε
1224 3151 1347 3228 Εὔδημος
1357 3149 1403 3210 καί
1419 3154 1433 3208 δ
1446 3149 1617 3230 Θεόφραστος
1628 3147 1701 3208 καὶὸ
1715 3145 1839 3216 itiam.

228 3238 331 3308 ξόνεται
350 3237 396 3298 καὶ
413 3237 551 3305 αὐξάνεται
566 3235 609 3295 δεδι
625 3241 711 3296 κενοῦ.
755 3234 789 3295 Ὁ
807 3234 828 3292 δ’
841 3235 918 3303 αὐτὸς
931 3235 1009 3315 λόγος
1055 3245 1129 3320 δρος,
1145 3243 1169 3302 οἱ
1183 3238 1210 3300 δέ
1225 3239 1273 3313 τὴν
1294 3243 1408 3322 σφαῖραν
1433 3237 1515 3310 αὐτὴν
1531 3245 1576 3298 τοῦ
1594 3239 1704 3317 ούρανοῦ
1725 3239 1760 3304 ιίις
1777 3237 1840 3306 εὼς

227 3328 272 3387 καί
287 3328 330 3388 tei
343 3331 389 3398 τῆς
403 3325 507 3406 τέφρας.
1056 3329 1250 3411 Πυθαγορικούς
1264 3331 1396 3411 ίστοροῦσι
1411 3328 1495 3406 λέγειν
1511 3328 1534 3385 oi
1546 3325 1762 3408 παρακούσαντες
1776 3325 1844 3396 ἴσως

268 3415 458 3498 (Aristoteles
475 3413 565 3490 Phys·
579 3411 629 3472 iib-
642 3411 690 3484 lV,
707 3431 770 3490 cap.
789 3413 806 3469 6
822 3425 850 3471 ei
862 3433 877 3484 7
889 3433 920 3490 p.
938 3413 994 3470 ²13
1054 3425 1099 3478 τοῦ
1113 3417 1239 3500 Ἀρχύτου
1256 3416 1377 3498 λέγοντος
1392 3415 1503 3476 καθόλου
1519 3414 1563 3474 τόν
1584 3415 1678 3496 χρόνον
1705 3415 1846 3493 διάστημα

226 3505 257 3566 b.
277 3527 311 3564 nr
328 3518 357 3564 et
374 3511 441 3572 nrt.
463 3501 495 3562 b.
520 3503 547 3560 3.
568 3501 613 3559 ed.
631 3501 752 3559 Bekker.
769 3501 936 3580 Simplicius
952 3501 1007 3562 soi.
1053 3511 1100 3578 τῆς
1114 3511 1159 3566 τοῦ
1178 3505 1276 3574 παντός
1291 3504 1394 3587 φύσεως
1411 3506 1566 3585 [Archytas
1580 3503 1673 3562 verbu
1692 3503 1846 3582 descripta

230 3595 298 3658 155.
312 3593 342 3654 b.
355 3593 411 3652 tter
427 3591 453 3651 δέ
466 3590 513 3664 τὴν
528 3595 573 3662 τῆς
587 3589 682 3671 τέφρας
695 3588 807 3668 &noviti
823 3589 972 3669 δΕὗδημοτ
982 3594 1008 3651 iv
1055 3617 1072 3654 ιι
1086 3595 1234 3676 Simplicio
1249 3608 1402 3655 comment.
1425 3595 1456 3653 in
1477 3595 1566 3654 Arist.
1589 3593 1679 3671 Phys.
1702 3593 1755 3654 sot.
1787 3595 1843 3668 137

226 3685 263 3764 τῷ
276 3675 416 3764 epicureis
429 3683 554 3741 Φυσικῶν
567 3681 649 3756 λέγων
663 3677 702 3738 ότι
716 3705 728 3732 ο
744 3677 876 3758 ἐνδέχεται
887 3679 932 3738 καί
947 3681 1008 3740 οίνευ
1054 3699 1083 3744 ct
1096 3687 1164 3746 rue.
1177 3705 1204 3744 n.
1221 3685 1289 3744 vide
1301 3685 1331 3742 in
1345 3683 1420 3744 Phil.
1431 3683 1484 3743 Gr.
1497 3683 1608 3760 Fragm.
1620 3682 1680 3740 vol.
1695 3682 1721 3756 l,
1737 3703 1767 3760 p.
1785 3683 1845 3754 570

227 3776 278 3832 τῶν
293 3767 450 3849 secundent
466 3767 619 3847 σομύαίνειν
637 3768 667 3829 τό
682 3767 830 3848 λεγόμενον·
851 3769 944 3848 θερμὸν
958 3769 1008 3848 γὰρ
1054 3787 1083 3833 et
1094 3773 1154 3834 voi.
1171 3771 1211 3846 il,
1225 3794 1253 3852 p.
1275 3773 1341 3834 118.
1356 3772 1593 3848 Pseudogaienus
1605 3771 1674 3829 hist.
1685 3769 1759 3848 phil.
1777 3769 1843 3830 nit:

226 3864 253 3920 ίν
267 3866 300 3943 τῇ
314 3861 397 3944 τέφρορ
409 3857 651 3943 περιλαμόοίνεσθαί
665 3881 690 3918 τι
702 3858 788 3936 δοκεῖ,
804 3857 923 3938 καθάπερ
938 3861 964 3918 έν
974 3864 1007 3932 τῆ
1054 3861 1098 3920 τόν
1122 3859 1215 3942 χρόνον
1244 3852 1309 3920 είναι
1332 3860 1489 3940 Πυθαγόρας
1512 3859 1639 3940 ὑπείληφε
1653 3857 1701 3930 τὴν
1725 3868 1844 3938 σφαῖραν

225 3951 333 4032 τιτοίνῳ.
352 3953 437 4023 Δῆλον
454 3950 490 4009 δέ·
504 3949 673 4029 ἐπιχεομένου
687 3948 738 4029 γὰρ
757 3947 849 4015 ὕδατος
870 3947 1006 4028 ἀμφότεροι
1053 3954 1100 4008 τοῦ
1111 3948 1292 4030 περιέχοντος,
1307 3947 1423 4010 Πλότων
1436 3947 1463 4007 δέ
1477 3945 1612 4022 διάστημα
1624 3949 1670 4018 τῆς
1680 3951 1728 4005 τοῦ
1739 3945 1845 4023 κόσμου

225 4043 311 4098 ταῦτα
334 4038 418 4116 καίει,
432 4038 449 4109 ἡ
464 4038 512 4115 μέν
533 4037 634 4105 τέτανος
648 4036 762 4115 uderipi
777 4037 804 4096 it
825 4037 906 4118 τέφρα
923 4036 965 4096 διδ
979 4037 1009 4097 τὸ
1054 4038 1196 4113 κινήσεως,
1210 4037 1398 4119 Ἐρατοσθένης
1414 4037 1441 4096 δέ
1464 4036 1513 4109 τὴν
1535 4041 1581 4096 τοῦ
1598 4035 1698 4112 κόσμου
1717 4035 1840 4117 πορείαν.

256 4261 295 4308 45.
313 4255 492 4306 Testimonium
503 4259 586 4308 nutem
600 4257 676 4322 hujus
690 4258 726 4308 rei
743 4257 768 4307 id
787 4258 863 4309 etiam
880 4259 989 4310 ederunt
1053 4258 1119 4309 enim
1133 4258 1241 4309 universi
1256 4259 1366 4320 motum,
1381 4257 1423 4308 eiii
1440 4257 1565 4322 spheram
1581 4255 1771 4321 ipssmtempus
1786 4269 1845 4309 esse

225 4345 293 4412 qnod
312 4342 433 4396 incinere
455 4343 510 4394 tieri
528 4343 607 4406 solet,
629 4345 672 4408 qui
691 4347 788 4397 tentum
809 4346 898 4410 accipit
918 4361 990 4411 eque
1052 4348 1212 4398 offirmnnmt.
1235 4347 1311 4410 Atqui
1332 4345 1499 4398 conversionis
1517 4358 1574 4410 pers
1588 4343 1665 4396 etiem
1677 4347 1781 4410 tempus
1800 4351 1843 4396 est

225 4435 346 4501 quntum
361 4446 405 4483 ves
418 4445 524 4483 vacnum
535 4433 609 4496 capit.
1054 4437 1193 4502 quoddam,
1207 4435 1335 4486 conversio
1347 4447 1407 4485 vero
1420 4447 1468 4484 uon
1484 4435 1541 4484 est:
1554 4446 1612 4497 pers
1623 4431 1689 4483 enim
1697 4433 1844 4485 couversio-

256 4521 362 4573 omnino
371 4526 455 4572 antem
467 4520 613 4572 secretionis
633 4523 742 4585 stoque
755 4521 782 4572 in
797 4521 904 4573 cinerem
917 4523 1007 4574 iniuste
1052 4525 1091 4576 nis
1105 4524 1179 4576 estid
1198 4523 1263 4588 quod
1286 4526 1397 4574 sumtum
1412 4525 1465 4584 est,
1488 4535 1536 4573 non
1549 4521 1688 4573 conversio.
1712 4523 1843 4576 Preteren

223 4613 323 4664 retiose
335 4611 388 4677 ipse
400 4610 509 4677 impedit.
527 4613 578 4662 Aut
590 4611 654 4662 enirn
673 4625 722 4662 non
736 4613 840 4676 nugetur
855 4611 991 4678 quidquam
1052 4614 1073 4666 si
1089 4613 1171 4679 piures
1191 4615 1276 4665 essent
1298 4612 1370 4684 cmii,
1390 4613 1474 4662 motus
1500 4610 1696 4678 uniuscuiusque
1721 4611 1842 4664 similiter

224 4705 327 4754 autnon
340 4699 681 4766 corpore,eutfieripotest‚
694 4705 723 4751 ut
736 4700 786 4752 duo
802 4713 906 4767 corpore
921 4701 1007 4754 inuno
1052 4707 1149 4770 tempus
1160 4706 1242 4766 esset;
1256 4701 1417 4767 quemobrem
1431 4701 1503 4766 pium
1518 4704 1629 4766 tempore
1647 4699 1723 4752 simui
1742 4706 1838 4754 esseru.

223 4794 281 4847 sint.
299 4791 465 4852 Quaestionem
480 4790 555 4855 igitur
571 4802 726 4842 communem
739 4790 834 4842 solvere
847 4791 945 4856 volunt,
962 4793 1005 4844 sed
1052 4792 1177 4857 spheram
1191 4793 1275 4842 eutem
1285 4789 1393 4842 universi
1411 4789 1514 4856 quidam
1528 4787 1656 4840 sententio
1671 4787 1737 4840 iliius
1756 4789 1841 4842 deien-

221 4887 322 4936 exstsre
341 4896 448 4934 vacuum
462 4895 511 4932 non
524 4880 665 4932 ostendunt.
687 4881 737 4932 Aut
757 4883 838 4931 toturn
856 4896 943 4947 comus
961 4896 1004 4933 vs·
1050 4895 1118 4932 sores
1129 4880 1221 4931 idcirco
1235 4883 1333 4945 tempus
1351 4893 1405 4930 esse
1423 4880 1556 4943 putarunt,
1570 4879 1629 4943 quie
1642 4879 1668 4928 et
1680 4877 1706 4927 in
1725 4879 1839 4944 tempore

225 4987 299 5026 ouum
310 4985 364 5024 esse
377 4985 477 5024 necesse
491 4973 545 5033 est,
562 4969 584 5020 si
597 4969 665 5020 omni
682 4983 714 5022 ex
727 4973 796 5034 porte
808 4973 912 5034 nugetur
925 4973 951 5021 et
962 4985 1006 5034 per
1050 4971 1077 5019 et
1089 4967 1114 5017 in
1126 4966 1231 5019 universi
1251 4967 1347 5032 sphera
1367 4971 1456 5018 cuncto
1470 4966 1561 5017 insunt.
1581 4969 1625 5016 Est
1641 4967 1726 5017 autem
1739 4967 1838 5020 dietum

225 5075 330 5114 vsconm
342 5060 466 5112 secresut.
480 5059 572 5110 Eadem
582 5072 642 5110 vero
657 5061 683 5110 et
692 5059 781 5110 cineris
793 5059 856 5110 rstio
868 5061 912 5110 est
1050 5059 1110 5109 'titud
1132 5059 1253 5122 ineptius,
1266 5071 1341 5124 quem
1356 5057 1425 5122 qnod
1441 5061 1511 5122 egent
1525 5069 1610 5107 eorum
1624 5069 1680 5120 qum
1698 5057 1756 5108 inde
1770 5057 1837 5110 eiiici

254 5154 293 5202 ie.
310 5149 357 5198 Sed
370 5149 488 5213 quidnam
505 5149 537 5198 sit
557 5151 656 5212 tempus
669 5151 695 5200 et
712 5163 770 5213 ηοω
780 5148 814 5198 sit
828 5149 881 5212 ejus
901 5149 989 5198 ustura
1050 5161 1098 5197 non
1109 5150 1211 5210 possunt
1229 5147 1430 5199 consideratione.
1450 5150 1535 5206 Quum
1547 5159 1607 5197 vero
1624 5148 1709 5196 motus
1728 5148 1835 5197 maxime

225 5249 296 5300 mque
307 5237 344 5285 est
355 5233 488 5284 obscurum
499 5235 566 5286 exiis
579 5249 634 5300 qne
644 5250 659 5287 ιι
670 5236 804 5302 majoribus
815 5236 907 5286 nostris
917 5237 1006 5288 trudito
1050 5239 1076 5286 et
1089 5234 1193 5285 mutatio
1206 5237 1323 5300 quedem
1336 5239 1435 5301 tempus
1447 5249 1503 5288 esse
1516 5234 1640 5298 videatur,
1655 5234 1704 5286 hoe
1716 5235 1836 5286 conside·

226 5325 297 5384 sunt,
319 5323 344 5372 et
357 5333 387 5370 ev
404 5318 435 5370 iis
456 5334 514 5384 qum
526 5321 596 5386 prins
610 5336 625 5372 ι
639 5323 710 5374 nobis
724 5327 782 5375 sunt
801 5323 875 5376 dieta.
899 5324 1004 5383 Quidam
1050 5323 1154 5374 rendum
1168 5324 1222 5376 crit-
