<?xml version="1.0" encoding="UTF-8"?>
<!DOCTYPE html PUBLIC "-//W3C//DTD XHTML 1.0 Transitional//EN"
    "http://www.w3.org/TR/xhtml1/DTD/xhtml1-transitional.dtd">
<html xmlns="http://www.w3.org/1999/xhtml" xml:lang="en" lang="en">
 <head>
  <title>
</title>
<meta http-equiv="Content-Type" content="text/html;charset=utf-8" />
  <meta name='ocr-system' content='tesseract 3.04.00' />
  <meta name='ocr-capabilities' content='ocr_page ocr_carea ocr_par ocr_line ocrx_word'/>
</head>
<body>
  <div class='ocr_page' id='page_1' title='image "./fragmentaphilos01mullgoog/fragmentaphilos01mullgoog_0454.png"; bbox 0 0 3882 5954; ppageno 0'>
   <div class='ocr_carea' id='block_1_1' title="bbox 478 359 1723 459">
    <p class='ocr_par' dir='ltr' id='par_1_1' title="bbox 478 359 1723 459">
     <span class='ocr_line' id='line_1_1' title="bbox 478 359 1723 459; baseline 0.033 -41"><span class='ocrx_word' id='word_1_1' title='bbox 478 359 705 423; x_wconf 85' lang='lat' dir='ltr'><strong>ETHlCORUM</strong></span> <span class='ocrx_word' id='word_1_2' title='bbox 727 361 1060 431; x_wconf 76' lang='lat' dir='ltr'><strong>NIGOMACHEORUM</strong></span> <span class='ocrx_word' id='word_1_3' title='bbox 1078 371 1365 442; x_wconf 79' lang='lat' dir='ltr'><strong>PARAPHRASIS.</strong></span> <span class='ocrx_word' id='word_1_4' title='bbox 1664 399 1723 459; x_wconf 71' lang='lat'>433</span> 
     </span>
    </p>
   </div>
   <div class='ocr_carea' id='block_1_2' title="bbox 98 487 1724 1730">
    <p class='ocr_par' dir='ltr' id='par_1_2' title="bbox 101 487 1724 856">
     <span class='ocr_line' id='line_1_2' title="bbox 105 487 1724 590; baseline 0.02 -44"><span class='ocrx_word' id='word_1_5' title='bbox 105 487 160 567; x_wconf 76' lang='grc' dir='ltr'>ἄρα</span> <span class='ocrx_word' id='word_1_6' title='bbox 175 487 303 568; x_wconf 76' lang='grc' dir='ltr'>ἐκατέρου</span> <span class='ocrx_word' id='word_1_7' title='bbox 317 489 418 549; x_wconf 87' lang='grc' dir='ltr'>τούτων</span> <span class='ocrx_word' id='word_1_8' title='bbox 432 499 471 558; x_wconf 88' lang='grc' dir='ltr'>τις</span> <span class='ocrx_word' id='word_1_9' title='bbox 490 494 518 564; x_wconf 70' lang='grc' dir='ltr'>η’</span> <span class='ocrx_word' id='word_1_10' title='bbox 532 491 658 570; x_wconf 76' lang='grc' dir='ltr'>βελτίστη</span> <span class='ocrx_word' id='word_1_11' title='bbox 680 493 741 563; x_wconf 77' lang='grc' dir='ltr'>ἕξις·</span> <span class='ocrx_word' id='word_1_12' title='bbox 757 495 824 570; x_wconf 77' lang='grc' dir='ltr'>αὕτη</span> <span class='ocrx_word' id='word_1_13' title='bbox 839 497 891 577; x_wconf 85' lang='grc' dir='ltr'>γδιρ</span> <span class='ocrx_word' id='word_1_14' title='bbox 941 519 1010 567; x_wconf 91' lang='lat' dir='ltr'><strong>rum,</strong></span> <span class='ocrx_word' id='word_1_15' title='bbox 1021 509 1079 574; x_wconf 89' lang='lat' dir='ltr'><strong>quis</strong></span> <span class='ocrx_word' id='word_1_16' title='bbox 1090 511 1123 562; x_wconf 89' lang='lat' dir='ltr'>sit</span> <span class='ocrx_word' id='word_1_17' title='bbox 1136 514 1246 578; x_wconf 88' lang='lat' dir='ltr'><strong>optimus</strong></span> <span class='ocrx_word' id='word_1_18' title='bbox 1256 517 1357 570; x_wconf 88' lang='lat' dir='ltr'><strong>babitus</strong></span> <span class='ocrx_word' id='word_1_19' title='bbox 1377 522 1448 574; x_wconf 72' lang='lat' dir='ltr'><strong>:bae</strong></span> <span class='ocrx_word' id='word_1_20' title='bbox 1459 526 1524 577; x_wconf 88' lang='lat' dir='ltr'><strong>enlm</strong></span> <span class='ocrx_word' id='word_1_21' title='bbox 1534 530 1615 583; x_wconf 77' lang='lat' dir='ltr'><strong>virtus</strong></span> <span class='ocrx_word' id='word_1_22' title='bbox 1629 537 1724 590; x_wconf 73' lang='lat' dir='ltr'><strong>utrius.</strong></span> 
     </span>
     <span class='ocr_line' id='line_1_3' title="bbox 101 575 1724 676; baseline 0.026 -44"><span class='ocrx_word' id='word_1_23' title='bbox 101 575 186 656; x_wconf 75' lang='grc' dir='ltr'>ἀρετὴ</span> <span class='ocrx_word' id='word_1_24' title='bbox 202 578 338 658; x_wconf 80' lang='grc' dir='ltr'>ἑκατέρου·</span> <span class='ocrx_word' id='word_1_25' title='bbox 353 577 411 636; x_wconf 75' lang='grc' dir='ltr'>ἐπεὶ</span> <span class='ocrx_word' id='word_1_26' title='bbox 424 577 479 653; x_wconf 78' lang='grc' dir='ltr'>δέη</span> <span class='ocrx_word' id='word_1_27' title='bbox 494 579 574 660; x_wconf 77' lang='grc' dir='ltr'>ἀρετὴ</span> <span class='ocrx_word' id='word_1_28' title='bbox 590 584 616 641; x_wconf 82' lang='grc' dir='ltr'>έν</span> <span class='ocrx_word' id='word_1_29' title='bbox 627 590 679 652; x_wconf 88' lang='grc' dir='ltr'>τοῖς</span> <span class='ocrx_word' id='word_1_30' title='bbox 690 584 793 652; x_wconf 79' lang='grc' dir='ltr'>οἰκείοις</span> <span class='ocrx_word' id='word_1_31' title='bbox 807 585 892 667; x_wconf 88' lang='grc' dir='ltr'>ἔργοις</span> <span class='ocrx_word' id='word_1_32' title='bbox 938 609 988 660; x_wconf 90' lang='lat' dir='ltr'><strong>que</strong></span> <span class='ocrx_word' id='word_1_33' title='bbox 1003 601 1042 648; x_wconf 88' lang='lat' dir='ltr'>est</span> <span class='ocrx_word' id='word_1_34' title='bbox 1056 619 1062 649; x_wconf 91' lang='lat'><strong>:</strong></span> <span class='ocrx_word' id='word_1_35' title='bbox 1083 613 1164 665; x_wconf 92' lang='lat' dir='ltr'><strong>quum</strong></span> <span class='ocrx_word' id='word_1_36' title='bbox 1175 608 1260 656; x_wconf 91' lang='lat' dir='ltr'><strong>autem</strong></span> <span class='ocrx_word' id='word_1_37' title='bbox 1272 607 1354 659; x_wconf 80' lang='lat' dir='ltr'><strong>virtus</strong></span> <span class='ocrx_word' id='word_1_38' title='bbox 1370 609 1396 659; x_wconf 90' lang='lat' dir='ltr'><strong>in</strong></span> <span class='ocrx_word' id='word_1_39' title='bbox 1415 613 1533 676; x_wconf 82' lang='lat' dir='ltr'>operibus</span> <span class='ocrx_word' id='word_1_40' title='bbox 1547 619 1599 668; x_wconf 83' lang='lat' dir='ltr'><strong>suis</strong></span> <span class='ocrx_word' id='word_1_41' title='bbox 1610 623 1724 675; x_wconf 83' lang='lat' dir='ltr'><strong>conside-</strong></span> 
     </span>
     <span class='ocr_line' id='line_1_4' title="bbox 101 666 1724 771; baseline 0.021 -48"><span class='ocrx_word' id='word_1_42' title='bbox 101 669 256 745; x_wconf 87' lang='grc' dir='ltr'>θεωρεῖται,</span> <span class='ocrx_word' id='word_1_43' title='bbox 270 666 395 740; x_wconf 84' lang='grc' dir='ltr'>ζητητέον</span> <span class='ocrx_word' id='word_1_44' title='bbox 416 667 476 728; x_wconf 84' lang='grc' dir='ltr'>τίνοι</span> <span class='ocrx_word' id='word_1_45' title='bbox 491 671 525 729; x_wconf 80' lang='grc' dir='ltr'>τδ</span> <span class='ocrx_word' id='word_1_46' title='bbox 546 668 611 752; x_wconf 87' lang='grc' dir='ltr'>ἔργα</span> <span class='ocrx_word' id='word_1_47' title='bbox 623 671 657 730; x_wconf 82' lang='grc' dir='ltr'>τὰ</span> <span class='ocrx_word' id='word_1_48' title='bbox 670 673 840 754; x_wconf 82' lang='grc' dir='ltr'>προσήκοντα</span> <span class='ocrx_word' id='word_1_49' title='bbox 853 679 892 757; x_wconf 83' lang='grc' dir='ltr'>τῷ</span> <span class='ocrx_word' id='word_1_50' title='bbox 938 689 1015 748; x_wconf 79' lang='lat' dir='ltr'><strong>retur,</strong></span> <span class='ocrx_word' id='word_1_51' title='bbox 1031 691 1195 754; x_wconf 85' lang='lat' dir='ltr'><strong>quaerendum</strong></span> <span class='ocrx_word' id='word_1_52' title='bbox 1213 696 1302 758; x_wconf 86' lang='lat' dir='ltr'><strong>etiam,</strong></span> <span class='ocrx_word' id='word_1_53' title='bbox 1317 712 1374 764; x_wconf 85' lang='lat' dir='ltr'>quae</span> <span class='ocrx_word' id='word_1_54' title='bbox 1393 702 1444 752; x_wconf 83' lang='lat' dir='ltr'><strong>sint</strong></span> <span class='ocrx_word' id='word_1_55' title='bbox 1464 703 1508 754; x_wconf 93' lang='lat' dir='ltr'><strong>illa</strong></span> <span class='ocrx_word' id='word_1_56' title='bbox 1519 720 1577 771; x_wconf 79' lang='lat' dir='ltr'><strong>quaa</strong></span> <span class='ocrx_word' id='word_1_57' title='bbox 1595 713 1647 762; x_wconf 83' lang='lat' dir='ltr'>tam</span> <span class='ocrx_word' id='word_1_58' title='bbox 1664 714 1724 766; x_wconf 68' lang='lat' dir='ltr'><strong>huic</strong></span> 
     </span>
     <span class='ocr_line' id='line_1_5' title="bbox 102 754 1488 856; baseline 0.011 -29"><span class='ocrx_word' id='word_1_59' title='bbox 102 754 303 838; x_wconf 59' lang='grc' dir='ltr'>ἕπὲστημῠιῑκῷ</span> <span class='ocrx_word' id='word_1_60' title='bbox 318 757 365 816; x_wconf 67' lang='grc' dir='ltr'>καί</span> <span class='ocrx_word' id='word_1_61' title='bbox 380 759 550 839; x_wconf 69' lang='grc' dir='ltr'>βουλευτικῷ·</span> <span class='ocrx_word' id='word_1_62' title='bbox 938 789 1014 840; x_wconf 90' lang='lat' dir='ltr'><strong>quam</strong></span> <span class='ocrx_word' id='word_1_63' title='bbox 1026 777 1064 828; x_wconf 91' lang='lat' dir='ltr'><strong>illi</strong></span> <span class='ocrx_word' id='word_1_64' title='bbox 1078 781 1153 832; x_wconf 90' lang='lat' dir='ltr'><strong>animi</strong></span> <span class='ocrx_word' id='word_1_65' title='bbox 1165 784 1230 848; x_wconf 89' lang='lat' dir='ltr'><strong>parti</strong></span> <span class='ocrx_word' id='word_1_66' title='bbox 1243 789 1391 839; x_wconf 87' lang='lat' dir='ltr'><strong>oonreuiant</strong></span> <span class='ocrx_word' id='word_1_67' title='bbox 1407 803 1488 856; x_wconf 91' lang='lat' dir='ltr'><strong>opera.</strong></span> 
     </span>
    </p>

    <p class='ocr_par' dir='ltr' id='par_1_3' title="bbox 98 843 1723 1730">
     <span class='ocr_line' id='line_1_6' title="bbox 143 843 1723 944; baseline 0.025 -40"><span class='ocrx_word' id='word_1_68' title='bbox 143 844 156 869; x_wconf 82' lang='lat'><em>*</em></span> <span class='ocrx_word' id='word_1_69' title='bbox 170 843 240 922; x_wconf 89' lang='grc' dir='ltr'>Τρία</span> <span class='ocrx_word' id='word_1_70' title='bbox 252 846 338 905; x_wconf 81' lang='grc' dir='ltr'>τοίνυν</span> <span class='ocrx_word' id='word_1_71' title='bbox 352 847 422 906; x_wconf 67' lang='lat' dir='ltr'><strong>taeta</strong></span> <span class='ocrx_word' id='word_1_72' title='bbox 437 849 464 904; x_wconf 84' lang='grc' dir='ltr'>ἔν</span> <span class='ocrx_word' id='word_1_73' title='bbox 479 851 512 927; x_wconf 81' lang='grc' dir='ltr'>τῇ</span> <span class='ocrx_word' id='word_1_74' title='bbox 527 850 601 928; x_wconf 82' lang='grc' dir='ltr'>ψυχῇ</span> <span class='ocrx_word' id='word_1_75' title='bbox 620 849 653 909; x_wconf 87' lang='grc' dir='ltr'>τδι</span> <span class='ocrx_word' id='word_1_76' title='bbox 675 851 753 932; x_wconf 89' lang='grc' dir='ltr'>κύρια</span> <span class='ocrx_word' id='word_1_77' title='bbox 773 852 892 932; x_wconf 87' lang='grc' dir='ltr'>πράξεως</span> <span class='ocrx_word' id='word_1_78' title='bbox 956 866 1025 917; x_wconf 86' lang='lat' dir='ltr'><strong>.Tn&#39;a</strong></span> <span class='ocrx_word' id='word_1_79' title='bbox 1036 881 1095 933; x_wconf 87' lang='lat' dir='ltr'><strong>ergo</strong></span> <span class='ocrx_word' id='word_1_80' title='bbox 1111 875 1169 922; x_wconf 90' lang='lat' dir='ltr'><strong>sunt</strong></span> <span class='ocrx_word' id='word_1_81' title='bbox 1183 875 1209 924; x_wconf 93' lang='lat' dir='ltr'><strong>in</strong></span> <span class='ocrx_word' id='word_1_82' title='bbox 1223 876 1305 926; x_wconf 89' lang='lat' dir='ltr'><strong>animo</strong></span> <span class='ocrx_word' id='word_1_83' title='bbox 1320 892 1379 944; x_wconf 78' lang='lat' dir='ltr'><strong>que</strong></span> <span class='ocrx_word' id='word_1_84' title='bbox 1391 882 1496 933; x_wconf 85' lang='lat' dir='ltr'><strong>aetionis</strong></span> <span class='ocrx_word' id='word_1_85' title='bbox 1509 888 1536 935; x_wconf 89' lang='lat' dir='ltr'>et</span> <span class='ocrx_word' id='word_1_86' title='bbox 1547 891 1662 942; x_wconf 84' lang='lat' dir='ltr'><strong>veritatis</strong></span> <span class='ocrx_word' id='word_1_87' title='bbox 1677 892 1723 942; x_wconf 91' lang='lat' dir='ltr'>do-</span> 
     </span>
     <span class='ocr_line' id='line_1_7' title="bbox 100 932 1723 1027; baseline 0.022 -35"><span class='ocrx_word' id='word_1_88' title='bbox 100 932 148 992; x_wconf 83' lang='grc' dir='ltr'>καλ</span> <span class='ocrx_word' id='word_1_89' title='bbox 162 934 298 1006; x_wconf 79' lang='grc' dir='ltr'>ἀληθείας.</span> <span class='ocrx_word' id='word_1_90' title='bbox 317 934 451 1008; x_wconf 76' lang='grc' dir='ltr'>Ἀληθείας</span> <span class='ocrx_word' id='word_1_91' title='bbox 463 935 511 1013; x_wconf 81' lang='grc' dir='ltr'>μὲν</span> <span class='ocrx_word' id='word_1_92' title='bbox 527 935 606 1018; x_wconf 90' lang='grc' dir='ltr'>κύρια</span> <span class='ocrx_word' id='word_1_93' title='bbox 621 943 679 1008; x_wconf 93' lang='grc' dir='ltr'>νοῦς</span> <span class='ocrx_word' id='word_1_94' title='bbox 694 944 739 1000; x_wconf 80' lang='grc' dir='ltr'>καὶ</span> <span class='ocrx_word' id='word_1_95' title='bbox 754 942 890 1017; x_wconf 75' lang='grc' dir='ltr'>αἴσθησις,</span> <span class='ocrx_word' id='word_1_96' title='bbox 936 949 1059 1003; x_wconf 90' lang='lat' dir='ltr'><strong>minatum</strong></span> <span class='ocrx_word' id='word_1_97' title='bbox 1070 955 1190 1008; x_wconf 76' lang='lat' dir='ltr'>obtinent.</span> <span class='ocrx_word' id='word_1_98' title='bbox 1204 961 1233 1010; x_wconf 94' lang='lat' dir='ltr'>ln</span> <span class='ocrx_word' id='word_1_99' title='bbox 1249 961 1357 1014; x_wconf 83' lang='lat' dir='ltr'><strong>veritate</strong></span> <span class='ocrx_word' id='word_1_100' title='bbox 1368 963 1529 1018; x_wconf 79' lang='lat' dir='ltr'><strong>dominantur</strong></span> <span class='ocrx_word' id='word_1_101' title='bbox 1545 983 1616 1024; x_wconf 90' lang='lat' dir='ltr'><strong>mens</strong></span> <span class='ocrx_word' id='word_1_102' title='bbox 1627 957 1651 1025; x_wconf 84' lang='lat' dir='ltr'>et</span> <span class='ocrx_word' id='word_1_103' title='bbox 1666 989 1723 1027; x_wconf 89' lang='lat' dir='ltr'><strong>sen-</strong></span> 
     </span>
     <span class='ocr_line' id='line_1_8' title="bbox 101 1023 1723 1124; baseline 0.015 -41"><span class='ocrx_word' id='word_1_104' title='bbox 101 1024 142 1083; x_wconf 78' lang='grc' dir='ltr'>ὅτι</span> <span class='ocrx_word' id='word_1_105' title='bbox 157 1023 281 1105; x_wconf 77' lang='grc' dir='ltr'>ἑκάτερον</span> <span class='ocrx_word' id='word_1_106' title='bbox 292 1023 388 1104; x_wconf 86' lang='grc' dir='ltr'>γνῶσίς</span> <span class='ocrx_word' id='word_1_107' title='bbox 402 1030 481 1086; x_wconf 85' lang='grc' dir='ltr'>ἔστιν·</span> <span class='ocrx_word' id='word_1_108' title='bbox 497 1030 514 1098; x_wconf 80' lang='grc' dir='ltr'><strong>ἡ</strong></span> <span class='ocrx_word' id='word_1_109' title='bbox 530 1027 557 1085; x_wconf 82' lang='grc' dir='ltr'>δὲ</span> <span class='ocrx_word' id='word_1_110' title='bbox 570 1031 666 1104; x_wconf 84' lang='grc' dir='ltr'>γνῶσις</span> <span class='ocrx_word' id='word_1_111' title='bbox 688 1030 761 1098; x_wconf 88' lang='grc' dir='ltr'>τέλος</span> <span class='ocrx_word' id='word_1_112' title='bbox 776 1031 890 1112; x_wconf 75' lang='grc' dir='ltr'>έχιιτλν</span> <span class='ocrx_word' id='word_1_113' title='bbox 937 1049 993 1098; x_wconf 86' lang='grc' dir='ltr'>ευε,</span> <span class='ocrx_word' id='word_1_114' title='bbox 1009 1040 1069 1104; x_wconf 87' lang='lat' dir='ltr'><strong>quia</strong></span> <span class='ocrx_word' id='word_1_115' title='bbox 1090 1044 1197 1109; x_wconf 89' lang='lat' dir='ltr'><strong>utraque</strong></span> <span class='ocrx_word' id='word_1_116' title='bbox 1209 1059 1250 1098; x_wconf 88' lang='lat' dir='ltr'>res</span> <span class='ocrx_word' id='word_1_117' title='bbox 1261 1049 1368 1112; x_wconf 79' lang='lat' dir='ltr'><strong>cognitio</strong></span> <span class='ocrx_word' id='word_1_118' title='bbox 1381 1053 1419 1101; x_wconf 80' lang='grc' dir='ltr'>εει</span> <span class='ocrx_word' id='word_1_119' title='bbox 1438 1071 1445 1104; x_wconf 83' lang='grc' dir='ltr'>ι</span> <span class='ocrx_word' id='word_1_120' title='bbox 1466 1053 1523 1104; x_wconf 89' lang='lat' dir='ltr'><strong>linis</strong></span> <span class='ocrx_word' id='word_1_121' title='bbox 1538 1060 1622 1109; x_wconf 90' lang='lat' dir='ltr'><strong>autem</strong></span> <span class='ocrx_word' id='word_1_122' title='bbox 1638 1065 1723 1124; x_wconf 71' lang='lat' dir='ltr'><strong>cogni-</strong></span> 
     </span>
     <span class='ocr_line' id='line_1_9' title="bbox 101 1112 1722 1208; baseline 0.025 -53"><span class='ocrx_word' id='word_1_123' title='bbox 101 1112 239 1185; x_wconf 54' lang='lat' dir='ltr'>gpqqmq·</span> <span class='ocrx_word' id='word_1_124' title='bbox 265 1113 385 1194; x_wconf 65' lang='grc' dir='ltr'>πράξεως</span> <span class='ocrx_word' id='word_1_125' title='bbox 411 1114 458 1190; x_wconf 57' lang='grc' dir='ltr'>δι’</span> <span class='ocrx_word' id='word_1_126' title='bbox 485 1120 503 1189; x_wconf 73' lang='grc' dir='ltr'>,γ</span> <span class='ocrx_word' id='word_1_127' title='bbox 529 1115 619 1196; x_wconf 59' lang='grc' dir='ltr'>ὄρεξις·</span> <span class='ocrx_word' id='word_1_128' title='bbox 636 1120 662 1177; x_wconf 64' lang='grc' dir='ltr'>ἐν</span> <span class='ocrx_word' id='word_1_129' title='bbox 678 1119 743 1198; x_wconf 56' lang='grc' dir='ltr'>αὐτῇ</span> <span class='ocrx_word' id='word_1_130' title='bbox 767 1121 818 1200; x_wconf 68' lang='grc' dir='ltr'>γάρ</span> <span class='ocrx_word' id='word_1_131' title='bbox 834 1125 890 1180; x_wconf 63' lang='grc' dir='ltr'>ἔστι</span> <span class='ocrx_word' id='word_1_132' title='bbox 937 1119 1011 1172; x_wconf 89' lang='lat' dir='ltr'><strong>tionis</strong></span> <span class='ocrx_word' id='word_1_133' title='bbox 1026 1125 1065 1173; x_wconf 87' lang='lat' dir='ltr'>est</span> <span class='ocrx_word' id='word_1_134' title='bbox 1076 1125 1169 1177; x_wconf 78' lang='lat' dir='ltr'><strong>ventas</strong></span> <span class='ocrx_word' id='word_1_135' title='bbox 1188 1146 1194 1176; x_wconf 94' lang='lat'><strong>:</strong></span> <span class='ocrx_word' id='word_1_136' title='bbox 1210 1129 1237 1180; x_wconf 93' lang='lat' dir='ltr'><strong>in</strong></span> <span class='ocrx_word' id='word_1_137' title='bbox 1254 1131 1351 1183; x_wconf 87' lang='lat' dir='ltr'><strong>actione</strong></span> <span class='ocrx_word' id='word_1_138' title='bbox 1367 1145 1427 1184; x_wconf 87' lang='lat' dir='ltr'><strong>vero</strong></span> <span class='ocrx_word' id='word_1_139' title='bbox 1438 1138 1584 1201; x_wconf 83' lang='lat' dir='ltr'><strong>appetitus:</strong></span> <span class='ocrx_word' id='word_1_140' title='bbox 1599 1143 1722 1208; x_wconf 82' lang='lat' dir='ltr'><strong>siquidem</strong></span> 
     </span>
     <span class='ocr_line' id='line_1_10' title="bbox 99 1200 1723 1296; baseline 0.025 -55"><span class='ocrx_word' id='word_1_141' title='bbox 99 1209 176 1258; x_wconf 61' lang='grc' dir='ltr'>πᾶσα</span> <span class='ocrx_word' id='word_1_142' title='bbox 189 1201 308 1282; x_wconf 60' lang='grc' dir='ltr'>πράξεως</span> <span class='ocrx_word' id='word_1_143' title='bbox 325 1200 411 1282; x_wconf 60' lang='grc' dir='ltr'>ἀρχή,</span> <span class='ocrx_word' id='word_1_144' title='bbox 422 1203 469 1263; x_wconf 60' lang='grc' dir='ltr'>χαι</span> <span class='ocrx_word' id='word_1_145' title='bbox 485 1205 582 1272; x_wconf 50' lang='grc' dir='ltr'>παπὸς</span> <span class='ocrx_word' id='word_1_146' title='bbox 598 1205 674 1286; x_wconf 58' lang='grc' dir='ltr'>ἔργω,</span> <span class='ocrx_word' id='word_1_147' title='bbox 696 1206 764 1279; x_wconf 61' lang='grc' dir='ltr'>αὕτη</span> <span class='ocrx_word' id='word_1_148' title='bbox 779 1208 890 1269; x_wconf 51' lang='lat' dir='ltr'><strong>«Ma-g</strong></span> <span class='ocrx_word' id='word_1_149' title='bbox 936 1203 962 1253; x_wconf 95' lang='lat' dir='ltr'><strong>in</strong></span> <span class='ocrx_word' id='word_1_150' title='bbox 976 1218 1005 1255; x_wconf 90' lang='lat' dir='ltr'><strong>eo</strong></span> <span class='ocrx_word' id='word_1_151' title='bbox 1021 1219 1094 1259; x_wconf 88' lang='lat' dir='ltr'><strong>omne</strong></span> <span class='ocrx_word' id='word_1_152' title='bbox 1113 1211 1218 1262; x_wconf 88' lang='lat' dir='ltr'><strong>actionis</strong></span> <span class='ocrx_word' id='word_1_153' title='bbox 1234 1215 1381 1282; x_wconf 85' lang='lat' dir='ltr'><strong>principium</strong></span> <span class='ocrx_word' id='word_1_154' title='bbox 1401 1221 1520 1286; x_wconf 81' lang='lat' dir='ltr'><strong>cernitur,</strong></span> <span class='ocrx_word' id='word_1_155' title='bbox 1532 1229 1558 1277; x_wconf 90' lang='lat' dir='ltr'>et</span> <span class='ocrx_word' id='word_1_156' title='bbox 1571 1229 1652 1280; x_wconf 88' lang='lat' dir='ltr'><strong>omnis</strong></span> <span class='ocrx_word' id='word_1_157' title='bbox 1663 1244 1723 1296; x_wconf 90' lang='lat' dir='ltr'><strong>ope-</strong></span> 
     </span>
     <span class='ocr_line' id='line_1_11' title="bbox 100 1287 1723 1374; baseline 0.01 -26"><span class='ocrx_word' id='word_1_158' title='bbox 100 1290 149 1366; x_wconf 82' lang='grc' dir='ltr'>μὲν</span> <span class='ocrx_word' id='word_1_159' title='bbox 164 1289 215 1370; x_wconf 73' lang='grc' dir='ltr'>γάρ</span> <span class='ocrx_word' id='word_1_160' title='bbox 228 1295 288 1358; x_wconf 86' lang='grc' dir='ltr'>νοῦς</span> <span class='ocrx_word' id='word_1_161' title='bbox 308 1290 432 1372; x_wconf 84' lang='grc' dir='ltr'>γινώσκει</span> <span class='ocrx_word' id='word_1_162' title='bbox 446 1291 487 1351; x_wconf 83' lang='grc' dir='ltr'>δτι</span> <span class='ocrx_word' id='word_1_163' title='bbox 500 1293 560 1354; x_wconf 87' lang='grc' dir='ltr'>τόδε</span> <span class='ocrx_word' id='word_1_164' title='bbox 575 1317 600 1353; x_wconf 93' lang='grc' dir='ltr'>τι</span> <span class='ocrx_word' id='word_1_165' title='bbox 618 1294 676 1354; x_wconf 91' lang='grc' dir='ltr'>δέον</span> <span class='ocrx_word' id='word_1_166' title='bbox 692 1301 812 1368; x_wconf 89' lang='grc' dir='ltr'>ποιῆσαι·</span> <span class='ocrx_word' id='word_1_167' title='bbox 828 1301 845 1370; x_wconf 78' lang='grc' dir='ltr'><strong>ἡ</strong></span> <span class='ocrx_word' id='word_1_168' title='bbox 861 1297 888 1356; x_wconf 79' lang='grc' dir='ltr'>δὲ</span> <span class='ocrx_word' id='word_1_169' title='bbox 936 1287 971 1338; x_wconf 61' lang='lat'>¹³⁸</span> <span class='ocrx_word' id='word_1_170' title='bbox 987 1289 1042 1340; x_wconf 60' lang='lat' dir='ltr'>hffii</span> <span class='ocrx_word' id='word_1_171' title='bbox 1060 1305 1135 1344; x_wconf 49' lang='lat'>⁰³¹¹&amp;</span> <span class='ocrx_word' id='word_1_172' title='bbox 1156 1295 1263 1349; x_wconf 91' lang='lat' dir='ltr'><strong>habetur</strong></span> <span class='ocrx_word' id='word_1_173' title='bbox 1292 1302 1412 1354; x_wconf 66' lang='grc' dir='ltr'>ῑθθῑίῑθθί</span> <span class='ocrx_word' id='word_1_174' title='bbox 1432 1318 1503 1357; x_wconf 78' lang='lat' dir='ltr'><strong>mens</strong></span> <span class='ocrx_word' id='word_1_175' title='bbox 1529 1313 1723 1374; x_wconf 70' lang='lat' dir='ltr'><strong>cognoscisne</strong></span> 
     </span>
     <span class='ocr_line' id='line_1_12' title="bbox 100 1372 1722 1462; baseline 0.012 -26"><span class='ocrx_word' id='word_1_176' title='bbox 100 1377 193 1451; x_wconf 78' lang='grc' dir='ltr'>εἰςτλν</span> <span class='ocrx_word' id='word_1_177' title='bbox 207 1381 301 1462; x_wconf 77' lang='grc' dir='ltr'>πρᾶξιν</span> <span class='ocrx_word' id='word_1_178' title='bbox 320 1379 421 1453; x_wconf 87' lang='grc' dir='ltr'>κίνησις</span> <span class='ocrx_word' id='word_1_179' title='bbox 439 1383 491 1440; x_wconf 73' lang='lat' dir='ltr'>dno</span> <span class='ocrx_word' id='word_1_180' title='bbox 508 1386 555 1453; x_wconf 86' lang='grc' dir='ltr'>τῆς</span> <span class='ocrx_word' id='word_1_181' title='bbox 575 1382 682 1458; x_wconf 82' lang='grc' dir='ltr'>ὀρέξεως</span> <span class='ocrx_word' id='word_1_182' title='bbox 701 1383 811 1462; x_wconf 85' lang='grc' dir='ltr'>γίνεται·</span> <span class='ocrx_word' id='word_1_183' title='bbox 827 1389 843 1456; x_wconf 82' lang='grc' dir='ltr'>ἡ</span> <span class='ocrx_word' id='word_1_184' title='bbox 860 1383 887 1442; x_wconf 82' lang='grc' dir='ltr'>δὲ</span> <span class='ocrx_word' id='word_1_185' title='bbox 935 1372 997 1435; x_wconf 61' lang='lat' dir='ltr'><strong>‘inid</strong></span> <span class='ocrx_word' id='word_1_186' title='bbox 1015 1376 1139 1438; x_wconf 56' lang='lat' dir='ltr'><strong>agendum</strong></span> <span class='ocrx_word' id='word_1_187' title='bbox 1150 1394 1204 1433; x_wconf 73' lang='lat'>⁰⁸⁵⁰</span> <span class='ocrx_word' id='word_1_188' title='bbox 1219 1400 1225 1431; x_wconf 77' lang='lat'>²</span> <span class='ocrx_word' id='word_1_189' title='bbox 1239 1387 1406 1448; x_wconf 61' lang='grc' dir='ltr'>ῐθθίῑῑΠθΓθέ</span> <span class='ocrx_word' id='word_1_190' title='bbox 1419 1391 1464 1454; x_wconf 72' lang='lat' dir='ltr'>‘1¹¹i</span> <span class='ocrx_word' id='word_1_191' title='bbox 1479 1391 1512 1442; x_wconf 87' lang='lat' dir='ltr'><strong>ed</strong></span> <span class='ocrx_word' id='word_1_192' title='bbox 1534 1394 1657 1446; x_wconf 69' lang='lat' dir='ltr'>³0¹i⁰¹10111</span> <span class='ocrx_word' id='word_1_193' title='bbox 1674 1397 1722 1448; x_wconf 69' lang='lat' dir='ltr'><strong>fer·</strong></span> 
     </span>
     <span class='ocr_line' id='line_1_13' title="bbox 100 1463 1723 1554; baseline 0.004 -27"><span class='ocrx_word' id='word_1_194' title='bbox 100 1467 221 1540; x_wconf 83' lang='grc' dir='ltr'>αἴσθησις</span> <span class='ocrx_word' id='word_1_195' title='bbox 235 1469 359 1548; x_wconf 80' lang='grc' dir='ltr'>οὐδεμιᾶς</span> <span class='ocrx_word' id='word_1_196' title='bbox 375 1470 447 1529; x_wconf 82' lang='grc' dir='ltr'>ἔστιν</span> <span class='ocrx_word' id='word_1_197' title='bbox 463 1469 534 1551; x_wconf 82' lang='grc' dir='ltr'>άρχῆ</span> <span class='ocrx_word' id='word_1_198' title='bbox 544 1471 673 1550; x_wconf 75' lang='grc' dir='ltr'>πράξειας,</span> <span class='ocrx_word' id='word_1_199' title='bbox 689 1474 776 1544; x_wconf 85' lang='grc' dir='ltr'>Δῆλον</span> <span class='ocrx_word' id='word_1_200' title='bbox 793 1472 821 1532; x_wconf 77' lang='grc' dir='ltr'>δὲ</span> <span class='ocrx_word' id='word_1_201' title='bbox 836 1474 889 1535; x_wconf 80' lang='grc' dir='ltr'>άπὸ</span> <span class='ocrx_word' id='word_1_202' title='bbox 936 1463 985 1554; x_wconf 56' lang='lat' dir='ltr'><strong>stit,</strong></span> <span class='ocrx_word' id='word_1_203' title='bbox 999 1472 1030 1509; x_wconf 82' lang='lat' dir='ltr'><strong>ex</strong></span> <span class='ocrx_word' id='word_1_204' title='bbox 1050 1464 1162 1528; x_wconf 90' lang='lat' dir='ltr'><strong>appetitu</strong></span> <span class='ocrx_word' id='word_1_205' title='bbox 1185 1467 1285 1520; x_wconf 89' lang='lat' dir='ltr'><strong>oritur:</strong></span> <span class='ocrx_word' id='word_1_206' title='bbox 1300 1471 1394 1524; x_wconf 87' lang='lat' dir='ltr'><strong>nullius</strong></span> <span class='ocrx_word' id='word_1_207' title='bbox 1408 1477 1493 1526; x_wconf 90' lang='lat' dir='ltr'><strong>autem</strong></span> <span class='ocrx_word' id='word_1_208' title='bbox 1509 1479 1613 1531; x_wconf 84' lang='lat' dir='ltr'><strong>aetionis</strong></span> <span class='ocrx_word' id='word_1_209' title='bbox 1630 1483 1723 1546; x_wconf 87' lang='lat' dir='ltr'><strong>prinoi-</strong></span> 
     </span>
     <span class='ocr_line' id='line_1_14' title="bbox 98 1549 1722 1641; baseline 0.02 -53"><span class='ocrx_word' id='word_1_210' title='bbox 98 1559 152 1614; x_wconf 64' lang='grc' dir='ltr'>,ῶν</span> <span class='ocrx_word' id='word_1_211' title='bbox 168 1558 285 1637; x_wconf 56' lang='grc' dir='ltr'>ἀλόγων,</span> <span class='ocrx_word' id='word_1_212' title='bbox 301 1558 346 1617; x_wconf 61' lang='grc' dir='ltr'>καγ</span> <span class='ocrx_word' id='word_1_213' title='bbox 368 1558 419 1639; x_wconf 57' lang='grc' dir='ltr'>γὰρ</span> <span class='ocrx_word' id='word_1_214' title='bbox 445 1558 566 1630; x_wconf 45' lang='lat' dir='ltr'><strong>aquom</strong></span> <span class='ocrx_word' id='word_1_215' title='bbox 590 1561 685 1641; x_wconf 60' lang='grc' dir='ltr'>ρχοντα</span> <span class='ocrx_word' id='word_1_216' title='bbox 708 1563 737 1622; x_wconf 68' lang='grc' dir='ltr'>ὠ</span> <span class='ocrx_word' id='word_1_217' title='bbox 763 1561 887 1622; x_wconf 58' lang='grc' dir='ltr'>δύναντα,</span> <span class='ocrx_word' id='word_1_218' title='bbox 934 1555 1004 1640; x_wconf 80' lang='lat' dir='ltr'><strong>prum</strong></span> <span class='ocrx_word' id='word_1_219' title='bbox 1014 1549 1053 1596; x_wconf 87' lang='lat' dir='ltr'>est</span> <span class='ocrx_word' id='word_1_220' title='bbox 1072 1561 1166 1601; x_wconf 88' lang='lat' dir='ltr'><strong>sensus.</strong></span> <span class='ocrx_word' id='word_1_221' title='bbox 1187 1553 1261 1612; x_wconf 87' lang='lat' dir='ltr'><strong>Quod</strong></span> <span class='ocrx_word' id='word_1_222' title='bbox 1280 1556 1357 1607; x_wconf 84' lang='lat' dir='ltr'><strong>exiis</strong></span> <span class='ocrx_word' id='word_1_223' title='bbox 1373 1561 1540 1624; x_wconf 84' lang='lat' dir='ltr'><strong>quaeratione</strong></span> <span class='ocrx_word' id='word_1_224' title='bbox 1554 1568 1722 1620; x_wconf 86' lang='lat' dir='ltr'><strong>carentintel·</strong></span> 
     </span>
     <span class='ocr_line' id='line_1_15' title="bbox 100 1626 1722 1730; baseline 0.019 -57"><span class='ocrx_word' id='word_1_225' title='bbox 100 1645 197 1726; x_wconf 54' lang='grc' dir='ltr'>πρᾶγω</span> <span class='ocrx_word' id='word_1_226' title='bbox 212 1647 294 1728; x_wconf 55' lang='lat' dir='ltr'>lxm,</span> <span class='ocrx_word' id='word_1_227' title='bbox 316 1645 411 1724; x_wconf 50' lang='grc' dir='ltr'>πρᾶξις</span> <span class='ocrx_word' id='word_1_228' title='bbox 433 1646 485 1726; x_wconf 62' lang='grc' dir='ltr'>γάρ</span> <span class='ocrx_word' id='word_1_229' title='bbox 505 1650 575 1708; x_wconf 54' lang='grc' dir='ltr'>ἐστι,</span> <span class='ocrx_word' id='word_1_230' title='bbox 597 1655 614 1721; x_wconf 67' lang='grc' dir='ltr'><strong>ἡ</strong></span> <span class='ocrx_word' id='word_1_231' title='bbox 638 1653 706 1728; x_wconf 56' lang='grc' dir='ltr'>μετὰ</span> <span class='ocrx_word' id='word_1_232' title='bbox 727 1653 888 1730; x_wconf 60' lang='grc' dir='ltr'>βουλεύσεως</span> <span class='ocrx_word' id='word_1_233' title='bbox 934 1626 1037 1692; x_wconf 86' lang='lat' dir='ltr'><strong>lrgrtur:</strong></span> <span class='ocrx_word' id='word_1_234' title='bbox 1059 1645 1116 1683; x_wconf 90' lang='lat' dir='ltr'><strong>nam</strong></span> <span class='ocrx_word' id='word_1_235' title='bbox 1138 1649 1216 1700; x_wconf 93' lang='lat' dir='ltr'><strong>quum</strong></span> <span class='ocrx_word' id='word_1_236' title='bbox 1230 1651 1332 1690; x_wconf 88' lang='lat' dir='ltr'><strong>sensum</strong></span> <span class='ocrx_word' id='word_1_237' title='bbox 1352 1642 1476 1707; x_wconf 78' lang='lat' dir='ltr'><strong>habeant,</strong></span> <span class='ocrx_word' id='word_1_238' title='bbox 1491 1653 1619 1712; x_wconf 90' lang='lat' dir='ltr'><strong>nequeunt</strong></span> <span class='ocrx_word' id='word_1_239' title='bbox 1636 1654 1722 1704; x_wconf 87' lang='lat' dir='ltr'><strong>tamen</strong></span> 
     </span>
    </p>
   </div>
   <div class='ocr_carea' id='block_1_3' title="bbox 100 1713 1721 1822">
    <p class='ocr_par' dir='ltr' id='par_1_4' title="bbox 100 1713 1721 1822">
     <span class='ocr_line' id='line_1_16' title="bbox 100 1713 1721 1822; baseline -0.001 -34"><span class='ocrx_word' id='word_1_240' title='bbox 100 1733 228 1812; x_wconf 86' lang='grc' dir='ltr'>ένέργεια·</span> <span class='ocrx_word' id='word_1_241' title='bbox 243 1734 311 1797; x_wconf 80' lang='grc' dir='ltr'>ὥστε</span> <span class='ocrx_word' id='word_1_242' title='bbox 335 1740 353 1809; x_wconf 79' lang='grc' dir='ltr'><strong>ἡ</strong></span> <span class='ocrx_word' id='word_1_243' title='bbox 375 1735 423 1814; x_wconf 81' lang='grc' dir='ltr'>μίν</span> <span class='ocrx_word' id='word_1_244' title='bbox 440 1735 561 1809; x_wconf 79' lang='grc' dir='ltr'>αἴσθησις</span> <span class='ocrx_word' id='word_1_245' title='bbox 577 1739 700 1816; x_wconf 69' lang='grc' dir='ltr'>οὐδεμιᾶς</span> <span class='ocrx_word' id='word_1_246' title='bbox 724 1741 796 1800; x_wconf 78' lang='grc' dir='ltr'>αἰτία</span> <span class='ocrx_word' id='word_1_247' title='bbox 812 1741 886 1822; x_wconf 86' lang='grc' dir='ltr'>πρά·</span> <span class='ocrx_word' id='word_1_248' title='bbox 934 1713 1025 1766; x_wconf 58' lang='lat' dir='ltr'>habere</span> <span class='ocrx_word' id='word_1_249' title='bbox 1036 1717 1159 1770; x_wconf 64' lang='lat' dir='ltr'><strong>⁸⁰²i⁰¹¹⁶m</strong></span> <span class='ocrx_word' id='word_1_250' title='bbox 1173 1737 1179 1770; x_wconf 82' lang='lat'>²</span> <span class='ocrx_word' id='word_1_251' title='bbox 1191 1735 1280 1787; x_wconf 61' lang='lat' dir='ltr'>nempe</span> <span class='ocrx_word' id='word_1_252' title='bbox 1303 1725 1369 1775; x_wconf 55' lang='lat'>³⁰5⁰</span> <span class='ocrx_word' id='word_1_253' title='bbox 1389 1727 1504 1790; x_wconf 82' lang='lat' dir='ltr'><strong>quadam</strong></span> <span class='ocrx_word' id='word_1_254' title='bbox 1526 1745 1585 1782; x_wconf 72' lang='lat' dir='ltr'>cum</span> <span class='ocrx_word' id='word_1_255' title='bbox 1596 1733 1721 1787; x_wconf 81' lang='lat' dir='ltr'><strong>delibera-</strong></span> 
     </span>
    </p>
   </div>
   <div class='ocr_carea' id='block_1_4' title="bbox 84 1819 885 4496">
    <p class='ocr_par' dir='ltr' id='par_1_5' title="bbox 95 1819 885 2064">
     <span class='ocr_line' id='line_1_17' title="bbox 97 1819 885 1909; baseline 0.014 -29"><span class='ocrx_word' id='word_1_256' title='bbox 97 1819 174 1896; x_wconf 86' lang='grc' dir='ltr'>ξεως,</span> <span class='ocrx_word' id='word_1_257' title='bbox 198 1829 212 1885; x_wconf 83' lang='grc' dir='ltr'>δ</span> <span class='ocrx_word' id='word_1_258' title='bbox 234 1823 262 1885; x_wconf 74' lang='grc' dir='ltr'>δέ</span> <span class='ocrx_word' id='word_1_259' title='bbox 277 1831 334 1894; x_wconf 88' lang='grc' dir='ltr'>νοῦς</span> <span class='ocrx_word' id='word_1_260' title='bbox 358 1827 404 1886; x_wconf 86' lang='grc' dir='ltr'>καί</span> <span class='ocrx_word' id='word_1_261' title='bbox 428 1829 446 1898; x_wconf 74' lang='grc' dir='ltr'>ἦ</span> <span class='ocrx_word' id='word_1_262' title='bbox 471 1826 552 1909; x_wconf 80' lang='grc' dir='ltr'>ὄρεξις</span> <span class='ocrx_word' id='word_1_263' title='bbox 575 1832 669 1890; x_wconf 86' lang='grc' dir='ltr'>πασῶν</span> <span class='ocrx_word' id='word_1_264' title='bbox 683 1829 803 1909; x_wconf 87' lang='grc' dir='ltr'>πράξεών</span> <span class='ocrx_word' id='word_1_265' title='bbox 821 1833 885 1892; x_wconf 80' lang='grc' dir='ltr'>εἰσιν</span> 
     </span>
     <span class='ocr_line' id='line_1_18' title="bbox 97 1911 883 1998; baseline 0.017 -31"><span class='ocrx_word' id='word_1_266' title='bbox 97 1911 179 1991; x_wconf 74' lang='grc' dir='ltr'>ἀρχή·</span> <span class='ocrx_word' id='word_1_267' title='bbox 194 1912 269 1991; x_wconf 79' lang='grc' dir='ltr'>θμίν</span> <span class='ocrx_word' id='word_1_268' title='bbox 284 1915 318 1975; x_wconf 86' lang='grc' dir='ltr'>τδι</span> <span class='ocrx_word' id='word_1_269' title='bbox 339 1914 430 1976; x_wconf 86' lang='grc' dir='ltr'>δέοντα</span> <span class='ocrx_word' id='word_1_270' title='bbox 445 1913 597 1990; x_wconf 87' lang='grc' dir='ltr'>διδάσκων,</span> <span class='ocrx_word' id='word_1_271' title='bbox 611 1921 629 1989; x_wconf 80' lang='grc' dir='ltr'>ἡ</span> <span class='ocrx_word' id='word_1_272' title='bbox 652 1916 679 1978; x_wconf 80' lang='grc' dir='ltr'>δέ</span> <span class='ocrx_word' id='word_1_273' title='bbox 695 1917 738 1976; x_wconf 78' lang='grc' dir='ltr'>ἔπι</span> <span class='ocrx_word' id='word_1_274' title='bbox 752 1917 782 1978; x_wconf 89' lang='grc' dir='ltr'>τδ</span> <span class='ocrx_word' id='word_1_275' title='bbox 796 1919 883 1998; x_wconf 88' lang='grc' dir='ltr'>πράτ·</span> 
     </span>
     <span class='ocr_line' id='line_1_19' title="bbox 95 2020 284 2064; baseline 0.053 -10"><span class='ocrx_word' id='word_1_276' title='bbox 95 2020 149 2056; x_wconf 90' lang='grc' dir='ltr'>τειν</span> <span class='ocrx_word' id='word_1_277' title='bbox 164 2023 284 2064; x_wconf 89' lang='grc' dir='ltr'>κινουσα.</span> 
     </span>
    </p>

    <p class='ocr_par' dir='ltr' id='par_1_6' title="bbox 84 2085 883 4225">
     <span class='ocr_line' id='line_1_20' title="bbox 138 2085 883 2177; baseline 0.012 -30"><span class='ocrx_word' id='word_1_278' title='bbox 138 2085 163 2110; x_wconf 77' lang='lat'>**</span> <span class='ocrx_word' id='word_1_279' title='bbox 176 2085 227 2148; x_wconf 84' lang='grc' dir='ltr'>Ὃν</span> <span class='ocrx_word' id='word_1_280' title='bbox 243 2088 270 2148; x_wconf 73' lang='grc' dir='ltr'>δέ</span> <span class='ocrx_word' id='word_1_281' title='bbox 286 2090 342 2171; x_wconf 86' lang='grc' dir='ltr'>ἔχει</span> <span class='ocrx_word' id='word_1_282' title='bbox 355 2090 433 2171; x_wconf 84' lang='grc' dir='ltr'>λόγον</span> <span class='ocrx_word' id='word_1_283' title='bbox 448 2095 476 2152; x_wconf 86' lang='grc' dir='ltr'>ἔν</span> <span class='ocrx_word' id='word_1_284' title='bbox 489 2095 524 2172; x_wconf 81' lang='grc' dir='ltr'>τῇ</span> <span class='ocrx_word' id='word_1_285' title='bbox 539 2091 641 2174; x_wconf 75' lang='grc' dir='ltr'>διανοίᾳ</span> <span class='ocrx_word' id='word_1_286' title='bbox 664 2093 812 2177; x_wconf 75' lang='grc' dir='ltr'>κατάφασις</span> <span class='ocrx_word' id='word_1_287' title='bbox 837 2095 883 2156; x_wconf 79' lang='grc' dir='ltr'>καί</span> 
     </span>
     <span class='ocr_line' id='line_1_21' title="bbox 94 2175 878 2267; baseline 0.018 -35"><span class='ocrx_word' id='word_1_288' title='bbox 94 2175 245 2254; x_wconf 78' lang='grc' dir='ltr'>ἀπόφασις,</span> <span class='ocrx_word' id='word_1_289' title='bbox 258 2184 349 2241; x_wconf 89' lang='grc' dir='ltr'>τοῦτον</span> <span class='ocrx_word' id='word_1_290' title='bbox 366 2181 421 2261; x_wconf 79' lang='grc' dir='ltr'>ἔχει</span> <span class='ocrx_word' id='word_1_291' title='bbox 439 2181 466 2240; x_wconf 85' lang='grc' dir='ltr'>ἔν</span> <span class='ocrx_word' id='word_1_292' title='bbox 482 2185 515 2262; x_wconf 83' lang='grc' dir='ltr'>τῇ</span> <span class='ocrx_word' id='word_1_293' title='bbox 538 2181 620 2263; x_wconf 83' lang='grc' dir='ltr'>ὀρέξει</span> <span class='ocrx_word' id='word_1_294' title='bbox 636 2182 722 2252; x_wconf 86' lang='grc' dir='ltr'>δίωξις</span> <span class='ocrx_word' id='word_1_295' title='bbox 737 2185 783 2244; x_wconf 81' lang='grc' dir='ltr'>καί</span> <span class='ocrx_word' id='word_1_296' title='bbox 798 2187 878 2267; x_wconf 77' lang='grc' dir='ltr'>φυγή·</span> 
     </span>
     <span class='ocr_line' id='line_1_22' title="bbox 92 2263 882 2353; baseline 0.013 -29"><span class='ocrx_word' id='word_1_297' title='bbox 92 2263 165 2326; x_wconf 76' lang='grc' dir='ltr'>ὥστε</span> <span class='ocrx_word' id='word_1_298' title='bbox 179 2268 235 2328; x_wconf 75' lang='grc' dir='ltr'>ἔπαλ</span> <span class='ocrx_word' id='word_1_299' title='bbox 250 2272 267 2341; x_wconf 78' lang='grc' dir='ltr'>ἡ</span> <span class='ocrx_word' id='word_1_300' title='bbox 283 2269 363 2342; x_wconf 75' lang='grc' dir='ltr'>ῆθικύΙ</span> <span class='ocrx_word' id='word_1_301' title='bbox 380 2267 460 2349; x_wconf 75' lang='grc' dir='ltr'>α’ρετῆ</span> <span class='ocrx_word' id='word_1_302' title='bbox 479 2267 530 2338; x_wconf 72' lang='grc' dir='ltr'>ἕξις</span> <span class='ocrx_word' id='word_1_303' title='bbox 541 2271 598 2330; x_wconf 68' lang='lat' dir='ltr'><strong>luri</strong></span> <span class='ocrx_word' id='word_1_304' title='bbox 613 2273 805 2353; x_wconf 78' lang='grc' dir='ltr'>προαιρετική,</span> <span class='ocrx_word' id='word_1_305' title='bbox 821 2279 838 2352; x_wconf 75' lang='grc' dir='ltr'>ἡ</span> <span class='ocrx_word' id='word_1_306' title='bbox 854 2273 882 2334; x_wconf 80' lang='grc' dir='ltr'>δέ</span> 
     </span>
     <span class='ocr_line' id='line_1_23' title="bbox 94 2357 882 2442; baseline 0.01 -28"><span class='ocrx_word' id='word_1_307' title='bbox 94 2358 247 2439; x_wconf 86' lang='grc' dir='ltr'>προαίρεσις</span> <span class='ocrx_word' id='word_1_308' title='bbox 256 2358 338 2440; x_wconf 76' lang='grc' dir='ltr'>ὄρεξις</span> <span class='ocrx_word' id='word_1_309' title='bbox 350 2357 519 2439; x_wconf 80' lang='grc' dir='ltr'>βουλευτική,</span> <span class='ocrx_word' id='word_1_310' title='bbox 535 2358 706 2442; x_wconf 88' lang='grc' dir='ltr'>(προαίρεσις</span> <span class='ocrx_word' id='word_1_311' title='bbox 715 2361 767 2441; x_wconf 86' lang='grc' dir='ltr'>γάρ</span> <span class='ocrx_word' id='word_1_312' title='bbox 783 2361 882 2422; x_wconf 78' lang='grc' dir='ltr'>ἔστιτὸ</span> 
     </span>
     <span class='ocr_line' id='line_1_24' title="bbox 93 2448 880 2530; baseline 0.008 -26"><span class='ocrx_word' id='word_1_313' title='bbox 93 2449 203 2520; x_wconf 87' lang='grc' dir='ltr'>θελῆσαι</span> <span class='ocrx_word' id='word_1_314' title='bbox 217 2448 264 2509; x_wconf 85' lang='grc' dir='ltr'>καί</span> <span class='ocrx_word' id='word_1_315' title='bbox 286 2450 391 2509; x_wconf 83' lang='grc' dir='ltr'>ἑλέσθαι</span> <span class='ocrx_word' id='word_1_316' title='bbox 411 2451 442 2510; x_wconf 87' lang='grc' dir='ltr'>τὸ</span> <span class='ocrx_word' id='word_1_317' title='bbox 461 2449 636 2529; x_wconf 87' lang='grc' dir='ltr'>βουλευθέν,)</span> <span class='ocrx_word' id='word_1_318' title='bbox 665 2458 739 2510; x_wconf 81' lang='grc' dir='ltr'>πᾶσα</span> <span class='ocrx_word' id='word_1_319' title='bbox 762 2450 880 2530; x_wconf 80' lang='grc' dir='ltr'>ἀνάγκη,</span> 
     </span>
     <span class='ocr_line' id='line_1_25' title="bbox 92 2536 874 2620; baseline 0.008 -26"><span class='ocrx_word' id='word_1_320' title='bbox 92 2536 196 2618; x_wconf 75' lang='grc' dir='ltr'>εἴπερὴ</span> <span class='ocrx_word' id='word_1_321' title='bbox 210 2539 361 2620; x_wconf 85' lang='grc' dir='ltr'>προαίρεσις</span> <span class='ocrx_word' id='word_1_322' title='bbox 376 2538 462 2617; x_wconf 82' lang='grc' dir='ltr'>ιἰγαθῆ</span> <span class='ocrx_word' id='word_1_323' title='bbox 478 2542 536 2598; x_wconf 77' lang='grc' dir='ltr'>ἔστι</span> <span class='ocrx_word' id='word_1_324' title='bbox 553 2539 599 2598; x_wconf 86' lang='grc' dir='ltr'>καί</span> <span class='ocrx_word' id='word_1_325' title='bbox 615 2539 764 2614; x_wconf 88' lang='grc' dir='ltr'>σπουδαία,</span> <span class='ocrx_word' id='word_1_326' title='bbox 784 2541 874 2600; x_wconf 78' lang='grc' dir='ltr'>ἐκεῖνοι</span> 
     </span>
     <span class='ocr_line' id='line_1_26' title="bbox 93 2619 881 2708; baseline 0.013 -29"><span class='ocrx_word' id='word_1_327' title='bbox 93 2625 239 2704; x_wconf 78' lang='grc' dir='ltr'>αἱρεῖσθαί,</span> <span class='ocrx_word' id='word_1_328' title='bbox 255 2628 304 2687; x_wconf 76' lang='grc' dir='ltr'>ὅσα</span> <span class='ocrx_word' id='word_1_329' title='bbox 321 2629 476 2705; x_wconf 87' lang='grc' dir='ltr'>σπουδαῖα,</span> <span class='ocrx_word' id='word_1_330' title='bbox 496 2627 541 2687; x_wconf 84' lang='grc' dir='ltr'>καί</span> <span class='ocrx_word' id='word_1_331' title='bbox 556 2628 604 2699; x_wconf 76' lang='grc' dir='ltr'>τὴν</span> <span class='ocrx_word' id='word_1_332' title='bbox 618 2627 700 2708; x_wconf 82' lang='grc' dir='ltr'>ὄρεξιν</span> <span class='ocrx_word' id='word_1_333' title='bbox 720 2627 798 2708; x_wconf 82' lang='grc' dir='ltr'>ὀρθὴν</span> <span class='ocrx_word' id='word_1_334' title='bbox 813 2619 881 2689; x_wconf 76' lang='grc' dir='ltr'>εἶναι</span> 
     </span>
     <span class='ocr_line' id='line_1_27' title="bbox 91 2713 880 2798; baseline 0.009 -27"><span class='ocrx_word' id='word_1_335' title='bbox 91 2713 124 2772; x_wconf 85' lang='grc' dir='ltr'>τδ</span> <span class='ocrx_word' id='word_1_336' title='bbox 136 2714 231 2792; x_wconf 84' lang='grc' dir='ltr'>άγοιθδν</span> <span class='ocrx_word' id='word_1_337' title='bbox 246 2718 418 2796; x_wconf 78' lang='grc' dir='ltr'>βουλομένην.</span> <span class='ocrx_word' id='word_1_338' title='bbox 434 2719 475 2778; x_wconf 78' lang='lat' dir='ltr'><strong>ot</strong></span> <span class='ocrx_word' id='word_1_339' title='bbox 489 2717 596 2777; x_wconf 90' lang='grc' dir='ltr'>δύναται</span> <span class='ocrx_word' id='word_1_340' title='bbox 611 2715 638 2775; x_wconf 78' lang='grc' dir='ltr'>δέ</span> <span class='ocrx_word' id='word_1_341' title='bbox 652 2722 669 2790; x_wconf 82' lang='grc' dir='ltr'>ἡ</span> <span class='ocrx_word' id='word_1_342' title='bbox 683 2717 835 2798; x_wconf 88' lang='grc' dir='ltr'>προαίρεσις</span> <span class='ocrx_word' id='word_1_343' title='bbox 850 2719 880 2778; x_wconf 88' lang='grc' dir='ltr'>τδ</span> 
     </span>
     <span class='ocr_line' id='line_1_28' title="bbox 92 2803 877 2887; baseline 0.01 -27"><span class='ocrx_word' id='word_1_344' title='bbox 92 2803 189 2878; x_wconf 80' lang='grc' dir='ltr'>ἀγαθὸν</span> <span class='ocrx_word' id='word_1_345' title='bbox 213 2804 324 2878; x_wconf 73' lang='grc' dir='ltr'>ἐθέλειν,</span> <span class='ocrx_word' id='word_1_346' title='bbox 354 2805 392 2883; x_wconf 77' lang='grc' dir='ltr'>μὴ</span> <span class='ocrx_word' id='word_1_347' title='bbox 419 2811 467 2878; x_wconf 87' lang='grc' dir='ltr'>τῆς</span> <span class='ocrx_word' id='word_1_348' title='bbox 499 2805 659 2887; x_wconf 79' lang='grc' dir='ltr'>βουλεύσεως</span> <span class='ocrx_word' id='word_1_349' title='bbox 692 2808 877 2882; x_wconf 81' lang='grc' dir='ltr'>διδασκούσης·</span> 
     </span>
     <span class='ocr_line' id='line_1_29' title="bbox 91 2885 877 2974; baseline 0.008 -26"><span class='ocrx_word' id='word_1_350' title='bbox 91 2888 161 2950; x_wconf 80' lang='grc' dir='ltr'>ὥστε</span> <span class='ocrx_word' id='word_1_351' title='bbox 179 2892 298 2972; x_wconf 75' lang='grc' dir='ltr'>ἀνάγκην</span> <span class='ocrx_word' id='word_1_352' title='bbox 313 2885 380 2954; x_wconf 80' lang='grc' dir='ltr'>εἶναι</span> <span class='ocrx_word' id='word_1_353' title='bbox 395 2894 442 2966; x_wconf 83' lang='grc' dir='ltr'>τὴν</span> <span class='ocrx_word' id='word_1_354' title='bbox 458 2892 506 2972; x_wconf 79' lang='grc' dir='ltr'>μὲν</span> <span class='ocrx_word' id='word_1_355' title='bbox 523 2893 660 2973; x_wconf 82' lang='grc' dir='ltr'>βούλευσιν</span> <span class='ocrx_word' id='word_1_356' title='bbox 677 2897 763 2968; x_wconf 79' lang='grc' dir='ltr'>ἀληθῆ</span> <span class='ocrx_word' id='word_1_357' title='bbox 780 2896 877 2974; x_wconf 90' lang='grc' dir='ltr'>λέγειν,</span> 
     </span>
     <span class='ocr_line' id='line_1_30' title="bbox 89 2978 878 3064; baseline 0.013 -28"><span class='ocrx_word' id='word_1_358' title='bbox 89 2978 142 3048; x_wconf 74' lang='grc' dir='ltr'>τὴν</span> <span class='ocrx_word' id='word_1_359' title='bbox 153 2979 183 3038; x_wconf 77' lang='grc' dir='ltr'>δὲ</span> <span class='ocrx_word' id='word_1_360' title='bbox 197 2982 350 3064; x_wconf 83' lang='grc' dir='ltr'>προαίρεσιν</span> <span class='ocrx_word' id='word_1_361' title='bbox 372 2981 489 3044; x_wconf 81' lang='grc' dir='ltr'>ἑλέσθαι·</span> <span class='ocrx_word' id='word_1_362' title='bbox 506 2983 553 3042; x_wconf 83' lang='grc' dir='ltr'>καί</span> <span class='ocrx_word' id='word_1_363' title='bbox 576 2983 623 3055; x_wconf 76' lang='grc' dir='ltr'>τὴν</span> <span class='ocrx_word' id='word_1_364' title='bbox 639 2981 722 3064; x_wconf 77' lang='grc' dir='ltr'>ὄρεξιν</span> <span class='ocrx_word' id='word_1_365' title='bbox 736 2985 766 3043; x_wconf 83' lang='grc' dir='ltr'>τὸ</span> <span class='ocrx_word' id='word_1_366' title='bbox 781 2987 878 3062; x_wconf 82' lang='grc' dir='ltr'>ἀγαθὸν</span> 
     </span>
     <span class='ocr_line' id='line_1_31' title="bbox 91 3066 877 3151; baseline 0.008 -27"><span class='ocrx_word' id='word_1_367' title='bbox 91 3066 208 3142; x_wconf 84' lang='grc' dir='ltr'>διώκειν,</span> <span class='ocrx_word' id='word_1_368' title='bbox 220 3069 266 3129; x_wconf 85' lang='grc' dir='ltr'>καί</span> <span class='ocrx_word' id='word_1_369' title='bbox 290 3071 321 3131; x_wconf 87' lang='grc' dir='ltr'>τδ</span> <span class='ocrx_word' id='word_1_370' title='bbox 337 3071 400 3131; x_wconf 86' lang='grc' dir='ltr'>αύτθ</span> <span class='ocrx_word' id='word_1_371' title='bbox 414 3069 461 3144; x_wconf 83' lang='grc' dir='ltr'>τῆν</span> <span class='ocrx_word' id='word_1_372' title='bbox 486 3071 532 3150; x_wconf 79' lang='grc' dir='ltr'>μὲν</span> <span class='ocrx_word' id='word_1_373' title='bbox 553 3071 690 3151; x_wconf 85' lang='grc' dir='ltr'>βούλευσιν</span> <span class='ocrx_word' id='word_1_374' title='bbox 706 3070 812 3150; x_wconf 88' lang='grc' dir='ltr'>λέγειν,</span> <span class='ocrx_word' id='word_1_375' title='bbox 830 3072 877 3146; x_wconf 78' lang='grc' dir='ltr'>τὴν</span> 
     </span>
     <span class='ocr_line' id='line_1_32' title="bbox 90 3151 878 3241; baseline 0.009 -28"><span class='ocrx_word' id='word_1_376' title='bbox 90 3153 174 3232; x_wconf 84' lang='grc' dir='ltr'>ὄρεξιν</span> <span class='ocrx_word' id='word_1_377' title='bbox 188 3155 215 3216; x_wconf 81' lang='grc' dir='ltr'>δὲ</span> <span class='ocrx_word' id='word_1_378' title='bbox 232 3157 345 3220; x_wconf 87' lang='grc' dir='ltr'>διώκειν.</span> <span class='ocrx_word' id='word_1_379' title='bbox 360 3157 436 3233; x_wconf 84' lang='grc' dir='ltr'>Αύτη</span> <span class='ocrx_word' id='word_1_380' title='bbox 449 3156 496 3236; x_wconf 75' lang='grc' dir='ltr'>μέν</span> <span class='ocrx_word' id='word_1_381' title='bbox 512 3151 589 3231; x_wconf 76' lang='grc' dir='ltr'>οὖνὴ</span> <span class='ocrx_word' id='word_1_382' title='bbox 611 3157 735 3238; x_wconf 78' lang='grc' dir='ltr'>διάνοια,</span> <span class='ocrx_word' id='word_1_383' title='bbox 752 3159 782 3218; x_wconf 86' lang='grc' dir='ltr'>τδ</span> <span class='ocrx_word' id='word_1_384' title='bbox 801 3161 878 3241; x_wconf 89' lang='grc' dir='ltr'>λογι-</span> 
     </span>
     <span class='ocr_line' id='line_1_33' title="bbox 90 3246 876 3330; baseline 0.009 -28"><span class='ocrx_word' id='word_1_385' title='bbox 90 3246 180 3306; x_wconf 84' lang='grc' dir='ltr'>στικθν</span> <span class='ocrx_word' id='word_1_386' title='bbox 196 3247 316 3318; x_wconf 86' lang='grc' dir='ltr'>δηλονότι</span> <span class='ocrx_word' id='word_1_387' title='bbox 331 3249 377 3308; x_wconf 81' lang='grc' dir='ltr'>καί</span> <span class='ocrx_word' id='word_1_388' title='bbox 404 3249 588 3330; x_wconf 87' lang='grc' dir='ltr'>βουλευτικόν,</span> <span class='ocrx_word' id='word_1_389' title='bbox 612 3249 659 3310; x_wconf 83' lang='grc' dir='ltr'>καί</span> <span class='ocrx_word' id='word_1_390' title='bbox 680 3254 697 3323; x_wconf 87' lang='grc' dir='ltr'>ἡ</span> <span class='ocrx_word' id='word_1_391' title='bbox 715 3248 773 3311; x_wconf 83' lang='grc' dir='ltr'>κατ’</span> <span class='ocrx_word' id='word_1_392' title='bbox 795 3251 876 3326; x_wconf 80' lang='grc' dir='ltr'>αύτῆν</span> 
     </span>
     <span class='ocr_line' id='line_1_34' title="bbox 89 3334 875 3420; baseline 0.013 -28"><span class='ocrx_word' id='word_1_393' title='bbox 89 3334 219 3410; x_wconf 83' lang='grc' dir='ltr'>άλῆθεια,</span> <span class='ocrx_word' id='word_1_394' title='bbox 241 3336 377 3416; x_wconf 83' lang='grc' dir='ltr'>πρακτικὴ</span> <span class='ocrx_word' id='word_1_395' title='bbox 402 3339 536 3398; x_wconf 88' lang='grc' dir='ltr'>καλεῖται·</span> <span class='ocrx_word' id='word_1_396' title='bbox 565 3337 631 3399; x_wconf 88' lang='grc' dir='ltr'>διότι</span> <span class='ocrx_word' id='word_1_397' title='bbox 651 3339 726 3407; x_wconf 87' lang='grc' dir='ltr'>τέλος</span> <span class='ocrx_word' id='word_1_398' title='bbox 750 3340 805 3420; x_wconf 84' lang='grc' dir='ltr'>ἔχει</span> <span class='ocrx_word' id='word_1_399' title='bbox 828 3339 875 3414; x_wconf 77' lang='grc' dir='ltr'>τῆν</span> 
     </span>
     <span class='ocr_line' id='line_1_35' title="bbox 88 3427 876 3515; baseline 0.01 -29"><span class='ocrx_word' id='word_1_400' title='bbox 88 3427 182 3508; x_wconf 77' lang='grc' dir='ltr'>πρᾶξιν</span> <span class='ocrx_word' id='word_1_401' title='bbox 202 3433 247 3489; x_wconf 88' lang='grc' dir='ltr'>τοῦ</span> <span class='ocrx_word' id='word_1_402' title='bbox 268 3432 377 3508; x_wconf 82' lang='grc' dir='ltr'>ἀγαθοῦ·</span> <span class='ocrx_word' id='word_1_403' title='bbox 407 3431 453 3491; x_wconf 82' lang='grc' dir='ltr'>καί</span> <span class='ocrx_word' id='word_1_404' title='bbox 469 3433 543 3494; x_wconf 86' lang='grc' dir='ltr'>ἔστιν</span> <span class='ocrx_word' id='word_1_405' title='bbox 567 3437 647 3504; x_wconf 85' lang='grc' dir='ltr'>αὐτῆς</span> <span class='ocrx_word' id='word_1_406' title='bbox 669 3431 743 3513; x_wconf 87' lang='grc' dir='ltr'>ἔργον</span> <span class='ocrx_word' id='word_1_407' title='bbox 757 3437 782 3505; x_wconf 78' lang='grc' dir='ltr'>,ἡ</span> <span class='ocrx_word' id='word_1_408' title='bbox 808 3438 876 3515; x_wconf 80' lang='grc' dir='ltr'>ᾑρη-</span> 
     </span>
     <span class='ocr_line' id='line_1_36' title="bbox 90 3517 876 3602; baseline 0.008 -24"><span class='ocrx_word' id='word_1_409' title='bbox 90 3518 158 3596; x_wconf 85' lang='grc' dir='ltr'>μένη</span> <span class='ocrx_word' id='word_1_410' title='bbox 176 3517 306 3596; x_wconf 80' lang='grc' dir='ltr'>ἀλήθεια,</span> <span class='ocrx_word' id='word_1_411' title='bbox 321 3519 379 3592; x_wconf 81' lang='grc' dir='ltr'>ἥτις</span> <span class='ocrx_word' id='word_1_412' title='bbox 399 3523 455 3582; x_wconf 83' lang='grc' dir='ltr'>ἔστί</span> <span class='ocrx_word' id='word_1_413' title='bbox 473 3523 533 3602; x_wconf 86' lang='grc' dir='ltr'>περί</span> <span class='ocrx_word' id='word_1_414' title='bbox 549 3546 578 3582; x_wconf 91' lang='grc' dir='ltr'>τε</span> <span class='ocrx_word' id='word_1_415' title='bbox 602 3521 632 3581; x_wconf 88' lang='grc' dir='ltr'>τδ</span> <span class='ocrx_word' id='word_1_416' title='bbox 648 3524 747 3600; x_wconf 87' lang='grc' dir='ltr'>άγαθδν</span> <span class='ocrx_word' id='word_1_417' title='bbox 766 3525 812 3585; x_wconf 88' lang='grc' dir='ltr'>καί</span> <span class='ocrx_word' id='word_1_418' title='bbox 828 3549 876 3584; x_wconf 91' lang='grc' dir='ltr'>κα-</span> 
     </span>
     <span class='ocr_line' id='line_1_37' title="bbox 87 3607 874 3693; baseline 0.009 -26"><span class='ocrx_word' id='word_1_419' title='bbox 87 3608 146 3667; x_wconf 83' lang='grc' dir='ltr'>κόν·</span> <span class='ocrx_word' id='word_1_420' title='bbox 163 3613 210 3682; x_wconf 88' lang='grc' dir='ltr'>τῆς</span> <span class='ocrx_word' id='word_1_421' title='bbox 226 3607 253 3668; x_wconf 79' lang='grc' dir='ltr'>δέ</span> <span class='ocrx_word' id='word_1_422' title='bbox 271 3613 433 3690; x_wconf 83' lang='grc' dir='ltr'>θεωρητικῆς</span> <span class='ocrx_word' id='word_1_423' title='bbox 456 3611 569 3680; x_wconf 86' lang='grc' dir='ltr'>διανοίας</span> <span class='ocrx_word' id='word_1_424' title='bbox 592 3612 637 3672; x_wconf 85' lang='grc' dir='ltr'>καὶ</span> <span class='ocrx_word' id='word_1_425' title='bbox 664 3610 702 3688; x_wconf 82' lang='grc' dir='ltr'>μὴ</span> <span class='ocrx_word' id='word_1_426' title='bbox 725 3620 874 3693; x_wconf 84' lang='grc' dir='ltr'>πρακτικῆς</span> 
     </span>
     <span class='ocr_line' id='line_1_38' title="bbox 86 3697 874 3786; baseline 0.009 -30"><span class='ocrx_word' id='word_1_427' title='bbox 86 3697 162 3775; x_wconf 86' lang='grc' dir='ltr'>ἔργον</span> <span class='ocrx_word' id='word_1_428' title='bbox 177 3698 247 3758; x_wconf 82' lang='grc' dir='ltr'>έστλν</span> <span class='ocrx_word' id='word_1_429' title='bbox 260 3701 271 3737; x_wconf 64' lang='grc' dir='ltr'>θ</span> <span class='ocrx_word' id='word_1_430' title='bbox 284 3702 301 3770; x_wconf 83' lang='grc' dir='ltr'>ἡ</span> <span class='ocrx_word' id='word_1_431' title='bbox 317 3699 426 3770; x_wconf 77' lang='grc' dir='ltr'>ἀλήθεια</span> <span class='ocrx_word' id='word_1_432' title='bbox 442 3700 487 3760; x_wconf 78' lang='grc' dir='ltr'>καὶ</span> <span class='ocrx_word' id='word_1_433' title='bbox 497 3699 528 3760; x_wconf 85' lang='grc' dir='ltr'>εδ</span> <span class='ocrx_word' id='word_1_434' title='bbox 544 3703 645 3782; x_wconf 82' lang='grc' dir='ltr'>ψεῦδος.</span> <span class='ocrx_word' id='word_1_435' title='bbox 663 3702 717 3761; x_wconf 84' lang='grc' dir='ltr'>Καί</span> <span class='ocrx_word' id='word_1_436' title='bbox 732 3701 806 3771; x_wconf 84' lang='grc' dir='ltr'>τέλος</span> <span class='ocrx_word' id='word_1_437' title='bbox 817 3703 874 3786; x_wconf 84' lang='grc' dir='ltr'>ἔχει</span> 
     </span>
     <span class='ocr_line' id='line_1_39' title="bbox 86 3787 874 3871; baseline 0.01 -27"><span class='ocrx_word' id='word_1_438' title='bbox 86 3787 135 3859; x_wconf 82' lang='grc' dir='ltr'>τῆν</span> <span class='ocrx_word' id='word_1_439' title='bbox 148 3790 244 3864; x_wconf 80' lang='grc' dir='ltr'>γνῶσιν</span> <span class='ocrx_word' id='word_1_440' title='bbox 264 3790 310 3846; x_wconf 87' lang='grc' dir='ltr'>τοῦ</span> <span class='ocrx_word' id='word_1_441' title='bbox 329 3788 450 3860; x_wconf 68' lang='grc' dir='ltr'>ἀληθοῦς·</span> <span class='ocrx_word' id='word_1_442' title='bbox 469 3794 546 3849; x_wconf 87' lang='grc' dir='ltr'>τοῦτο</span> <span class='ocrx_word' id='word_1_443' title='bbox 560 3790 611 3869; x_wconf 88' lang='grc' dir='ltr'>γάρ</span> <span class='ocrx_word' id='word_1_444' title='bbox 627 3792 697 3849; x_wconf 90' lang='grc' dir='ltr'>ἔστιν</span> <span class='ocrx_word' id='word_1_445' title='bbox 716 3789 791 3871; x_wconf 84' lang='grc' dir='ltr'>ἔργον</span> <span class='ocrx_word' id='word_1_446' title='bbox 807 3817 874 3852; x_wconf 81' lang='grc' dir='ltr'>παν·</span> 
     </span>
     <span class='ocr_line' id='line_1_40' title="bbox 85 3875 872 3970; baseline 0.011 -38"><span class='ocrx_word' id='word_1_447' title='bbox 85 3875 128 3940; x_wconf 90' lang='grc' dir='ltr'>τδς</span> <span class='ocrx_word' id='word_1_448' title='bbox 141 3878 318 3949; x_wconf 85' lang='grc' dir='ltr'>διανοητικοῦ,</span> <span class='ocrx_word' id='word_1_449' title='bbox 330 3878 441 3938; x_wconf 90' lang='grc' dir='ltr'>καθόσον</span> <span class='ocrx_word' id='word_1_450' title='bbox 457 3877 698 3970; x_wconf 48' lang='grc' dir='ltr'>έπβδιανοητικίς.</span> <span class='ocrx_word' id='word_1_451' title='bbox 713 3876 765 3946; x_wconf 81' lang='grc' dir='ltr'>Ὃς</span> <span class='ocrx_word' id='word_1_452' title='bbox 777 3880 804 3940; x_wconf 84' lang='grc' dir='ltr'>δέ</span> <span class='ocrx_word' id='word_1_453' title='bbox 815 3882 872 3942; x_wconf 88' lang='grc' dir='ltr'>διοι-</span> 
     </span>
     <span class='ocr_line' id='line_1_41' title="bbox 85 3963 872 4044; baseline 0.013 -24"><span class='ocrx_word' id='word_1_454' title='bbox 85 3963 204 4037; x_wconf 84' lang='grc' dir='ltr'>νοητικδς</span> <span class='ocrx_word' id='word_1_455' title='bbox 223 3964 270 4024; x_wconf 85' lang='grc' dir='ltr'>καλ</span> <span class='ocrx_word' id='word_1_456' title='bbox 285 3967 431 4044; x_wconf 85' lang='grc' dir='ltr'>πρακτικός</span> <span class='ocrx_word' id='word_1_457' title='bbox 448 3968 536 4038; x_wconf 81' lang='grc' dir='ltr'>ἔστιν,</span> <span class='ocrx_word' id='word_1_458' title='bbox 559 3967 661 4042; x_wconf 77' lang='grc' dir='ltr'>ἐκείνην</span> <span class='ocrx_word' id='word_1_459' title='bbox 680 3967 728 4042; x_wconf 77' lang='grc' dir='ltr'>τῆν</span> <span class='ocrx_word' id='word_1_460' title='bbox 748 3969 872 4043; x_wconf 76' lang='grc' dir='ltr'>ἀλήθειαν</span> 
     </span>
     <span class='ocr_line' id='line_1_42' title="bbox 85 4049 871 4138; baseline 0.006 -30"><span class='ocrx_word' id='word_1_461' title='bbox 85 4051 159 4131; x_wconf 78' lang='grc' dir='ltr'>ἔργον</span> <span class='ocrx_word' id='word_1_462' title='bbox 174 4051 249 4132; x_wconf 82' lang='grc' dir='ltr'>ἔχει,</span> <span class='ocrx_word' id='word_1_463' title='bbox 264 4049 322 4123; x_wconf 82' lang='grc' dir='ltr'>ῆτις</span> <span class='ocrx_word' id='word_1_464' title='bbox 340 4053 478 4135; x_wconf 82' lang='grc' dir='ltr'>σύμφωνός</span> <span class='ocrx_word' id='word_1_465' title='bbox 493 4057 549 4114; x_wconf 84' lang='grc' dir='ltr'>ἔστι</span> <span class='ocrx_word' id='word_1_466' title='bbox 563 4058 597 4134; x_wconf 83' lang='grc' dir='ltr'>τῆ</span> <span class='ocrx_word' id='word_1_467' title='bbox 616 4054 747 4137; x_wconf 75' lang='grc' dir='ltr'>σπουδαίᾳ</span> <span class='ocrx_word' id='word_1_468' title='bbox 762 4058 871 4138; x_wconf 75' lang='grc' dir='ltr'>πράξει,</span> 
     </span>
     <span class='ocr_line' id='line_1_43' title="bbox 84 4141 714 4225; baseline 0.016 -25"><span class='ocrx_word' id='word_1_469' title='bbox 84 4141 173 4221; x_wconf 81' lang='grc' dir='ltr'>καλτῆ</span> <span class='ocrx_word' id='word_1_470' title='bbox 187 4145 269 4221; x_wconf 70' lang='lat' dir='ltr'><strong>epod&lt;</strong></span> <span class='ocrx_word' id='word_1_471' title='bbox 285 4141 382 4222; x_wconf 82' lang='grc' dir='ltr'>έχούσῃ</span> <span class='ocrx_word' id='word_1_472' title='bbox 398 4144 444 4202; x_wconf 83' lang='grc' dir='ltr'>καί</span> <span class='ocrx_word' id='word_1_473' title='bbox 458 4143 606 4213; x_wconf 82' lang='grc' dir='ltr'>σπουδαίως</span> <span class='ocrx_word' id='word_1_474' title='bbox 620 4144 714 4225; x_wconf 81' lang='grc' dir='ltr'>ὀρέξει.</span> 
     </span>
    </p>

    <p class='ocr_par' dir='ltr' id='par_1_7' title="bbox 84 4231 868 4496">
     <span class='ocr_line' id='line_1_44' title="bbox 124 4231 868 4320; baseline 0.011 -30"><span class='ocrx_word' id='word_1_475' title='bbox 124 4231 247 4310; x_wconf 88' lang='lat' dir='ltr'><strong>(Scripsi</strong></span> <span class='ocrx_word' id='word_1_476' title='bbox 260 4239 289 4287; x_wconf 80' lang='lat'>:⁸</span> <span class='ocrx_word' id='word_1_477' title='bbox 304 4231 334 4292; x_wconf 88' lang='grc' dir='ltr'>τύ</span> <span class='ocrx_word' id='word_1_478' title='bbox 345 4236 391 4310; x_wconf 88' lang='grc' dir='ltr'>τε]</span> <span class='ocrx_word' id='word_1_479' title='bbox 410 4234 502 4312; x_wconf 82' lang='lat' dir='ltr'><strong>vulgo</strong></span> <span class='ocrx_word' id='word_1_480' title='bbox 515 4234 546 4294; x_wconf 89' lang='grc' dir='ltr'>τύ</span> <span class='ocrx_word' id='word_1_481' title='bbox 557 4258 610 4306; x_wconf 79' lang='grc' dir='ltr'>,τε</span> <span class='ocrx_word' id='word_1_482' title='bbox 623 4240 687 4282; x_wconf 67' lang='lat' dir='ltr'>-b</span> <span class='ocrx_word' id='word_1_483' title='bbox 705 4237 868 4320; x_wconf 78' lang='grc' dir='ltr'>ἀναγκαίαν]</span> 
     </span>
     <span class='ocr_line' id='line_1_45' title="bbox 84 4323 866 4405; baseline 0.012 -24"><span class='ocrx_word' id='word_1_484' title='bbox 84 4323 174 4398; x_wconf 77' lang='lat' dir='ltr'><strong>vulgo</strong></span> <span class='ocrx_word' id='word_1_485' title='bbox 189 4323 343 4402; x_wconf 78' lang='grc' dir='ltr'>ἀναγκαῖον.</span> <span class='ocrx_word' id='word_1_486' title='bbox 359 4339 421 4370; x_wconf 67' lang='lat'>-0</span> <span class='ocrx_word' id='word_1_487' title='bbox 445 4327 515 4384; x_wconf 88' lang='grc' dir='ltr'>τοῦτ’</span> <span class='ocrx_word' id='word_1_488' title='bbox 544 4323 624 4405; x_wconf 85' lang='grc' dir='ltr'>ἔστι]</span> <span class='ocrx_word' id='word_1_489' title='bbox 652 4325 718 4388; x_wconf 87' lang='lat' dir='ltr'><strong>eod.</strong></span> <span class='ocrx_word' id='word_1_490' title='bbox 739 4326 866 4392; x_wconf 84' lang='grc' dir='ltr'>τουτέστι.</span> 
     </span>
     <span class='ocr_line' id='line_1_46' title="bbox 84 4408 759 4496; baseline 0.01 -28"><span class='ocrx_word' id='word_1_491' title='bbox 84 4411 148 4455; x_wconf 63' lang='grc' dir='ltr'>-ί</span> <span class='ocrx_word' id='word_1_492' title='bbox 162 4408 236 4490; x_wconf 78' lang='grc' dir='ltr'>ἔργον</span> <span class='ocrx_word' id='word_1_493' title='bbox 252 4410 340 4494; x_wconf 72' lang='lat' dir='ltr'><strong>toria]</strong></span> <span class='ocrx_word' id='word_1_494' title='bbox 354 4413 445 4490; x_wconf 81' lang='lat' dir='ltr'><strong>vulgo</strong></span> <span class='ocrx_word' id='word_1_495' title='bbox 458 4413 532 4496; x_wconf 87' lang='grc' dir='ltr'>έργάν</span> <span class='ocrx_word' id='word_1_496' title='bbox 549 4415 630 4476; x_wconf 82' lang='grc' dir='ltr'>ἔστιν.</span> <span class='ocrx_word' id='word_1_497' title='bbox 647 4415 705 4496; x_wconf 69' lang='grc' dir='ltr'>-λ</span> <span class='ocrx_word' id='word_1_498' title='bbox 754 4486 759 4494; x_wconf 34' lang='lat'>¹</span> 
     </span>
    </p>
   </div>
   <div class='ocr_carea' id='block_1_5' title="bbox 125 4580 827 4820">
    <p class='ocr_par' dir='ltr' id='par_1_8' title="bbox 125 4580 827 4820">
     <span class='ocr_line' id='line_1_47' title="bbox 414 4580 543 4664; baseline 0.016 -22"><span class='ocrx_word' id='word_1_499' title='bbox 414 4583 483 4664; x_wconf 81' lang='grc' dir='ltr'>Κεφ.</span> <span class='ocrx_word' id='word_1_500' title='bbox 507 4580 543 4660; x_wconf 78' lang='grc' dir='ltr'>γ’.</span> 
     </span>
     <span class='ocr_line' id='line_1_48' title="bbox 125 4751 827 4820; baseline -0.007 -15"><span class='ocrx_word' id='word_1_501' title='bbox 125 4751 206 4814; x_wconf 67' lang='lat' dir='ltr'><strong>&#39;Orant</strong></span> <span class='ocrx_word' id='word_1_502' title='bbox 220 4754 343 4819; x_wconf 77' lang='grc' dir='ltr'>πρακτικὴ</span> <span class='ocrx_word' id='word_1_503' title='bbox 356 4753 451 4804; x_wconf 84' lang='grc' dir='ltr'>διάνοια</span> <span class='ocrx_word' id='word_1_504' title='bbox 463 4753 524 4818; x_wconf 74' lang='grc' dir='ltr'>ἀρχή</span> <span class='ocrx_word' id='word_1_505' title='bbox 535 4751 588 4804; x_wconf 79' lang='grc' dir='ltr'>ἔστι</span> <span class='ocrx_word' id='word_1_506' title='bbox 599 4759 641 4814; x_wconf 84' lang='grc' dir='ltr'>τῆς</span> <span class='ocrx_word' id='word_1_507' title='bbox 652 4751 827 4820; x_wconf 86' lang='grc' dir='ltr'>προαιρέσεως.</span> 
     </span>
    </p>
   </div>
   <div class='ocr_carea' id='block_1_6' title="bbox 83 4903 866 5080">
    <p class='ocr_par' dir='ltr' id='par_1_9' title="bbox 83 4903 866 5080">
     <span class='ocr_line' id='line_1_49' title="bbox 124 4903 862 4995; baseline -0.008 -21"><span class='ocrx_word' id='word_1_508' title='bbox 124 4911 162 4940; x_wconf 81' lang='lat'>***</span> <span class='ocrx_word' id='word_1_509' title='bbox 174 4911 208 4974; x_wconf 87' lang='lat' dir='ltr'>‘ll</span> <span class='ocrx_word' id='word_1_510' title='bbox 225 4913 274 4990; x_wconf 75' lang='grc' dir='ltr'>μέν</span> <span class='ocrx_word' id='word_1_511' title='bbox 284 4903 328 4974; x_wconf 80' lang='grc' dir='ltr'>ούν</span> <span class='ocrx_word' id='word_1_512' title='bbox 341 4913 491 4994; x_wconf 86' lang='grc' dir='ltr'>προαίρεσις</span> <span class='ocrx_word' id='word_1_513' title='bbox 504 4913 576 4973; x_wconf 82' lang='grc' dir='ltr'>αἰτία</span> <span class='ocrx_word' id='word_1_514' title='bbox 591 4913 636 4973; x_wconf 79' lang='grc' dir='ltr'>καί</span> <span class='ocrx_word' id='word_1_515' title='bbox 653 4912 723 4995; x_wconf 72' lang='grc' dir='ltr'>ἁρχὴ</span> <span class='ocrx_word' id='word_1_516' title='bbox 735 4910 862 4993; x_wconf 86' lang='grc' dir='ltr'>πράξεως·</span> 
     </span>
     <span class='ocr_line' id='line_1_50' title="bbox 83 4997 866 5080; baseline 0 -25"><span class='ocrx_word' id='word_1_517' title='bbox 83 4998 152 5057; x_wconf 88' lang='grc' dir='ltr'>αίτία</span> <span class='ocrx_word' id='word_1_518' title='bbox 175 4999 202 5058; x_wconf 81' lang='grc' dir='ltr'>δὲ</span> <span class='ocrx_word' id='word_1_519' title='bbox 223 5000 252 5058; x_wconf 85' lang='grc' dir='ltr'>οὗ</span> <span class='ocrx_word' id='word_1_520' title='bbox 274 5000 376 5072; x_wconf 80' lang='grc' dir='ltr'>τελικῆ·</span> <span class='ocrx_word' id='word_1_521' title='bbox 397 5001 427 5059; x_wconf 85' lang='grc' dir='ltr'>ού</span> <span class='ocrx_word' id='word_1_522' title='bbox 445 4999 496 5080; x_wconf 88' lang='grc' dir='ltr'>γδιρ</span> <span class='ocrx_word' id='word_1_523' title='bbox 522 4998 599 5058; x_wconf 83' lang='grc' dir='ltr'>ένεκα</span> <span class='ocrx_word' id='word_1_524' title='bbox 621 5002 667 5072; x_wconf 88' lang='grc' dir='ltr'>τῆς</span> <span class='ocrx_word' id='word_1_525' title='bbox 689 4997 866 5079; x_wconf 82' lang='grc' dir='ltr'>προαιρέσεως</span> 
     </span>
    </p>
   </div>
   <div class='ocr_carea' id='block_1_7' title="bbox 932 1794 1721 1961">
    <p class='ocr_par' dir='ltr' id='par_1_10' title="bbox 932 1794 1721 1961">
     <span class='ocr_line' id='line_1_51' title="bbox 933 1794 1720 1874; baseline 0.028 -25"><span class='ocrx_word' id='word_1_526' title='bbox 933 1799 999 1851; x_wconf 55' lang='lat' dir='ltr'><strong>‘done</strong></span> <span class='ocrx_word' id='word_1_527' title='bbox 1013 1803 1123 1854; x_wconf 86' lang='lat' dir='ltr'><strong>muneris</strong></span> <span class='ocrx_word' id='word_1_528' title='bbox 1136 1794 1232 1856; x_wconf 76' lang='lat' dir='ltr'><strong>functio</strong></span> <span class='ocrx_word' id='word_1_529' title='bbox 1241 1810 1279 1857; x_wconf 87' lang='lat' dir='ltr'>est</span> <span class='ocrx_word' id='word_1_530' title='bbox 1295 1829 1301 1857; x_wconf 75' lang='grc' dir='ltr'>ι</span> <span class='ocrx_word' id='word_1_531' title='bbox 1315 1808 1402 1874; x_wconf 90' lang='lat' dir='ltr'><strong>itaque</strong></span> <span class='ocrx_word' id='word_1_532' title='bbox 1412 1824 1500 1863; x_wconf 90' lang='lat' dir='ltr'><strong>sensus</strong></span> <span class='ocrx_word' id='word_1_533' title='bbox 1510 1815 1605 1866; x_wconf 86' lang='lat' dir='ltr'><strong>nullius</strong></span> <span class='ocrx_word' id='word_1_534' title='bbox 1617 1819 1720 1870; x_wconf 87' lang='lat' dir='ltr'><strong>aetionis</strong></span> 
     </span>
     <span class='ocr_line' id='line_1_52' title="bbox 932 1889 1721 1961; baseline 0.023 -26"><span class='ocrx_word' id='word_1_535' title='bbox 932 1890 1074 1946; x_wconf 85' lang='lat' dir='ltr'><strong>causaest,</strong></span> <span class='ocrx_word' id='word_1_536' title='bbox 1088 1889 1200 1939; x_wconf 91' lang='lat' dir='ltr'><strong>omnium</strong></span> <span class='ocrx_word' id='word_1_537' title='bbox 1215 1903 1276 1940; x_wconf 87' lang='lat' dir='ltr'><strong>vero</strong></span> <span class='ocrx_word' id='word_1_538' title='bbox 1298 1892 1424 1944; x_wconf 85' lang='lat' dir='ltr'><strong>actionum</strong></span> <span class='ocrx_word' id='word_1_539' title='bbox 1438 1896 1559 1961; x_wconf 86' lang='lat' dir='ltr'><strong>principia</strong></span> <span class='ocrx_word' id='word_1_540' title='bbox 1576 1903 1635 1950; x_wconf 89' lang='lat' dir='ltr'><strong>sunt</strong></span> <span class='ocrx_word' id='word_1_541' title='bbox 1650 1915 1721 1952; x_wconf 88' lang='lat' dir='ltr'><strong>mens</strong></span> 
     </span>
    </p>
   </div>
   <div class='ocr_carea' id='block_1_8' title="bbox 930 1968 1717 2116">
    <p class='ocr_par' dir='ltr' id='par_1_11' title="bbox 930 1968 1717 2116">
     <span class='ocr_line' id='line_1_53' title="bbox 931 1968 1717 2042; baseline 0.023 -26"><span class='ocrx_word' id='word_1_542' title='bbox 931 1969 956 2016; x_wconf 92' lang='lat' dir='ltr'>et</span> <span class='ocrx_word' id='word_1_543' title='bbox 968 1968 1093 2033; x_wconf 88' lang='lat' dir='ltr'><strong>appetitus</strong></span> <span class='ocrx_word' id='word_1_544' title='bbox 1107 1988 1114 2020; x_wconf 77' lang='grc' dir='ltr'>ε</span> <span class='ocrx_word' id='word_1_545' title='bbox 1126 1983 1234 2034; x_wconf 92' lang='lat' dir='ltr'><strong>quorum</strong></span> <span class='ocrx_word' id='word_1_546' title='bbox 1248 1971 1327 2022; x_wconf 91' lang='lat' dir='ltr'><strong>altera</strong></span> <span class='ocrx_word' id='word_1_547' title='bbox 1336 1987 1366 2025; x_wconf 90' lang='lat' dir='ltr'>ea</span> <span class='ocrx_word' id='word_1_548' title='bbox 1377 1987 1435 2040; x_wconf 79' lang='lat' dir='ltr'><strong>quae</strong></span> <span class='ocrx_word' id='word_1_549' title='bbox 1450 1975 1501 2028; x_wconf 90' lang='lat' dir='ltr'><strong>lieri</strong></span> <span class='ocrx_word' id='word_1_550' title='bbox 1516 1982 1622 2042; x_wconf 87' lang='lat' dir='ltr'><strong>oportet,</strong></span> <span class='ocrx_word' id='word_1_551' title='bbox 1636 1980 1717 2042; x_wconf 80' lang='lat' dir='ltr'><strong>docet,</strong></span> 
     </span>
     <span class='ocr_line' id='line_1_54' title="bbox 930 2045 1303 2116; baseline 0.016 -20"><span class='ocrx_word' id='word_1_552' title='bbox 930 2045 993 2098; x_wconf 86' lang='lat' dir='ltr'><strong>alter</strong></span> <span class='ocrx_word' id='word_1_553' title='bbox 1006 2047 1039 2098; x_wconf 90' lang='lat' dir='ltr'><strong>ad</strong></span> <span class='ocrx_word' id='word_1_554' title='bbox 1056 2048 1178 2113; x_wconf 85' lang='lat' dir='ltr'><strong>agendum</strong></span> <span class='ocrx_word' id='word_1_555' title='bbox 1189 2050 1303 2116; x_wconf 88' lang='lat' dir='ltr'><strong>impellit.</strong></span> 
     </span>
    </p>
   </div>
   <div class='ocr_carea' id='block_1_9' title="bbox 919 2136 1718 4078">
    <p class='ocr_par' dir='ltr' id='par_1_12' title="bbox 919 2136 1718 4078">
     <span class='ocr_line' id='line_1_55' title="bbox 960 2136 1716 2216; baseline 0.022 -30"><span class='ocrx_word' id='word_1_556' title='bbox 960 2136 1034 2196; x_wconf 83' lang='lat' dir='ltr'><strong>Quod</strong></span> <span class='ocrx_word' id='word_1_557' title='bbox 1051 2141 1091 2189; x_wconf 88' lang='lat' dir='ltr'>est</span> <span class='ocrx_word' id='word_1_558' title='bbox 1103 2142 1187 2190; x_wconf 88' lang='lat' dir='ltr'><strong>autem</strong></span> <span class='ocrx_word' id='word_1_559' title='bbox 1202 2139 1229 2190; x_wconf 91' lang='lat' dir='ltr'><strong>in</strong></span> <span class='ocrx_word' id='word_1_560' title='bbox 1247 2141 1395 2206; x_wconf 78' lang='lat' dir='ltr'><strong>cogitatione</strong></span> <span class='ocrx_word' id='word_1_561' title='bbox 1409 2142 1545 2197; x_wconf 84' lang='lat' dir='ltr'><strong>affirmatio</strong></span> <span class='ocrx_word' id='word_1_562' title='bbox 1565 2151 1592 2199; x_wconf 89' lang='lat' dir='ltr'>et</span> <span class='ocrx_word' id='word_1_563' title='bbox 1610 2152 1716 2216; x_wconf 83' lang='lat' dir='ltr'><strong>negatio,</strong></span> 
     </span>
     <span class='ocr_line' id='line_1_56' title="bbox 929 2226 1717 2304; baseline 0.019 -29"><span class='ocrx_word' id='word_1_564' title='bbox 929 2226 977 2276; x_wconf 85' lang='lat' dir='ltr'>hoo</span> <span class='ocrx_word' id='word_1_565' title='bbox 992 2227 1068 2277; x_wconf 89' lang='lat' dir='ltr'><strong>estin</strong></span> <span class='ocrx_word' id='word_1_566' title='bbox 1080 2229 1192 2294; x_wconf 89' lang='lat' dir='ltr'><strong>appetitu</strong></span> <span class='ocrx_word' id='word_1_567' title='bbox 1204 2229 1240 2280; x_wconf 92' lang='lat' dir='ltr'>rei</span> <span class='ocrx_word' id='word_1_568' title='bbox 1252 2230 1357 2296; x_wconf 84' lang='lat' dir='ltr'><strong>alicujus</strong></span> <span class='ocrx_word' id='word_1_569' title='bbox 1368 2233 1507 2296; x_wconf 84' lang='lat' dir='ltr'><strong>persecutio</strong></span> <span class='ocrx_word' id='word_1_570' title='bbox 1519 2239 1545 2286; x_wconf 92' lang='lat' dir='ltr'>et</span> <span class='ocrx_word' id='word_1_571' title='bbox 1564 2234 1622 2301; x_wconf 86' lang='lat' dir='ltr'><strong>luga</strong></span> <span class='ocrx_word' id='word_1_572' title='bbox 1633 2257 1639 2288; x_wconf 75' lang='grc' dir='ltr'>ι</span> <span class='ocrx_word' id='word_1_573' title='bbox 1652 2253 1717 2304; x_wconf 89' lang='lat' dir='ltr'><strong>qua-</strong></span> 
     </span>
     <span class='ocr_line' id='line_1_57' title="bbox 931 2318 1716 2381; baseline 0.019 -17"><span class='ocrx_word' id='word_1_574' title='bbox 931 2318 1031 2380; x_wconf 87' lang='lat' dir='ltr'><strong>pmpter</strong></span> <span class='ocrx_word' id='word_1_575' title='bbox 1052 2330 1131 2381; x_wconf 93' lang='lat' dir='ltr'><strong>quum</strong></span> <span class='ocrx_word' id='word_1_576' title='bbox 1153 2318 1235 2368; x_wconf 83' lang='lat' dir='ltr'><strong>virtus</strong></span> <span class='ocrx_word' id='word_1_577' title='bbox 1249 2319 1351 2370; x_wconf 90' lang='lat' dir='ltr'><strong>moralis</strong></span> <span class='ocrx_word' id='word_1_578' title='bbox 1369 2321 1472 2372; x_wconf 87' lang='lat' dir='ltr'><strong>babitus</strong></span> <span class='ocrx_word' id='word_1_579' title='bbox 1485 2322 1518 2373; x_wconf 87' lang='lat' dir='ltr'>sit</span> <span class='ocrx_word' id='word_1_580' title='bbox 1537 2324 1569 2375; x_wconf 90' lang='lat' dir='ltr'><strong>ad</strong></span> <span class='ocrx_word' id='word_1_581' title='bbox 1587 2327 1716 2379; x_wconf 87' lang='lat' dir='ltr'><strong>consilium</strong></span> 
     </span>
     <span class='ocr_line' id='line_1_58' title="bbox 929 2403 1717 2477; baseline 0.013 -23"><span class='ocrx_word' id='word_1_582' title='bbox 929 2403 1076 2468; x_wconf 83' lang='lat' dir='ltr'><strong>capiendum</strong></span> <span class='ocrx_word' id='word_1_583' title='bbox 1099 2405 1242 2470; x_wconf 82' lang='lat' dir='ltr'><strong>expeditus,</strong></span> <span class='ocrx_word' id='word_1_584' title='bbox 1273 2408 1403 2459; x_wconf 82' lang='lat' dir='ltr'><strong>eonsilium</strong></span> <span class='ocrx_word' id='word_1_585' title='bbox 1423 2413 1508 2461; x_wconf 86' lang='lat' dir='ltr'><strong>autem</strong></span> <span class='ocrx_word' id='word_1_586' title='bbox 1535 2413 1661 2477; x_wconf 91' lang='lat' dir='ltr'><strong>appetitus</strong></span> <span class='ocrx_word' id='word_1_587' title='bbox 1684 2415 1717 2465; x_wconf 88' lang='lat' dir='ltr'><strong>ad</strong></span> 
     </span>
     <span class='ocr_line' id='line_1_59' title="bbox 929 2493 1716 2560; baseline 0.011 -16"><span class='ocrx_word' id='word_1_588' title='bbox 929 2493 1131 2544; x_wconf 84' lang='lat' dir='ltr'><strong>deliberationem</strong></span> <span class='ocrx_word' id='word_1_589' title='bbox 1153 2495 1364 2556; x_wconf 72' lang='lat' dir='ltr'><strong>accommodatus,</strong></span> <span class='ocrx_word' id='word_1_590' title='bbox 1379 2501 1435 2560; x_wconf 86' lang='grc' dir='ltr'>(εει</span> <span class='ocrx_word' id='word_1_591' title='bbox 1448 2498 1514 2550; x_wconf 89' lang='lat' dir='ltr'><strong>enim</strong></span> <span class='ocrx_word' id='word_1_592' title='bbox 1527 2501 1657 2552; x_wconf 85' lang='lat' dir='ltr'><strong>eonsilium</strong></span> <span class='ocrx_word' id='word_1_593' title='bbox 1675 2503 1716 2554; x_wconf 93' lang='lat' dir='ltr'><strong>ni·</strong></span> 
     </span>
     <span class='ocr_line' id='line_1_60' title="bbox 928 2582 1718 2656; baseline 0.014 -24"><span class='ocrx_word' id='word_1_594' title='bbox 928 2583 965 2633; x_wconf 91' lang='lat' dir='ltr'><strong>hil</strong></span> <span class='ocrx_word' id='word_1_595' title='bbox 982 2582 1050 2634; x_wconf 89' lang='lat' dir='ltr'><strong>aliud</strong></span> <span class='ocrx_word' id='word_1_596' title='bbox 1063 2597 1139 2649; x_wconf 90' lang='lat' dir='ltr'><strong>quarn</strong></span> <span class='ocrx_word' id='word_1_597' title='bbox 1149 2583 1214 2635; x_wconf 84' lang='lat' dir='ltr'><strong>velle</strong></span> <span class='ocrx_word' id='word_1_598' title='bbox 1223 2583 1250 2636; x_wconf 90' lang='lat' dir='ltr'>ld</span> <span class='ocrx_word' id='word_1_599' title='bbox 1266 2588 1291 2636; x_wconf 91' lang='lat' dir='ltr'>et</span> <span class='ocrx_word' id='word_1_600' title='bbox 1306 2585 1397 2650; x_wconf 79' lang='lat' dir='ltr'><strong>eligere</strong></span> <span class='ocrx_word' id='word_1_601' title='bbox 1413 2586 1506 2653; x_wconf 86' lang='lat' dir='ltr'><strong>dequo</strong></span> <span class='ocrx_word' id='word_1_602' title='bbox 1518 2587 1686 2642; x_wconf 89' lang='lat' dir='ltr'><strong>deliberamus</strong></span> <span class='ocrx_word' id='word_1_603' title='bbox 1696 2597 1718 2656; x_wconf 89' lang='grc'>,)</span> 
     </span>
     <span class='ocr_line' id='line_1_61' title="bbox 927 2673 1714 2744; baseline 0.01 -20"><span class='ocrx_word' id='word_1_604' title='bbox 927 2673 1032 2724; x_wconf 81' lang='grc' dir='ltr'>οτουίυο</span> <span class='ocrx_word' id='word_1_605' title='bbox 1048 2687 1148 2725; x_wconf 84' lang='lat' dir='ltr'><strong>neeesse</strong></span> <span class='ocrx_word' id='word_1_606' title='bbox 1162 2677 1210 2736; x_wconf 88' lang='lat' dir='ltr'><strong>est,</strong></span> <span class='ocrx_word' id='word_1_607' title='bbox 1231 2675 1253 2725; x_wconf 92' lang='lat' dir='ltr'><strong>si</strong></span> <span class='ocrx_word' id='word_1_608' title='bbox 1269 2674 1362 2726; x_wconf 93' lang='lat' dir='ltr'><strong>bonum</strong></span> <span class='ocrx_word' id='word_1_609' title='bbox 1385 2676 1568 2744; x_wconf 87' lang='lat' dir='ltr'><strong>honestumque</strong></span> <span class='ocrx_word' id='word_1_610' title='bbox 1582 2681 1714 2732; x_wconf 83' lang='lat' dir='ltr'><strong>eonsilium</strong></span> 
     </span>
     <span class='ocr_line' id='line_1_62' title="bbox 928 2764 1714 2839; baseline 0.01 -23"><span class='ocrx_word' id='word_1_611' title='bbox 928 2765 974 2828; x_wconf 89' lang='lat' dir='ltr'><strong>sit,</strong></span> <span class='ocrx_word' id='word_1_612' title='bbox 997 2764 1041 2815; x_wconf 88' lang='lat' dir='ltr'><strong>illa</strong></span> <span class='ocrx_word' id='word_1_613' title='bbox 1061 2779 1163 2831; x_wconf 90' lang='lat' dir='ltr'><strong>quoque</strong></span> <span class='ocrx_word' id='word_1_614' title='bbox 1187 2765 1242 2830; x_wconf 86' lang='lat' dir='ltr'><strong>eligi</strong></span> <span class='ocrx_word' id='word_1_615' title='bbox 1268 2781 1326 2832; x_wconf 82' lang='lat' dir='ltr'>quae</span> <span class='ocrx_word' id='word_1_616' title='bbox 1349 2767 1454 2820; x_wconf 79' lang='lat' dir='ltr'><strong>honesta</strong></span> <span class='ocrx_word' id='word_1_617' title='bbox 1476 2771 1550 2832; x_wconf 87' lang='lat' dir='ltr'><strong>sunt,</strong></span> <span class='ocrx_word' id='word_1_618' title='bbox 1567 2776 1714 2839; x_wconf 87' lang='lat' dir='ltr'><strong>rectumque</strong></span> 
     </span>
     <span class='ocr_line' id='line_1_63' title="bbox 926 2854 1714 2922; baseline 0.013 -18"><span class='ocrx_word' id='word_1_619' title='bbox 926 2854 1065 2919; x_wconf 88' lang='lat' dir='ltr'><strong>appetitum</strong></span> <span class='ocrx_word' id='word_1_620' title='bbox 1088 2868 1142 2905; x_wconf 89' lang='lat' dir='ltr'><strong>esse</strong></span> <span class='ocrx_word' id='word_1_621' title='bbox 1169 2854 1213 2920; x_wconf 89' lang='lat' dir='ltr'><strong>qui</strong></span> <span class='ocrx_word' id='word_1_622' title='bbox 1234 2855 1327 2906; x_wconf 90' lang='lat' dir='ltr'><strong>bonum</strong></span> <span class='ocrx_word' id='word_1_623' title='bbox 1344 2857 1415 2922; x_wconf 89' lang='lat' dir='ltr'><strong>petit.</strong></span> <span class='ocrx_word' id='word_1_624' title='bbox 1434 2858 1530 2909; x_wconf 88' lang='lat' dir='ltr'><strong>Bonum</strong></span> <span class='ocrx_word' id='word_1_625' title='bbox 1545 2863 1630 2911; x_wconf 89' lang='lat' dir='ltr'><strong>autem</strong></span> <span class='ocrx_word' id='word_1_626' title='bbox 1650 2863 1714 2914; x_wconf 88' lang='lat' dir='ltr'><strong>velle</strong></span> 
     </span>
     <span class='ocr_line' id='line_1_64' title="bbox 925 2943 1712 3012; baseline 0.013 -20"><span class='ocrx_word' id='word_1_627' title='bbox 925 2956 975 2992; x_wconf 92' lang='lat' dir='ltr'>non</span> <span class='ocrx_word' id='word_1_628' title='bbox 989 2945 1072 3008; x_wconf 91' lang='lat' dir='ltr'><strong>potest</strong></span> <span class='ocrx_word' id='word_1_629' title='bbox 1086 2943 1231 3009; x_wconf 87' lang='lat' dir='ltr'><strong>consilium,</strong></span> <span class='ocrx_word' id='word_1_630' title='bbox 1246 2945 1294 2996; x_wconf 88' lang='lat' dir='ltr'><strong>nisi</strong></span> <span class='ocrx_word' id='word_1_631' title='bbox 1305 2946 1354 2997; x_wconf 91' lang='lat' dir='ltr'>hoo</span> <span class='ocrx_word' id='word_1_632' title='bbox 1367 2947 1448 3012; x_wconf 87' lang='lat' dir='ltr'><strong>ipsum</strong></span> <span class='ocrx_word' id='word_1_633' title='bbox 1462 2948 1535 3000; x_wconf 79' lang='lat' dir='ltr'><strong>docet</strong></span> <span class='ocrx_word' id='word_1_634' title='bbox 1544 2950 1690 3002; x_wconf 82' lang='lat' dir='ltr'><strong>deliberatio</strong></span> <span class='ocrx_word' id='word_1_635' title='bbox 1706 2972 1712 3002; x_wconf 79' lang='grc' dir='ltr'>τ</span> 
     </span>
     <span class='ocr_line' id='line_1_65' title="bbox 926 3033 1714 3103; baseline 0.011 -21"><span class='ocrx_word' id='word_1_636' title='bbox 926 3036 954 3082; x_wconf 88' lang='grc' dir='ltr'>υι</span> <span class='ocrx_word' id='word_1_637' title='bbox 968 3045 1069 3084; x_wconf 85' lang='grc' dir='ltr'>ιιευεεευ</span> <span class='ocrx_word' id='word_1_638' title='bbox 1082 3033 1128 3096; x_wconf 84' lang='grc' dir='ltr'>εἰι,</span> <span class='ocrx_word' id='word_1_639' title='bbox 1145 3035 1200 3084; x_wconf 89' lang='lat' dir='ltr'><strong>tum</strong></span> <span class='ocrx_word' id='word_1_640' title='bbox 1224 3033 1428 3087; x_wconf 88' lang='lat' dir='ltr'><strong>deliberationem</strong></span> <span class='ocrx_word' id='word_1_641' title='bbox 1441 3051 1529 3088; x_wconf 85' lang='lat' dir='ltr'><strong>verum</strong></span> <span class='ocrx_word' id='word_1_642' title='bbox 1542 3039 1639 3103; x_wconf 84' lang='lat' dir='ltr'><strong>dicere,</strong></span> <span class='ocrx_word' id='word_1_643' title='bbox 1654 3055 1714 3091; x_wconf 88' lang='lat' dir='ltr'><strong>oon·</strong></span> 
     </span>
     <span class='ocr_line' id='line_1_66' title="bbox 925 3121 1713 3196; baseline 0.013 -25"><span class='ocrx_word' id='word_1_644' title='bbox 925 3121 1008 3173; x_wconf 88' lang='lat' dir='ltr'><strong>silium</strong></span> <span class='ocrx_word' id='word_1_645' title='bbox 1027 3125 1111 3174; x_wconf 88' lang='lat' dir='ltr'><strong>autem</strong></span> <span class='ocrx_word' id='word_1_646' title='bbox 1135 3122 1239 3187; x_wconf 78' lang='lat' dir='ltr'><strong>eligere,</strong></span> <span class='ocrx_word' id='word_1_647' title='bbox 1256 3128 1311 3174; x_wconf 87' lang='lat' dir='ltr'><strong>turn</strong></span> <span class='ocrx_word' id='word_1_648' title='bbox 1331 3126 1471 3190; x_wconf 88' lang='lat' dir='ltr'><strong>appetitum</strong></span> <span class='ocrx_word' id='word_1_649' title='bbox 1489 3127 1516 3179; x_wconf 91' lang='lat' dir='ltr'>ld</span> <span class='ocrx_word' id='word_1_650' title='bbox 1533 3128 1602 3194; x_wconf 91' lang='lat' dir='ltr'><strong>quod</strong></span> <span class='ocrx_word' id='word_1_651' title='bbox 1620 3129 1713 3196; x_wconf 84' lang='lat' dir='ltr'><strong>bonurn</strong></span> 
     </span>
     <span class='ocr_line' id='line_1_67' title="bbox 924 3210 1713 3282; baseline 0.011 -23"><span class='ocrx_word' id='word_1_652' title='bbox 924 3214 962 3260; x_wconf 90' lang='lat' dir='ltr'>est</span> <span class='ocrx_word' id='word_1_653' title='bbox 976 3210 1106 3276; x_wconf 82' lang='lat' dir='ltr'><strong>persequi,</strong></span> <span class='ocrx_word' id='word_1_654' title='bbox 1120 3210 1236 3276; x_wconf 88' lang='lat' dir='ltr'><strong>idemque</strong></span> <span class='ocrx_word' id='word_1_655' title='bbox 1248 3211 1452 3265; x_wconf 88' lang='lat' dir='ltr'><strong>deliberationem</strong></span> <span class='ocrx_word' id='word_1_656' title='bbox 1465 3215 1562 3276; x_wconf 81' lang='lat' dir='ltr'><strong>dicere,</strong></span> <span class='ocrx_word' id='word_1_657' title='bbox 1574 3217 1713 3282; x_wconf 90' lang='lat' dir='ltr'><strong>appetitum</strong></span> 
     </span>
     <span class='ocr_line' id='line_1_68' title="bbox 926 3299 1713 3364; baseline 0.01 -16"><span class='ocrx_word' id='word_1_658' title='bbox 926 3313 984 3350; x_wconf 85' lang='lat' dir='ltr'><strong>vero</strong></span> <span class='ocrx_word' id='word_1_659' title='bbox 997 3299 1121 3364; x_wconf 87' lang='lat' dir='ltr'><strong>persequi.</strong></span> <span class='ocrx_word' id='word_1_660' title='bbox 1141 3301 1201 3350; x_wconf 70' lang='lat' dir='ltr'><strong>llaec</strong></span> <span class='ocrx_word' id='word_1_661' title='bbox 1222 3299 1297 3364; x_wconf 88' lang='lat' dir='ltr'><strong>igitur</strong></span> <span class='ocrx_word' id='word_1_662' title='bbox 1314 3314 1397 3360; x_wconf 87' lang='lat' dir='ltr'><strong>mens,</strong></span> <span class='ocrx_word' id='word_1_663' title='bbox 1410 3303 1582 3356; x_wconf 81' lang='lat' dir='ltr'><strong>ratiocinativa</strong></span> <span class='ocrx_word' id='word_1_664' title='bbox 1596 3305 1713 3359; x_wconf 81' lang='lat' dir='ltr'><strong>videlieet</strong></span> 
     </span>
     <span class='ocr_line' id='line_1_69' title="bbox 925 3387 1710 3456; baseline 0.014 -19"><span class='ocrx_word' id='word_1_665' title='bbox 925 3388 979 3452; x_wconf 84' lang='lat' dir='ltr'><strong>ejus</strong></span> <span class='ocrx_word' id='word_1_666' title='bbox 997 3401 1056 3453; x_wconf 88' lang='lat' dir='ltr'><strong>pars</strong></span> <span class='ocrx_word' id='word_1_667' title='bbox 1066 3401 1096 3438; x_wconf 91' lang='lat' dir='ltr'><strong>ac</strong></span> <span class='ocrx_word' id='word_1_668' title='bbox 1109 3387 1290 3449; x_wconf 87' lang='lat' dir='ltr'><strong>deliberativa,</strong></span> <span class='ocrx_word' id='word_1_669' title='bbox 1307 3391 1412 3456; x_wconf 84' lang='lat' dir='ltr'><strong>ejusque</strong></span> <span class='ocrx_word' id='word_1_670' title='bbox 1427 3391 1531 3453; x_wconf 87' lang='lat' dir='ltr'><strong>veritas,</strong></span> <span class='ocrx_word' id='word_1_671' title='bbox 1551 3395 1633 3447; x_wconf 80' lang='lat' dir='ltr'><strong>activa</strong></span> <span class='ocrx_word' id='word_1_672' title='bbox 1646 3396 1710 3448; x_wconf 87' lang='lat' dir='ltr'><strong>diui·</strong></span> 
     </span>
     <span class='ocr_line' id='line_1_70' title="bbox 922 3469 1711 3546; baseline 0.008 -18"><span class='ocrx_word' id='word_1_673' title='bbox 922 3481 965 3528; x_wconf 93' lang='lat' dir='ltr'>tur</span> <span class='ocrx_word' id='word_1_674' title='bbox 983 3477 1062 3542; x_wconf 87' lang='lat' dir='ltr'><strong>:quia</strong></span> <span class='ocrx_word' id='word_1_675' title='bbox 1085 3469 1206 3542; x_wconf 76' lang='lat' dir='ltr'><strong>finisejus</strong></span> <span class='ocrx_word' id='word_1_676' title='bbox 1218 3480 1257 3530; x_wconf 88' lang='lat' dir='ltr'>est</span> <span class='ocrx_word' id='word_1_677' title='bbox 1279 3478 1344 3530; x_wconf 86' lang='lat' dir='ltr'><strong>aetio</strong></span> <span class='ocrx_word' id='word_1_678' title='bbox 1360 3478 1437 3530; x_wconf 83' lang='lat' dir='ltr'><strong>boni:</strong></span> <span class='ocrx_word' id='word_1_679' title='bbox 1455 3494 1568 3546; x_wconf 86' lang='lat' dir='ltr'><strong>opusque</strong></span> <span class='ocrx_word' id='word_1_680' title='bbox 1586 3483 1653 3534; x_wconf 92' lang='lat' dir='ltr'><strong>illius</strong></span> <span class='ocrx_word' id='word_1_681' title='bbox 1672 3487 1711 3536; x_wconf 88' lang='lat' dir='ltr'>est</span> 
     </span>
     <span class='ocr_line' id='line_1_71' title="bbox 922 3566 1711 3632; baseline 0.005 -14"><span class='ocrx_word' id='word_1_682' title='bbox 922 3570 1033 3619; x_wconf 89' lang='lat' dir='ltr'><strong>assumta</strong></span> <span class='ocrx_word' id='word_1_683' title='bbox 1045 3566 1151 3622; x_wconf 82' lang='lat' dir='ltr'><strong>veritas,</strong></span> <span class='ocrx_word' id='word_1_684' title='bbox 1164 3580 1222 3632; x_wconf 83' lang='lat' dir='ltr'><strong>quae</strong></span> <span class='ocrx_word' id='word_1_685' title='bbox 1237 3567 1264 3617; x_wconf 90' lang='lat' dir='ltr'><strong>in</strong></span> <span class='ocrx_word' id='word_1_686' title='bbox 1282 3566 1346 3618; x_wconf 94' lang='lat' dir='ltr'><strong>bono</strong></span> <span class='ocrx_word' id='word_1_687' title='bbox 1364 3572 1389 3619; x_wconf 87' lang='lat' dir='ltr'>et</span> <span class='ocrx_word' id='word_1_688' title='bbox 1407 3569 1475 3618; x_wconf 89' lang='lat' dir='ltr'><strong>malo</strong></span> <span class='ocrx_word' id='word_1_689' title='bbox 1486 3573 1603 3621; x_wconf 82' lang='lat' dir='ltr'><strong>versatur</strong></span> <span class='ocrx_word' id='word_1_690' title='bbox 1617 3591 1623 3621; x_wconf 79' lang='grc' dir='ltr'>ι</span> <span class='ocrx_word' id='word_1_691' title='bbox 1639 3585 1711 3622; x_wconf 90' lang='lat' dir='ltr'><strong>men-</strong></span> 
     </span>
     <span class='ocr_line' id='line_1_72' title="bbox 923 3655 1710 3722; baseline 0.005 -15"><span class='ocrx_word' id='word_1_692' title='bbox 923 3657 956 3708; x_wconf 90' lang='lat' dir='ltr'>tis</span> <span class='ocrx_word' id='word_1_693' title='bbox 972 3659 1057 3708; x_wconf 90' lang='lat' dir='ltr'><strong>autem</strong></span> <span class='ocrx_word' id='word_1_694' title='bbox 1070 3655 1270 3720; x_wconf 76' lang='lat' dir='ltr'><strong>contemplative</strong></span> <span class='ocrx_word' id='word_1_695' title='bbox 1280 3671 1329 3706; x_wconf 93' lang='lat' dir='ltr'>non</span> <span class='ocrx_word' id='word_1_696' title='bbox 1341 3657 1430 3708; x_wconf 79' lang='lat' dir='ltr'><strong>activae</strong></span> <span class='ocrx_word' id='word_1_697' title='bbox 1447 3671 1510 3722; x_wconf 89' lang='lat' dir='ltr'><strong>opus</strong></span> <span class='ocrx_word' id='word_1_698' title='bbox 1522 3662 1561 3709; x_wconf 89' lang='lat' dir='ltr'>est</span> <span class='ocrx_word' id='word_1_699' title='bbox 1579 3659 1671 3710; x_wconf 86' lang='lat' dir='ltr'><strong>raritas</strong></span> <span class='ocrx_word' id='word_1_700' title='bbox 1684 3665 1710 3711; x_wconf 85' lang='lat' dir='ltr'>et</span> 
     </span>
     <span class='ocr_line' id='line_1_73' title="bbox 920 3744 1707 3810; baseline 0.001 -14"><span class='ocrx_word' id='word_1_701' title='bbox 920 3745 1085 3798; x_wconf 84' lang='lat' dir='ltr'><strong>mendacium.</strong></span> <span class='ocrx_word' id='word_1_702' title='bbox 1100 3744 1167 3804; x_wconf 86' lang='lat' dir='ltr'><strong>Quin</strong></span> <span class='ocrx_word' id='word_1_703' title='bbox 1187 3745 1264 3794; x_wconf 89' lang='lat' dir='ltr'><strong>etiam</strong></span> <span class='ocrx_word' id='word_1_704' title='bbox 1284 3745 1357 3794; x_wconf 86' lang='lat' dir='ltr'><strong>linem</strong></span> <span class='ocrx_word' id='word_1_705' title='bbox 1371 3744 1447 3795; x_wconf 88' lang='lat' dir='ltr'><strong>babet</strong></span> <span class='ocrx_word' id='word_1_706' title='bbox 1461 3745 1575 3796; x_wconf 84' lang='lat' dir='ltr'><strong>veritatis</strong></span> <span class='ocrx_word' id='word_1_707' title='bbox 1589 3747 1707 3810; x_wconf 85' lang='lat' dir='ltr'><strong>cognitio·</strong></span> 
     </span>
     <span class='ocr_line' id='line_1_74' title="bbox 921 3833 1705 3900; baseline -0.001 -12"><span class='ocrx_word' id='word_1_708' title='bbox 921 3851 977 3889; x_wconf 87' lang='lat' dir='ltr'><strong>nem</strong></span> <span class='ocrx_word' id='word_1_709' title='bbox 991 3855 996 3886; x_wconf 92' lang='lat'><strong>:</strong></span> <span class='ocrx_word' id='word_1_710' title='bbox 1009 3836 1058 3887; x_wconf 89' lang='lat' dir='ltr'>hoo</span> <span class='ocrx_word' id='word_1_711' title='bbox 1068 3835 1134 3886; x_wconf 89' lang='lat' dir='ltr'><strong>enim</strong></span> <span class='ocrx_word' id='word_1_712' title='bbox 1150 3848 1213 3899; x_wconf 91' lang='lat' dir='ltr'><strong>opus</strong></span> <span class='ocrx_word' id='word_1_713' title='bbox 1223 3837 1262 3885; x_wconf 88' lang='lat' dir='ltr'>est</span> <span class='ocrx_word' id='word_1_714' title='bbox 1280 3833 1360 3886; x_wconf 91' lang='lat' dir='ltr'><strong>omnis</strong></span> <span class='ocrx_word' id='word_1_715' title='bbox 1372 3833 1479 3884; x_wconf 91' lang='lat' dir='ltr'><strong>hominis</strong></span> <span class='ocrx_word' id='word_1_716' title='bbox 1491 3835 1624 3899; x_wconf 84' lang='lat' dir='ltr'><strong>ingeniosi,</strong></span> <span class='ocrx_word' id='word_1_717' title='bbox 1641 3851 1705 3900; x_wconf 92' lang='lat' dir='ltr'><strong>qua·</strong></span> 
     </span>
     <span class='ocr_line' id='line_1_75' title="bbox 920 3922 1709 3990; baseline -0.004 -12"><span class='ocrx_word' id='word_1_718' title='bbox 920 3929 994 3979; x_wconf 88' lang='lat' dir='ltr'><strong>tenus</strong></span> <span class='ocrx_word' id='word_1_719' title='bbox 1003 3929 1041 3976; x_wconf 86' lang='lat' dir='ltr'>est</span> <span class='ocrx_word' id='word_1_720' title='bbox 1054 3925 1203 3990; x_wconf 84' lang='lat' dir='ltr'><strong>ingeniosus.</strong></span> <span class='ocrx_word' id='word_1_721' title='bbox 1218 3922 1267 3982; x_wconf 84' lang='lat' dir='ltr'><strong>Qui</strong></span> <span class='ocrx_word' id='word_1_722' title='bbox 1275 3937 1335 3974; x_wconf 80' lang='lat' dir='ltr'><strong>vero</strong></span> <span class='ocrx_word' id='word_1_723' title='bbox 1348 3922 1422 3972; x_wconf 87' lang='lat' dir='ltr'><strong>simul</strong></span> <span class='ocrx_word' id='word_1_724' title='bbox 1434 3922 1575 3986; x_wconf 84' lang='lat' dir='ltr'><strong>ingeniosus</strong></span> <span class='ocrx_word' id='word_1_725' title='bbox 1589 3926 1614 3974; x_wconf 90' lang='lat' dir='ltr'>et</span> <span class='ocrx_word' id='word_1_726' title='bbox 1624 3927 1709 3975; x_wconf 84' lang='lat' dir='ltr'><strong>actuo·</strong></span> 
     </span>
     <span class='ocr_line' id='line_1_76' title="bbox 919 4009 1707 4078; baseline -0.004 -12"><span class='ocrx_word' id='word_1_727' title='bbox 919 4029 963 4066; x_wconf 85' lang='lat' dir='ltr'>sus</span> <span class='ocrx_word' id='word_1_728' title='bbox 986 4014 1101 4072; x_wconf 86' lang='lat' dir='ltr'><strong>babetur,</strong></span> <span class='ocrx_word' id='word_1_729' title='bbox 1119 4013 1173 4078; x_wconf 81' lang='lat' dir='ltr'><strong>ejus</strong></span> <span class='ocrx_word' id='word_1_730' title='bbox 1194 4024 1257 4076; x_wconf 89' lang='lat' dir='ltr'><strong>opus</strong></span> <span class='ocrx_word' id='word_1_731' title='bbox 1271 4009 1366 4062; x_wconf 80' lang='lat' dir='ltr'><strong>ostilia</strong></span> <span class='ocrx_word' id='word_1_732' title='bbox 1385 4009 1495 4068; x_wconf 86' lang='lat' dir='ltr'><strong>veritas,</strong></span> <span class='ocrx_word' id='word_1_733' title='bbox 1520 4023 1578 4074; x_wconf 77' lang='lat' dir='ltr'><strong>quae</strong></span> <span class='ocrx_word' id='word_1_734' title='bbox 1596 4011 1707 4063; x_wconf 78' lang='lat' dir='ltr'><strong>nonesto</strong></span> 
     </span>
    </p>
   </div>
   <div class='ocr_carea' id='block_1_10' title="bbox 919 4099 1595 4168">
    <p class='ocr_par' dir='ltr' id='par_1_13' title="bbox 919 4099 1595 4168">
     <span class='ocr_line' id='line_1_77' title="bbox 919 4099 1595 4168; baseline -0.004 -13"><span class='ocrx_word' id='word_1_735' title='bbox 919 4103 1009 4156; x_wconf 85' lang='lat' dir='ltr'><strong>actioni</strong></span> <span class='ocrx_word' id='word_1_736' title='bbox 1025 4107 1144 4168; x_wconf 83' lang='lat' dir='ltr'><strong>rectoque</strong></span> <span class='ocrx_word' id='word_1_737' title='bbox 1155 4104 1181 4153; x_wconf 89' lang='lat' dir='ltr'>et</span> <span class='ocrx_word' id='word_1_738' title='bbox 1199 4101 1305 4153; x_wconf 87' lang='lat' dir='ltr'><strong>honesto</strong></span> <span class='ocrx_word' id='word_1_739' title='bbox 1317 4099 1439 4166; x_wconf 88' lang='lat' dir='ltr'><strong>appetitui</strong></span> <span class='ocrx_word' id='word_1_740' title='bbox 1455 4099 1595 4165; x_wconf 83' lang='lat' dir='ltr'><strong>respondet.</strong></span> 
     </span>
    </p>
   </div>
   <div class='ocr_carea' id='block_1_11' title="bbox 1246 4611 1368 4676">
    <p class='ocr_par' dir='ltr' id='par_1_14' title="bbox 1246 4611 1368 4676">
     <span class='ocr_line' id='line_1_78' title="bbox 1246 4611 1368 4676; baseline -0.016 -14"><span class='ocrx_word' id='word_1_741' title='bbox 1246 4611 1305 4676; x_wconf 76' lang='lat' dir='ltr'><strong>Gap.</strong></span> <span class='ocrx_word' id='word_1_742' title='bbox 1324 4611 1368 4660; x_wconf 91' lang='lat' dir='ltr'><strong>lll.</strong></span> 
     </span>
    </p>
   </div>
   <div class='ocr_carea' id='block_1_12' title="bbox 914 4755 1700 4818">
    <p class='ocr_par' dir='ltr' id='par_1_15' title="bbox 914 4755 1700 4818">
     <span class='ocr_line' id='line_1_79' title="bbox 914 4755 1700 4818; baseline -0.011 -8"><span class='ocrx_word' id='word_1_743' title='bbox 914 4760 1081 4818; x_wconf 76' lang='lat' dir='ltr'><strong>Cogitationem</strong></span> <span class='ocrx_word' id='word_1_744' title='bbox 1100 4759 1127 4804; x_wconf 87' lang='lat' dir='ltr'><strong>ad</strong></span> <span class='ocrx_word' id='word_1_745' title='bbox 1147 4771 1214 4804; x_wconf 84' lang='lat' dir='ltr'><strong>usum</strong></span> <span class='ocrx_word' id='word_1_746' title='bbox 1230 4761 1361 4805; x_wconf 84' lang='lat' dir='ltr'><strong>translatam</strong></span> <span class='ocrx_word' id='word_1_747' title='bbox 1381 4757 1469 4803; x_wconf 82' lang='lat' dir='ltr'><strong>consilii</strong></span> <span class='ocrx_word' id='word_1_748' title='bbox 1484 4768 1532 4804; x_wconf 86' lang='grc' dir='ltr'>εεεε</span> <span class='ocrx_word' id='word_1_749' title='bbox 1551 4755 1700 4815; x_wconf 81' lang='lat' dir='ltr'><strong>principium.</strong></span> 
     </span>
    </p>
   </div>
   <div class='ocr_carea' id='block_1_13' title="bbox 914 4904 1700 5066">
    <p class='ocr_par' dir='ltr' id='par_1_16' title="bbox 914 4904 1700 5066">
     <span class='ocr_line' id='line_1_80' title="bbox 945 4904 1700 4976; baseline -0.012 -13"><span class='ocrx_word' id='word_1_750' title='bbox 945 4911 1081 4964; x_wconf 77' lang='lat' dir='ltr'><strong>consilium</strong></span> <span class='ocrx_word' id='word_1_751' title='bbox 1097 4910 1172 4976; x_wconf 89' lang='lat' dir='ltr'><strong>igitur</strong></span> <span class='ocrx_word' id='word_1_752' title='bbox 1185 4923 1260 4960; x_wconf 84' lang='lat' dir='ltr'><strong>causa</strong></span> <span class='ocrx_word' id='word_1_753' title='bbox 1274 4911 1299 4960; x_wconf 93' lang='grc' dir='ltr'>ει</span> <span class='ocrx_word' id='word_1_754' title='bbox 1309 4907 1456 4973; x_wconf 88' lang='lat' dir='ltr'><strong>principium</strong></span> <span class='ocrx_word' id='word_1_755' title='bbox 1471 4904 1576 4957; x_wconf 87' lang='lat' dir='ltr'><strong>actionis</strong></span> <span class='ocrx_word' id='word_1_756' title='bbox 1585 4905 1623 4955; x_wconf 89' lang='lat' dir='ltr'>est</span> <span class='ocrx_word' id='word_1_757' title='bbox 1636 4921 1642 4952; x_wconf 78' lang='grc' dir='ltr'>ε</span> <span class='ocrx_word' id='word_1_758' title='bbox 1655 4915 1700 4954; x_wconf 81' lang='lat' dir='ltr'>nea</span> 
     </span>
     <span class='ocr_line' id='line_1_81' title="bbox 914 4992 1697 5066; baseline -0.014 -12"><span class='ocrx_word' id='word_1_759' title='bbox 914 5007 996 5054; x_wconf 87' lang='lat' dir='ltr'><strong>tamen</strong></span> <span class='ocrx_word' id='word_1_760' title='bbox 1014 5015 1090 5053; x_wconf 82' lang='lat' dir='ltr'><strong>causa</strong></span> <span class='ocrx_word' id='word_1_761' title='bbox 1107 5001 1221 5066; x_wconf 86' lang='lat' dir='ltr'><strong>princeps</strong></span> <span class='ocrx_word' id='word_1_762' title='bbox 1242 5015 1248 5048; x_wconf 78' lang='lat' dir='ltr'>z</span> <span class='ocrx_word' id='word_1_763' title='bbox 1268 4997 1432 5063; x_wconf 87' lang='lat' dir='ltr'><strong>nequeenim</strong></span> <span class='ocrx_word' id='word_1_764' title='bbox 1444 4995 1541 5047; x_wconf 81' lang='lat' dir='ltr'><strong>consilii</strong></span> <span class='ocrx_word' id='word_1_765' title='bbox 1555 4994 1635 5060; x_wconf 84' lang='lat' dir='ltr'><strong>gratia</strong></span> <span class='ocrx_word' id='word_1_766' title='bbox 1645 4992 1697 5057; x_wconf 89' lang='lat' dir='ltr'><strong>agi-</strong></span> 
     </span>
    </p>
   </div>
   <div class='ocr_carea' id='block_1_14' title="bbox 86 5109 1692 5140">
    <p class='ocr_par' dir='ltr' id='par_1_17' title="bbox 86 5109 1692 5140">
     <span class='ocr_line' id='line_1_82' title="bbox 86 5109 1692 5140; baseline 0.002 -17"><span class='ocrx_word' id='word_1_767' title='bbox 86 5109 1692 5140; x_wconf 49' lang='grc' dir='ltr'>,Μ</span> 
     </span>
    </p>
   </div>
   <div class='ocr_carea' id='block_1_15' title="bbox 81 5147 1697 5326">
    <p class='ocr_par' dir='ltr' id='par_1_18' title="bbox 81 5147 1697 5326">
     <span class='ocr_line' id='line_1_83' title="bbox 113 5147 1697 5262; baseline -0.006 -18"><span class='ocrx_word' id='word_1_768' title='bbox 113 5193 196 5260; x_wconf 75' lang='lat' dir='ltr'><strong>*Gap</strong></span> <span class='ocrx_word' id='word_1_769' title='bbox 212 5201 235 5246; x_wconf 82' lang='lat'>2.</span> <span class='ocrx_word' id='word_1_770' title='bbox 249 5197 311 5262; x_wconf 85' lang='grc' dir='ltr'>Τρία</span> <span class='ocrx_word' id='word_1_771' title='bbox 327 5199 348 5247; x_wconf 87' lang='grc' dir='ltr'>δ’</span> <span class='ocrx_word' id='word_1_772' title='bbox 360 5197 426 5248; x_wconf 77' lang='grc' dir='ltr'>ἔστιν</span> <span class='ocrx_word' id='word_1_773' title='bbox 440 5147 465 5248; x_wconf 84' lang='grc' dir='ltr'>ἔν</span> <span class='ocrx_word' id='word_1_774' title='bbox 483 5203 512 5259; x_wconf 81' lang='grc' dir='ltr'>τῇ</span> <span class='ocrx_word' id='word_1_775' title='bbox 529 5199 595 5260; x_wconf 71' lang='grc' dir='ltr'>ψυχῇ</span> <span class='ocrx_word' id='word_1_776' title='bbox 607 5195 661 5245; x_wconf 86' lang='grc' dir='ltr'>κτλ.</span> <span class='ocrx_word' id='word_1_777' title='bbox 676 5217 709 5238; x_wconf 72' lang='grc' dir='ltr'>-ι</span> <span class='ocrx_word' id='word_1_778' title='bbox 723 5194 753 5226; x_wconf 77' lang='lat'>*⁴¹</span> <span class='ocrx_word' id='word_1_779' title='bbox 766 5193 838 5248; x_wconf 83' lang='grc' dir='ltr'>Ἔστι</span> <span class='ocrx_word' id='word_1_780' title='bbox 852 5195 872 5243; x_wconf 85' lang='grc' dir='ltr'>δ’</span> <span class='ocrx_word' id='word_1_781' title='bbox 889 5195 949 5254; x_wconf 82' lang='grc' dir='ltr'>ὅπερ</span> <span class='ocrx_word' id='word_1_782' title='bbox 964 5191 988 5242; x_wconf 86' lang='grc' dir='ltr'>ἐν</span> <span class='ocrx_word' id='word_1_783' title='bbox 1005 5190 1102 5256; x_wconf 71' lang='grc' dir='ltr'>διανοίη</span> <span class='ocrx_word' id='word_1_784' title='bbox 1114 5191 1250 5254; x_wconf 73' lang='grc' dir='ltr'>κατάφασις</span> <span class='ocrx_word' id='word_1_785' title='bbox 1271 5190 1323 5240; x_wconf 90' lang='grc' dir='ltr'>κτλ.</span> <span class='ocrx_word' id='word_1_786' title='bbox 1341 5211 1373 5226; x_wconf 91' lang='lat'>-·</span> <span class='ocrx_word' id='word_1_787' title='bbox 1387 5187 1432 5256; x_wconf 50' lang='lat' dir='ltr'>*f*</span> <span class='ocrx_word' id='word_1_788' title='bbox 1453 5187 1501 5248; x_wconf 83' lang='grc' dir='ltr'>Τῆς</span> <span class='ocrx_word' id='word_1_789' title='bbox 1513 5187 1540 5237; x_wconf 81' lang='grc' dir='ltr'>δὲ</span> <span class='ocrx_word' id='word_1_790' title='bbox 1552 5187 1697 5255; x_wconf 86' lang='grc' dir='ltr'>θεωρητικῆς</span> 
     </span>
     <span class='ocr_line' id='line_1_84' title="bbox 81 5265 274 5326; baseline 0.031 -13"><span class='ocrx_word' id='word_1_791' title='bbox 81 5265 204 5326; x_wconf 86' lang='grc' dir='ltr'>διανοίας,</span> <span class='ocrx_word' id='word_1_792' title='bbox 221 5271 274 5319; x_wconf 85' lang='grc' dir='ltr'>κτλ.</span> 
     </span>
    </p>
   </div>
   <div class='ocr_carea' id='block_1_16' title="bbox 176 5367 388 5407">
    <p class='ocr_par' dir='ltr' id='par_1_19' title="bbox 176 5367 388 5407">
     <span class='ocr_line' id='line_1_85' title="bbox 176 5367 388 5407; baseline 0.014 -3"><span class='ocrx_word' id='word_1_793' title='bbox 176 5370 242 5405; x_wconf 68' lang='lat' dir='ltr'><strong>ruti„</strong></span> <span class='ocrx_word' id='word_1_794' title='bbox 258 5367 336 5407; x_wconf 71' lang='lat' dir='ltr'>dnm.</span> <span class='ocrx_word' id='word_1_795' title='bbox 354 5369 388 5407; x_wconf 69' lang='grc' dir='ltr'><strong>ΙΙΙ.</strong></span> 
     </span>
    </p>
   </div>
   <div class='ocr_carea' id='block_1_17' title="bbox 0 0 1946 5954">
    <p class='ocr_par' dir='ltr' id='par_1_20' title="bbox 0 0 1946 5954">
     <span class='ocr_line' id='line_1_86' title="bbox 0 0 1946 5954; baseline 0 7"><span class='ocrx_word' id='word_1_796' title='bbox 0 0 1946 5954; x_wconf 95' lang='lat' dir='ltr'> </span> 
     </span>
    </p>
   </div>
  </div>
 </body>
</html>
