3934 5956
798 391 1043 456 FRAGMENTA.
1674 403 1734 464 289

128 519 250 604 γράφειθ
268 521 404 600 Εὔδημος,
421 519 445 581 oi
463 520 512 598 μὲν
524 520 621 596 Τόπον,
635 520 659 580 oi
673 519 701 580 δέ
719 521 839 602 lipdrot'²
858 547 908 584 κα·
955 525 1054 598 Χθονίη
1067 517 1098 598 ἦν
1107 525 1128 604 ).
1142 524 1240 598 Χθονίη
1256 525 1283 585 δέ
1294 524 1376 603 ὄνομα
1386 526 1486 604 ἐγένετο
1498 528 1551 607 Γῆ,
1564 529 1652 604 ἐπειδὴ
1668 533 1734 605 αὐτῆ

128 611 245 672 λοῦσιτθ
260 608 434 684 νοητθνάπαν
448 609 494 669 καί
507 608 538 668 τθ
555 608 709 688 ἡνωμένον,
728 611 755 680 li
769 602 798 671 οδ
813 613 909 694 διακρι-
956 615 1019 682 Ζεθς
1033 614 1111 694 γέρας
1127 615 1200 673 διδοῖ.
1242 614 1313 674 Vide
1334 635 1399 693 ques
1414 616 1513 676 notavi
1528 617 1565 676 ad
1589 598 1733 697 Empedo'·

128 705 205 774 θῆναι
225 698 312 771 ἢθεθν
333 699 494 778 ἀγαθὸνκαὶ
518 697 629 777 δαίμονα
644 697 771 772 κακόν,θ
792 704 846 780 φῶς
864 701 910 760 καὶ
955 702 1005 760 clis
1024 719 1139 761 versum
1160 722 1197 760 aa
1218 700 1267 762 ἔνθ’
1290 693 1359 774 ἦσαν
1380 703 1477 775 Χθονίη
1503 727 1532 764 τε
1556 703 1602 762 καί
1617 703 1733 780 Ἡλιόπη

127 788 218 858 σκότος
235 787 287 869 πρθ
306 787 420 861 τοότων,
441 789 476 854 ὡς
502 785 689 864 ἔνίουςλέγιιν.
731 777 908 848 Οθτοιδοθν
954 792 1085 857 ταναῶπις
1099 791 1130 848 in
1150 791 1226 851 Plril.
1242 791 1335 855 Graec.
1355 790 1468 868 Fragm.
1485 791 1617 870 vollp.
1634 813 1668 850 οι
1687 795 1732 852 Cf.

125 878 171 939 καί
192 878 266 938 αὐτοὶ
289 877 357 957 μετὰ
372 877 421 948 τὴν
441 875 589 958 ἀδιάκριτον
607 875 683 958 φύσιν
708 877 907 958 διακρινομένην
954 877 1083 936 Slurzius
1097 879 1133 938 de
1148 879 1316 957 Pherecyde
1330 901 1359 959 p.
1372 889 1409 949 lo
1424 900 1506 958 seqq.
1524 909 1561 926 -
1573 881 1588 916 ¹
1601 887 1646 940 τοῦ
1669 885 1733 942 ἑαυ-

125 972 229 1028 ττοιοῦσι
244 967 292 1040 τὴν
312 965 401 1037 διττὴν
417 965 569 1046 συστοιχίαν
593 969 645 1024 τῶν
660 964 813 1044 κρειττόνων
824 975 847 1044 ⁰,
862 971 908 1039 τῆς
953 974 997 1027 τοῦ
1007 968 1100 1048 γόνου]
1117 970 1206 1046 vulgo
1215 975 1260 1029 τοῦ
1273 969 1348 1048 γόνου
1361 974 1464 1032 ἑαυτοῦ.
1480 969 1732 1054 -Ῑπιντάμυχον]

127 1055 175 1134 μὲν
191 1055 311 1134 ἡγεῖσθαι
322 1053 367 1114 τδν
379 1051 564 1132 Ὠρομάσδην,
582 1057 628 1125 τῆς
640 1051 668 1111 δὲ
678 1052 721 1112 τθν
732 1053 905 1133 Ἀρειμάνιον.
953 1055 1019 1115 libri
1034 1058 1208 1138 πεντέμυχον.
1231 1059 1288 1117 Sed
1302 1061 1395 1120 variat
1410 1079 1485 1138 saepe
1499 1060 1585 1118 leclio
1598 1063 1683 1119 eliam
1703 1063 1734 1121 in

165 1143 289 1206 Σιδώνιοι
303 1143 331 1204 δὲ
345 1143 415 1201 κατὰ
436 1141 482 1200 τθν
503 1141 581 1201 ciris
599 1141 750 1223 συγγραφέα
761 1142 822 1222 περὶ
836 1143 905 1203 ποίν-
952 1147 1014 1205 aliis
1030 1147 1201 1221 vocabulis,
1226 1167 1318 1225 quum
1341 1150 1507 1228 promiscue
1529 1151 1732 1230 πενταδραχμία

124 1256 176 1292 των
200 1232 301 1313 Χρόνον
325 1231 491 1291 ὑποτίθενται
511 1229 557 1289 καί
572 1230 657 1289 Πόθον
680 1232 725 1290 καί
750 1230 905 1312 Ὁμίχλην,
951 1234 1181 1314 οεπεντεδραχμία
1193 1235 1305 1293 dicatur
1315 1249 1343 1294 et
1354 1237 1428 1295 illud
1438 1237 1554 1314 quidem
1568 1235 1732 1316 Xenophon

125 1321 213 1382 Πόθου
238 1320 264 1378 tl
282 1319 327 1379 καί
350 1317 483 1397 Ὁμίχλης
507 1317 635 1398 μιγέντων
659 1321 694 1386 ὡς
718 1319 787 1378 δυεῖν
809 1321 905 1402 άρχαῖν
951 1321 1065 1382 Hellen.
1081 1323 1104 1394 l,
1118 1325 1148 1397 6,
1167 1344 1215 1395 ιο,
1231 1323 1371 1383 hocvero
1385 1325 1549 1383 Dinarchus
1564 1339 1665 1384 contra
1677 1327 1732 1385 De·

124 1409 202 1490 Ἀέρα
215 1408 334 1488 γενέσθαι
357 1407 401 1466 καί
419 1405 529 1488 Aipora,
558 1405 623 1488 ἀέρα
645 1405 691 1483 μὲν
716 1405 830 1486 ἄκρατον
858 1413 905 1468 τοῦ
951 1411 1129 1470 mosthenem
1144 1411 1181 1470 56
1197 1413 1338 1490 posuerit.
1356 1415 1392 1469 At
1404 1433 1467 1471 eam
1482 1433 1568 1490 quam
1580 1414 1657 1472 edidi
1672 1415 1732 1474 sor-

124 1503 220 1572 νοητοῦ
232 1498 453 1579 παραδηλοῦντες,
469 1494 552 1576 αὔραν
568 1494 595 1554 δὲ
604 1496 634 1555 τθ
648 1496 674 1565 ἐξ
691 1497 769 1556 αὐτοῦ
784 1497 905 1574 κινούμε-
950 1519 1026 1558 mam
1056 1501 1166 1560 Graecis
1202 1501 1381 1559 usitatiorem
1412 1489 1499 1560 luisse
1532 1515 1654 1561 constat.
1692 1537 1732 1550 -

123 1609 169 1647 νον
192 1591 237 1644 τοῦ
251 1590 344 1658 νοητοῦ
364 1583 471 1654 ζωτικὸν
493 1583 670 1664 προτθπωμα.
714 1585 848 1648 illinit
875 1588 905 1645 ἐκ
950 1596 971 1622 ¹¹¹
996 1589 1194 1668 πεντάκοσμον]
1220 1589 1290 1648 libri
1315 1588 1499 1666 πεντέκοσμον.
1525 1623 1564 1636 -
1577 1599 1591 1626 ¹²
1612 1590 1729 1670 Χρόνον]

123 1673 223 1733 τοότων
239 1674 335 1754 ἀμφοῖν
350 1664 440 1756 Ὦτον,
452 1678 608 1752 γεννηθῆναι
633 1675 702 1734 κατὰ
720 1673 764 1733 τόν
780 1679 849 1749 νοῦν,
863 1669 904 1734 ol·
950 1679 1039 1755 vulgo
1050 1678 1204 1758 Χρόνοι.-
1214 1676 1386 1756 οσυστοιχίοιν
1396 1681 1448 1736 τῶν
1457 1676 1610 1757 κρειττόνων
1621 1675 1632 1759 ]
1644 1679 1728 1741 codd.

123 1785 182 1838 μοι,
193 1763 239 1822 τὸν
252 1761 354 1834 νοητόν.
397 1761 444 1830 Ὡς
455 1761 482 1821 δὲ
497 1761 589 1831 ἔξωθεν
607 1761 733 1838 Εὐδάμου
747 1761 795 1834 τὴν
811 1762 905 1826 Φοινί-
950 1765 1091 1845 συστοιχὴν
1107 1769 1158 1834 τῶς
1170 1766 1335 1844 κρειττόνων.
1349 1771 1411 1812 -θ
1422 1765 1563 1842 ἐξήνεγκαν
1576 1769 1628 1825 τῶν
1642 1769 1731 1847 ἀρχῶν

121 1875 174 1912 κων
200 1850 356 1931 εὑρίσκομεν
371 1850 440 1910 κατθι
463 1854 562 1931 Μῶχον
586 1849 853 1933 μυθολογίαν,λθθὴρ
871 1845 904 1927 ἦν
950 1852 998 1927 τὴν
1019 1853 1162 1936 ἀλήθειαν]
1178 1854 1248 1913 libri
1270 1854 1408 1932 ἐξήνεγκαν
1430 1855 1515 1912 αὐτῶν
1530 1853 1578 1925 τὴν
1594 1855 1728 1926 ἀλήθειαν.

121 1940 152 1998 τθ
166 1943 271 2021 πρῶτον
288 1939 335 1999 καί
353 1937 416 2019 Ἀήρ
431 1941 458 1999 οιί
471 1939 517 1998 δύο
529 1929 607 1998 οὗτοι
623 1938 715 2018 ἀρχαί.
993 1961 1045 2002 tls.
1059 1941 1237 2020 Ἀριστοτέλης
1254 1941 1281 2000 δὲ
1295 1945 1322 2001 έν
1337 1943 1376 2021 τῷ
1390 1940 1488 2022 πρώτῳ
1502 1940 1562 2019 περί
1580 1941 1732 2023 φιλοσοφίας

164 2029 318 2108 Αἰγυπτίων
330 2026 357 2086 δί
371 2025 444 2103 θμθν
459 2025 581 2104 Εὔδημος
593 2026 666 2086 οὐδὲν
678 2025 783 2106 άκριὸὲς
795 2027 902 2106 ἱστορεῖ,
952 2029 997 2090 καί
1016 2029 1208 2110 πρεσὸυτέρους
1222 2019 1289 2090 είναι
1303 2031 1354 2088 τῶν
1376 2028 1538 2106 Αἰγυπτίων,
1554 2029 1655 2090 καὶδύο
1669 2036 1729 2090 κατ’

124 2136 148 2178 οι
159 2115 340 2196 ‘dliii-pirrum
350 2115 408 2175 καθ’
418 2119 488 2192 ἡμᾶς
502 2114 639 2197 φιλόσοφοι
650 2113 782 2194 γεγονότες
797 2113 903 2190 έξήνεγ-
951 2117 1045 2186 αὐτοὺς
1066 2108 1133 2178 εἶναι
1153 2117 1250 2198 ἀρχάς,
1271 2116 1367 2195 ιἰγαθθν
1382 2116 1493 2193 δαίμονα
1508 2117 1553 2176 καλ
1573 2118 1654 2178 κακὸν
1673 2117 1730 2180 δαί·

124 2228 174 2264 κσν
189 2210 240 2265 τῶν
254 2206 343 2284 ἀρχῶν
353 2210 368 2249 Ρ
380 2201 427 2274 τὴν
440 2201 564 2275 ἀλήθειαν
583 2201 768 2284 κεκρυμμένην
787 2201 904 2284 εὑρόντες
953 2230 1034 2283 μονα·
1050 2207 1095 2265 καί
1109 2211 1147 2287 τῷ
1158 2205 1205 2284 μέν
1216 2205 1298 2279 όνομα
1311 2195 1377 2264 εἶναι
1394 2204 1460 2272 Ζεὺς
1480 2205 1525 2264 κοιλ
1544 2204 1713 2285 Ὠρομάσδης
1722 2253 1732 2282 ,

123 2291 430 2371 scripturientium
447 2291 543 2372 λόγοις.
950 2296 988 2374 τῷ
1007 2293 1034 2352 δὲ
1048 2294 1138 2366 Ἀιδης
1158 2292 1204 2352 καί
1225 2291 1397 2370 Ἀρειμάνιος.
1439 2291 1515 2363 Φησί
1534 2289 1561 2350 δέ
1582 2298 1666 2352 ταῦτα
1685 2295 1732 2355 καί

165 2381 356 2461 (Damascius
370 2380 407 2438 de
421 2380 525 2458 primis
539 2378 694 2458 principiis
704 2397 772 2458 pag.
786 2379 843 2436 382
854 2378 900 2438 ed.
949 2379 1104 2461 Ἕρμιππος
1124 2385 1151 2440 έν
1163 2384 1200 2461 τῷ
1213 2379 1311 2460 πρώτῳ
1324 2379 1385 2460 περί
1399 2380 1499 2455 Μάγων
1516 2378 1561 2438 καί
1578 2378 1690 2448 Εὔδοξος
1705 2385 1731 2441 έν

123 2471 220 2551 Κορρ.
230 2469 462 2548 Scripsi‘spo'rtov
470 2467 528 2527 τινθι
536 2467 617 2548 κατθ]
625 2469 709 2528 codd.
719 2467 813 2545 τρόπον
823 2466 902 2528 κατὰ.
952 2475 986 2551 τῇ
1000 2469 1120 2550 Περιόδῳ
1130 2469 1176 2530 καὶ
1190 2469 1348 2543 Θεόπομπος
1363 2471 1389 2527 έν
1402 2473 1435 2547 τῇ
1448 2467 1526 2547 ὀγδόῃ
1539 2471 1589 2527 τῶν
1602 2471 1734 2530 (brim.

123 2589 163 2604 -
178 2560 192 2595 ¹²
205 2554 327 2638 ἵστησιν]
343 2557 432 2633 vulgo
445 2553 569 2627 ίστησάν.
590 2565 652 2602 „a
667 2554 751 2637 ῥέζοι]
766 2576 832 2615 cum
848 2555 904 2614 Da·
950 2561 1019 2636 κῶν,
1030 2557 1057 2626 θς
1071 2558 1116 2617 καί
1126 2557 1321 2618 άναάιώσεσθαι
1331 2555 1401 2616 κατὰ
1412 2554 1590 2635 τοθςΜάγους
1600 2556 1734 2638 φησὶτοθς

123 2647 229 2708 mascii
244 2646 338 2724 codd;
353 2645 423 2723 ἔρδοι
433 2665 501 2724 pars
513 2644 659 2704 librorum
684 2645 804 2703 Homeri
819 2644 902 2706 lliad.
951 2646 1101 2727 ἀνθρώπους
1115 2645 1159 2705 καί
1167 2645 1272 2706 ἔσεσθαι
1283 2645 1426 2712 ἀθανάτους
1434 2644 1480 2705 καλ
1493 2643 1527 2704 ab
1537 2643 1599 2704 όντα
1613 2645 1671 2713 ταῖς
1680 2647 1730 2706 αθ-

122 2735 200 2810 xlv,
216 2739 285 2795 261.
308 2731 368 2780 -d
380 2732 480 2806 ταύτην
495 2731 522 2790 δὲ
536 2730 584 2804 τὴν
605 2731 729 2812 πρώτην]
750 2732 835 2793 codd.
858 2730 905 2805 τὴν
951 2737 1003 2794 τῶν
1019 2732 1173 2806 ἐπικλήσεσι
1187 2735 1328 2812 διαμενεῖν.
1371 2735 1463 2795 Ταῦτα
1477 2733 1505 2792 δέ
1522 2733 1566 2792 καί
1584 2731 1731 2812 Εὔδημοςθ

123 2825 150 2885 δὲ
164 2825 212 2896 τὴν
223 2824 341 2906 πρώτην.
361 2855 402 2868 -
415 2830 426 2858 ⁸
437 2821 535 2892 ταύτην
548 2821 576 2879 δέ
590 2821 636 2881 καί
646 2819 804 2902 Τάρταρον]
817 2821 903 2880 codd.
951 2821 1052 2889 Ῥόδιος
1065 2825 1173 2902 ἱστορεῖ.

124 2913 171 2987 fla
189 2914 216 2974 δὲ
237 2912 286 2972 καί
297 2911 447 2992 Τάρταρον.
460 2909 523 2958 -ί
537 2911 800 2990 παρακεκινημένον]
815 2910 905 2986 vulgo
991 2913 1150 2989 (Diogenes
1162 2911 1294 2969 Labrtius
1311 2910 1363 2969 lib.
1379 2913 1404 2987 l,
1420 2929 1451 2987 9.
1469 2911 1609 2969 Caeterum
1619 2909 1731 2969 Eudoxi

122 2999 453 3082 παροικεκινημόνου,-8
468 2997 730 3077 μὲνόντλάπειρίας]
754 2997 840 3058 codd.
857 2996 904 3072 μὲν
950 2999 1036 3072 liber,
1066 3019 1152 3076 quem
1174 2999 1224 3058 hic
1249 2999 1418 3077 simpliciter
1446 2996 1571 3078 Περίοδον
1604 2999 1733 3058 uominol

124 3090 254 3170 ἀπειρίας.
275 3092 349 3136 -λ
377 3087 560 3167 καλέσαντας]
588 3087 660 3146 libri
679 3085 841 3147 καλέσαντα.
866 3119 905 3133 -
951 3089 1106 3164 Diogenes,
1118 3089 1172 3157 Γῆς
1186 3086 1304 3166 περίοδος
1314 3086 1538 3147 inscribebatur.
1578 3085 1651 3146 Vide
1664 3105 1734 3146 eun·

123 3180 216 3251 1Ζῆνα
226 3178 273 3256 μὲν
283 3169 370 3260 εἶναι]
384 3198 400 3237 e
415 3178 523 3256 Koppii
536 3175 722 3254 conjectura3
736 3175 807 3234 libri
820 3177 904 3244 ζῶντα
951 3176 1017 3234 dem
1028 3175 1082 3237 lib.
1100 3174 1176 3246 Vlll,
1193 3195 1231 3252 90
1249 3189 1277 3234 et
1290 3174 1333 3234 ibi
1346 3175 1532 3252 Menagium.)

124 3268 240 3348 μενίναι.
282 3269 423 3329 Similiter
434 3266 579 3344 Diogenes
593 3265 726 3325 Laertius
741 3264 766 3338 l,
782 3285 836 3340 119
847 3263 904 3324 τό·
993 3284 1061 3340 119‘·
1075 3263 1232 3336 Caeterum,
1246 3263 1435 3341 quamobrem
1452 3263 1593 3341 plurimos
1609 3261 1671 3340 jam
1687 3262 1732 3340 pi-

124 3363 199 3428 ζεται
214 3355 242 3416 δὲ
256 3363 302 3418 τοῦ
316 3358 415 3438 Συρίου
426 3355 457 3415 τό
469 3379 498 3414 τε
515 3353 616 3435 βιβλίον
631 3353 646 3412 θ
660 3353 772 3432 σονέγρα
794 3376 832 3426 εν,
848 3345 903 3426 olli
953 3371 1016 3412 aces
1031 3352 1231 3430 cognoverim,
1245 3352 1426 3430 quorundam
1438 3351 1532 3411 adbuc
1546 3352 1659 3410 nescius
1672 3369 1735 3410 esst·

122 3445 210 3526 ἀρχή·
222 3444 289 3512 Zeis
303 3443 350 3524 μὲν
360 3445 405 3504 καί
417 3441 514 3524 Χρόνος
526 3444 563 3509 εἰς
574 3441 614 3501 ἀτί
625 3440 671 3500 καί
684 3439 762 3502 Χθὼν
772 3356 816 3511 lv.
832 3440 901 3518 (leg.
950 3441 1060 3517 nolim,
1076 3442 1167 3502 discat
1177 3440 1319 3515 AEmilius,
1333 3441 1472 3520 quoniam
1485 3459 1580 3518 usque
1600 3439 1674 3498 adeo
1686 3459 1732 3498 re·

121 3665 207 3718 silium
219 3664 297 3716 luisse
314 3663 415 3724 Belum,
431 3676 508 3728 quem
526 3660 615 3713 mundi
631 3661 743 3726 opitlcem
760 3673 815 3712 esse
828 3660 906 3712 aiunt.
954 3663 1068 3713 narseus
1086 3661 1236 3726 reperimus,
1261 3662 1349 3714 AEtber
1373 3661 1482 3726 primum
1502 3661 1528 3714 et
1550 3661 1599 3710 Aer
1615 3657 1666 3709 duo
1681 3657 1736 3707 heac

156 3753 223 3819 Περὶ
237 3756 322 3804 autem
333 3755 359 3805 et
371 3754 453 3803 totum
469 3750 533 3802 illud
551 3750 660 3801 militare
677 3763 767 3815 genus,
786 3748 908 3815 quemad·
953 3749 1074 3816 principia
1083 3749 1193 3802 suerum.

123 3839 231 3891 modum
246 3839 330 3891 ethos
341 3837 468 3891 Eudemus
481 3837 581 3898 scribit,
594 3836 686 3902 partim
707 3836 835 3901 Spatium,
853 3849 900 3902 par
984 3839 1097 3904 Denique
1111 3837 1143 3890 de
1156 3836 1327 3903 AEgypllorum
1338 3834 1494 3901 opinionibus
1508 3832 1570 3885 nibil
1581 3832 1735 3898 exploratum

123 3928 172 3980 tim
190 3930 299 3994 Tempus
321 3941 419 3980 omnem
442 3925 622 3990 intelligibilem
636 3927 663 3976 et
679 3925 775 3975 unitam
794 3926 909 3976 naturam
954 3926 1085 3992 perscribit
1095 3925 1236 3988 Eudemum
1254 3923 1298 3976 sed
1314 3923 1424 3989 AEgyptil
1441 3924 1527 3974 nostro
1543 3933 1611 3972 more
1626 3920 1736 3987 philoso-

125 4015 265 4082 appellant,
288 4031 302 4067 a
320 4029 371 4082 qua
386 4017 528 4080 separatum
546 4027 601 4067 esse
616 4012 657 4064 rel
678 4012 753 4064 deum
770 4012 863 4063 bouum
884 4014 909 4063 el
954 4013 1024 4079 photi
1036 4027 1115 4079 quum
1127 4012 1304 4078 principiorum
1320 4011 1453 4065 veritatem
1470 4010 1497 4062 in
1509 4009 1660 4076 AEgyptiacis
1677 4007 1736 4075 qui·

125 4100 226 4166 senium
240 4097 620 4161 mnum‚vuant000s1uoem
634 4097 660 4149 et
674 4096 910 4160 tenebronuorun-
954 4101 1061 4154 ωωοο
1070 4099 1481 4163 ulnsuvsnussnt,0cm1utm
1500 4099 1641 4163 vulgarunt.

126 4188 187 4240 dam
199 4189 282 4256 opinio
295 4191 341 4240 est.
357 4187 391 4240 lli
402 4187 480 4254 igitur
496 4189 521 4239 et
534 4185 582 4251 ipsi
598 4188 655 4252 post
675 4184 834 4236 indiscretam
851 4197 910 4249 pro-
990 4193 1042 4241 ειν.
1059 4189 1182 4254 AEgyptiis
1197 4202 1256 4241 vero
1272 4187 1424 4256 antiquiores
1444 4201 1498 4240 esse
1509 4200 1606 4253 magos,
1620 4186 1737 4238 nnstote·

125 4277 224 4344 geniem
239 4276 372 4328 discretam
388 4274 483 4327 tanum
496 4275 620 4340 duplicem
636 4275 757 4325 bonorum
774 4271 910 4323 malorum·
954 4280 992 4332 les
1003 4282 1090 4332 auctor
1101 4281 1177 4332 estin
1189 4281 1270 4346 primo
1281 4279 1314 4332 de
1328 4279 1484 4346 philosophia
1497 4278 1575 4339 libro,
1588 4277 1688 4344 duoque
1705 4277 1737 4328 de

125 4379 178 4432 que
191 4365 317 4431 geniorum
331 4363 456 4425 sobolem,
466 4366 542 4430 atque
555 4362 624 4414 illius
636 4361 738 4427 quidem
748 4359 908 4420 Oromesden
954 4365 1054 4417 illomm
1065 4366 1186 4419 malentis
1197 4380 1251 4418 esse
1264 4367 1398 4433 principia,
1416 4371 1471 4419 tum
1489 4367 1595 4428 bouum,
1611 4369 1666 4418 tum
1681 4379 1736 4416 ma-

125 4455 206 4519 hujus
216 4467 277 4506 vero
287 4452 441 4506 bimanlm
455 4451 545 4504 durem
559 4464 613 4502 esse
624 4449 783 4503 arbitrentur.
955 4453 1008 4504 lum
1037 4454 1147 4518 genium.
1172 4457 1266 4507 tiorum
1287 4454 1394 4508 alterum
1415 4459 1502 4508 lovem
1522 4458 1548 4507 et
1570 4452 1734 4514 Ommasden‚

160 4543 285 4596 θειοτοιιι
305 4541 399 4596 Sidonii
418 4541 491 4607 inito
509 4539 616 4592 eundem
637 4539 783 4604 scriptorem
796 4537 911 4589 omuibus
955 4542 1062 4594 alterum
1083 4546 1176 4596 Orcum
1196 4545 1222 4594 et
1247 4543 1400 4595 Arimanium
1422 4542 1548 4609 appellari.
1576 4540 1649 4599 Quod
1670 4541 1735 4590 ller-

126 4634 278 4702 prupourmt
291 4635 415 4698 Tempus,
432 4629 577 4696 cupidinem
596 4631 622 4681 et
639 4628 775 4688 Nebulam,
792 4625 911 4692 cupidine
955 4631 1054 4697 mippus
1065 4644 1165 4697 quoque
1177 4631 1203 4682 in
1218 4631 1297 4696 primo
1310 4632 1342 4684 de
1356 4632 1435 4696 Magis
1450 4632 1501 4692 alt,
1522 4633 1597 4696 atque
1617 4627 1737 4679 Eudoxus

127 4725 215 4774 eutem
235 4723 261 4772 et
287 4720 385 4774 Nebula
412 4722 533 4786 tanquam
554 4718 653 4770 duobus
677 4717 804 4784 principiis
825 4715 912 4767 mixtis
954 4719 982 4770 in
1000 4721 1083 4770 Terre
1100 4717 1210 4786 ambitu.
1234 4721 1260 4770 et
1281 4719 1455 4785 Theopompus
1473 4721 1562 4770 octavo
1586 4715 1736 4782 Philippico-

128 4815 219 4864 Aerem
235 4811 323 4862 natum
336 4823 391 4862 esse
408 4812 441 4873 et,
454 4811 546 4860 Auram
560 4807 693 4868 affirmant,
708 4809 791 4859 aerem
810 4804 911 4871 quidem
956 4823 1013 4859 rum
1029 4806 1106 4868 libro.
1121 4805 1166 4873 qul
1181 4806 1213 4858 de
1227 4821 1357 4872 magorum
1370 4807 1492 4860 sententia
1510 4806 1543 4858 ad
1562 4805 1640 4858 vitam
1661 4804 1736 4856 eliam

126 4900 266 4952 immunem
279 4901 376 4950 nature
387 4897 550 4961 intelligibilis
561 4896 730 4962 perhibentes.
746 4908 833 4947 auram
852 4907 912 4944 vero
956 4897 1080 4949 redituros
1091 4896 1204 4949 homines
1219 4896 1291 4958 dicit.
1305 4897 1507 4962 immortalesque
1523 4893 1638 4953 futuros,
1652 4896 1677 4945 et
1697 4905 1737 4944 res

128 4987 267 5053 vegetabile
280 4989 378 5039 nature
399 4986 563 5052 intelligibilis
581 4985 707 5051 exemplar
724 4984 757 5036 ab
769 4997 799 5036 eo
816 4985 912 5033 motum
956 5000 1041 5038 omnes
1060 4986 1159 5038 illorum
1176 4985 1358 5052 precationibus
1379 4996 1560 5051 permansuras.
1579 4983 1640 5034 Hoc
1652 4981 1736 5033 liude-

129 5077 292 5128 nomlnanles.
304 5079 401 5129 Itursm
413 5089 445 5128 ex
454 5075 495 5128 bis
511 5075 633 5128 ambobus
648 5077 725 5127 otum
736 5086 790 5126 esse
802 5073 913 5140 genitum
956 5088 1014 5126 mua
1025 5088 1126 5141 quoque
1142 5073 1254 5127 alodius
1269 5074 1355 5128 tradit.

130 5168 232 5232 propter
241 5167 364 5225 mentem,
377 5165 472 5230 opinor,
487 5163 606 5215 divinam.
622 5165 657 5214 ut
674 5165 772 5223 summ,
783 5161 806 5212 si
817 5161 849 5213 ab
864 5163 913 5210 llu-
994 5167 1046 5214 119.
1064 5164 1203 5224 θωιοπιω,
1218 5163 1379 5228 quamobrem
1390 5163 1511 5229 plurimos
1529 5162 1581 5228 lam
1599 5161 1679 5227 pisces
1698 5171 1737 5210 oo·

131 5253 206 5305 θοωο
216 5251 370 5313 boemanis,
380 5252 526 5304 Phoenicum
537 5251 635 5303 tabidas
649 5249 784 5302 secundum
796 5249 913 5301 tiochum
957 5250 1097 5315 gnorertm,
1112 5251 1268 5316 quorundam
1281 5250 1364 5304 adbuc
1374 5249 1472 5304 nescius
1490 5263 1544 5302 esse
1555 5248 1643 5310 robur,
1658 5247 1737 5299 discit

225 5363 291 5403 rma.
307 5361 385 5402 cam.
401 5363 436 5401 ru.
1221 5397 1227 5410 ,
1621 5349 1648 5394 la
