3958 5942
285 360 346 425 ἀλα
794 360 945 422 EUDEMI
967 361 1105 424 salonit
1126 361 1390 425 PElllPATE'l'lGl

286 490 375 572 ὥσπερ
387 490 431 550 καί
443 489 504 570 περί
520 489 627 571 ἀπείρου
640 491 789 571 γνωρίζειν,
802 495 824 551 εί
838 493 907 553 ἔστιν
921 493 938 566 ἢ
952 494 989 572 μή
996 541 1004 570 ,
1018 497 1064 556 καί
1110 497 1165 558 τέτν
1179 495 1230 576 γάρ
1242 496 1272 556 τὸ
1281 496 1353 576 γένος
1367 498 1447 556 αὑτοῦ
1458 497 1570 575 πρῶτον.
1584 495 1743 573 Διαοτήματα
1756 497 1793 576 μὲν
1807 491 1839 558 τόν

288 586 341 649 πῶς
362 583 431 654 ἐστι,
448 581 492 638 καλ
511 579 536 636 τί
557 582 622 639 ἐστι.
637 580 680 640 Τά
700 579 794 662 τεγάρ
809 581 872 642 ὄντα
887 585 981 652 πάντες
1002 588 1066 644 ὑπο-
1109 588 1164 667 ἔχει
1176 588 1255 666 τρία,
1271 593 1353 662 μῆκος
1372 585 1418 644 καί
1430 587 1526 652 πλάτος
1546 585 1590 644 καί
1610 585 1696 664 βάθος,
1710 577 1742 651 οἷς
1754 588 1838 666 ὁρίζεται

285 668 465 745 λαμόάνουσιν
481 657 550 727 εἶναί
567 691 617 726 που
632 667 677 748 (τὸ
689 669 741 749 γάρ
760 671 796 747 μὴ
816 671 844 730 όν
857 675 971 749 οὐδαμοῦ
986 663 1065 733 εἶναι·
1110 681 1188 752 σῶμα
1212 686 1275 736 πᾶν.
1292 675 1429 735 Ἀδύνατον
1452 675 1480 732 δέ
1503 677 1580 750 σῶμα
1600 673 1642 732 τὸν
1661 673 1732 732 τόπον
1745 665 1804 732 εἶναι·
1821 679 1839 732 ἐν

284 762 337 815 παῦ
356 757 406 836 γαρ
419 758 475 815 ἕααῑ
487 757 648 838 τραγέλαφος
661 758 678 828 ἢ
693 758 768 838 σφίγξ
778 782 786 837 5
798 760 807 838 J
819 759 865 818 καί
877 766 924 832 τῆς
939 761 1066 834 κινήσεως
1109 767 1197 844 ταύτῷ
1211 765 1262 844 γάρ
1277 765 1358 838 ἀνείη
1371 764 1416 822 tto
1432 763 1554 840 σώματα.

283 851 302 920 ἡ
319 845 392 917 κοινὴ
412 847 528 922 μάλιστα
548 845 592 905 καί
607 849 756 928 κυριωτάτη
772 849 840 908 κατὰ
855 850 934 912 τόπον
948 853 1017 911 ἐστὶν
1034 853 1065 926 ἣν
1151 855 1338 933 (Aristoteles
1348 854 1436 931 Phys.
1450 852 1500 910 lib.
1518 850 1565 923 lV,
1585 869 1647 927 cap.
1664 870 1675 907 1
1692 869 1719 925 p.
1735 869 1840 927 παρετ

284 938 414 1012 καλοῦμεν
428 937 521 1016 φοράν.
1110 943 1156 1002 ed.
1173 943 1291 1003 Bellen.
1304 941 1413 1000 Uttimn
1427 943 1453 1000 ἐν
1462 941 1548 1020 ταύτῷ
1557 937 1611 1018 γάρι
1621 935 1652 995 ἀν
1664 935 1701 1007 είη
1711 937 1749 996 δύο
1760 937 1842 1014 τώμυττ

327 1027 514 1104 (Aristoteles
528 1025 615 1103 Phys.
627 1025 681 1084 lib.
698 1025 735 1084 lv
747 1049 811 1108 cap.
831 1049 843 1086 1
859 1050 888 1108 p.
907 1033 972 1090 208.
986 1049 1011 1090 a.
1028 1051 1064 1104 πρ
1110 1033 1207 1112 possis
1228 1035 1311 1090 etiam
1331 1031 1514 1110 interpretari
1537 1035 1566 1084 ιἰι
1582 1030 1675 1084 eodem
1695 1034 1760 1084 enim
1775 1037 1843 1104 patin

283 1115 329 1176 ed.
344 1117 465 1175 tsetter.
485 1115 655 1194 Simplicius
671 1116 718 1176 tot.
739 1137 803 1178 ται.
827 1115 858 1175 b.
880 1116 938 1197 (cf.
957 1116 1066 1180 Schnll.
1111 1122 1170 1180 duo
1188 1139 1312 1198 corpora
1336 1119 1452 1178 luerint.
1479 1120 1514 1176 ht
1534 1113 1614 1193 apud
1634 1114 1810 1192 Xenophanem
1826 1118 1843 1171 d

283 1207 312 1264 in
332 1205 419 1264 Arist.
437 1225 467 1282 p.
486 1205 555 1280 369.
571 1203 602 1262 b.
621 1203 666 1264 ed.
684 1204 817 1266 Brantlis.
830 1205 841 1284 )
856 1205 901 1264 καί
915 1206 1003 1276 κοινὴν
1018 1206 1066 1284 μὲν
1110 1213 1196 1290 ταὺτῷ
1211 1210 1297 1286 μένειν
1309 1211 1385 1268 ναίει
1399 1211 1495 1265 eodem
1508 1221 1584 1262 statu
1598 1225 1714 1264 munere.
1727 1204 1780 1262 vid.
1790 1204 1843 1264 Phil.

282 1294 380 1366 ταύτην
397 1295 504 1352 ἐκάλεσε
519 1293 567 1364 τὴν
583 1293 702 1367 κίνησιν,
721 1295 739 1366 ἢ
755 1299 790 1362 ώς
806 1301 879 1374 κοινῇ
900 1296 950 1354 ὑπὸ
962 1294 1066 1355 πάντων
1111 1303 1163 1356 tir.
1185 1297 1297 1372 Fragm.
1311 1297 1371 1354 νοΙ.
1391 1299 1414 1366 Ι,
1426 1317 1455 1374 p.
1473 1313 1537 1350 τοι.
1560 1290 1719 1369 Simplicius
1737 1290 1778 1347 int.
1794 1293 1841 1348 nt.

282 1383 505 1460 ὁμολογουμένην
521 1383 617 1449 πάντες
631 1381 681 1462 γάρ
698 1387 744 1454 τῆς
758 1384 827 1442 κατά
843 1382 922 1442 τόπον
943 1384 1068 1458 κινήσεως
1111 1387 1142 1450 b.
1158 1386 1191 1445 τά
1202 1377 1246 1444 οῦν
1262 1383 1389 1462 τμήματα
1403 1387 1448 1454 τῆς
1463 1381 1610 1460 διαιρέσεως
1623 1379 1705 1444 καλῶς
1720 1375 1841 1442 intestini

284 1473 383 1548 μᾶλλον
403 1469 420 1542 ἢ
443 1475 495 1529 τῶν
521 1471 607 1530 ἀλλων
626 1469 850 1548 αἶσθανὸμεθα·ἢ
877 1474 966 1544 κοινὴν
987 1474 1067 1546 αὐτὴν
1112 1475 1291 1554 Ἀλέξανδρος,
1307 1474 1336 1531 τὸ
1351 1473 1379 1531 δέ
1394 1475 1472 1548 σῶμα
1488 1469 1531 1527 διὸ
1555 1466 1672 1544 σώματος
1691 1473 1772 1544 χωρεῖν
1784 1463 1843 1538 elpis

283 1551 354 1618 εἶπεν
375 1561 410 1628 ώς
430 1557 528 1632 ταύτην
549 1559 631 1636 μόνην
655 1568 721 1618 πᾶσι
740 1561 792 1626 τοῖς
816 1562 931 1640 φυτικοῖς
947 1561 1067 1630 σώμασιν
1115 1567 1220 1644 ἀρχαῖοι
1235 1567 1269 1628 ὡς
1284 1559 1388 1642 ἐναργὲς
1402 1561 1497 1618 ἄτοπον
1512 1555 1673 1630 έλάμὺσνον,
1687 1557 1708 1613 τί
1721 1555 1745 1612 ἀί
1763 1553 1805 1610 ἀπὸ
1815 1556 1845 1620 τῆς

283 1649 468 1728 ὑπάρχουσαν·
485 1647 517 1705 at
534 1649 585 1726 γάρ
600 1647 708 1728 οὐράνια
723 1651 774 1705 τῶν
790 1647 877 1707 άλλων
889 1653 982 1709 πασῶν
994 1650 1068 1723 κενή·
1114 1661 1192 1719 στοᾶς
1214 1651 1320 1730 ὑστερον
1341 1649 1507 1730 προσήκοντα
1531 1649 1566 1712 τὺς
1585 1647 1728 1704 ἀκολουθοῦν
1740 1645 1785 1706 ταῖς
1796 1643 1844 1716 τφιῖκ

283 1759 348 1796 σεων
364 1737 525 1816 ὑπερέχοντα
540 1737 639 1808 ταύτην
662 1736 733 1814 ὅμως
748 1745 869 1798 κινεῖται.
887 1739 935 1799 Διὸ
949 1741 995 1798 καί
1020 1765 1066 1799 κυ-
1114 1741 1199 1799 αὐτῶν
1215 1739 1366 1798 ὑποθέσεσιν
1384 1737 1413 1801 ἀς
1436 1734 1554 1811 ἐνόμιζον
1579 1734 1605 1790 ἐν
1625 1727 1700 1790 παντί
1719 1725 1791 1804 τρόπῳ
1809 1723 1844 1779 δεῖν

283 1823 412 1903 ριωτάπην
431 1823 512 1895 αὐτὴν
527 1825 618 1882 καλεῖ·
633 1823 782 1902 κυριωτάτη
797 1824 848 1904 γὸρ
863 1831 880 1896 ἡ
895 1831 948 1885 τῶν
962 1833 1068 1906 πρωτί-
1112 1835 1214 1912 κυροῦν·
1231 1815 1344 1905 σώματα
1359 1825 1410 1906 γάρ
1426 1822 1510 1902 λέγειν
1525 1823 1610 1881 πάντα
1627 1822 1757 1884 δοκοῦντες,
1770 1812 1803 1870 καί
1814 1813 1847 1874 τί(

283 1935 351 1971 στων
366 1912 411 1970 καί
425 1910 660 1991 ἀρχηγικωτάτων.
676 1912 729 1972 Καί
740 1913 827 1990 μέντοι
841 1919 875 1980 dn·
886 1914 960 1984 δείξει
969 1911 1068 1994 προϊών
1112 1918 1251 1992 ποιότητας
1276 1917 1321 1976 καί
1347 1915 1394 1986 τλν
1409 1913 1514 1994 ψυχήν,
1540 1901 1585 1970 καί
1607 1909 1648 1968 dd
1668 1903 1848 1980 municipium

283 1998 323 2059 ὅτι
337 1999 430 2080 πρώτη
445 2003 497 2058 τῶν
512 1999 640 2072 κινήσεών
654 2003 724 2059 ἐστιν
744 2005 760 2072 ἡ
777 2000 843 2081 φορά
858 2001 903 2061 καί
920 2003 1007 2084 χρόνῳ
1024 2001 1069 2062 καλ
1113 2013 1157 2067 τσῦ
1173 2007 1294 2085 σώματος
1309 2006 1354 2064 καί
1369 2003 1417 2074 τὴν
1434 2003 1525 2082 ψυχὴν
1540 2005 1675 2082 χωροῦσαν
1687 1993 1727 2054 καί
1743 1990 1780 2056 τίς
1794 1987 1847 2044 ποιό-

283 2089 418 2169 plutiani
438 2089 519 2169 αίτίτρ.
550 2088 707 2169 Κυριωτάτη
732 2088 759 2147 δέ
780 2091 925 2164 εὐλόγωςὴ
949 2092 1066 2162 τοιαύτη.
1114 2119 1194 2169 τηττις
1208 2098 1234 2154 ἐν
1249 2103 1306 2162 ταῖς
1319 2091 1443 2172 κράσεσι,
1460 2090 1624 2169 συνεχώρουν
1646 2089 1717 2160 στῦμα
1735 2079 1770 2168 διὸ
1781 2076 1848 2152 σώμα-

282 2175 334 2239 Ἕν
350 2201 403 2237 τισι
422 2177 449 2236 δὲ
465 2180 521 2236 ἀντὶ
536 2185 581 2237 τοῦ
604 2177 678 2250 κοινὴ
695 2177 806 2258 πρώτη,
826 2180 870 2238 καί
885 2179 954 2237 οὑτω
974 2180 1069 2260 γράφει
1114 2209 1156 2252 τος
1178 2185 1285 2264 χωρεῖν.
1328 2183 1392 2242 Ὅτι
1412 2181 1438 2238 δὲ
1455 2180 1583 2236 ἀθάνατον
1603 2181 1691 2250 τοῦτο,
1706 2162 1847 2240 θείκνυτιμίν

283 2268 354 2328 καίὺ
375 2267 503 2344 Εὔδημος.
518 2267 658 2326 Similiter
673 2267 764 2345 Phys.
779 2265 842 2339 Vll,
867 2289 883 2326 a
900 2271 1005 2347 πρῶτον
1022 2269 1068 2346 μὲν
1114 2271 1159 2332 καλ
1173 2253 1203 2330 δί’
1220 2275 1401 2351 ἀφωρισμένον
1416 2266 1634 2344 συγγράμματος.
1651 2263 1688 2342 (i.
1700 2279 1723 2318 ε.
1736 2260 1761 2316 in
1776 2257 1848 2327 singu·

287 2347 332 2416 οὑν
350 2354 416 2436 ὑπὲρ
440 2359 487 2426 τῆς
507 2364 586 2434 φορᾶς
604 2353 732 2431 εἴπωμεν·
755 2355 822 2430 αὕτη
838 2355 888 2436 γάρ
908 2355 1000 2436 πρώτη
1019 2361 1070 2415 τῶν
1117 2362 1168 2419 lari
1191 2359 1267 2417 libro
1292 2358 1353 2438 περί
1377 2357 1494 2436 κράσεων
1526 2373 1611 2431 quem
1635 2351 1698 2408 citat
1715 2341 1850 2402 'lltemistins

215 2434 222 2446 ⁸
286 2444 416 2518 κινήσεών
434 2445 573 2504 insemel.
587 2443 662 2516 l‘lll,
677 2467 692 2518 7
706 2466 735 2523 p.
754 2449 824 2506 261.
842 2466 866 2504 a.
880 2467 930 2520 27.
1116 2451 1151 2510 ad
1167 2450 1244 2507 hunc
1259 2449 1354 2506 locum
1370 2447 1420 2506 [ολ.
1438 2447 1485 2518 37.
1500 2444 1509 2524 )
1531 2447 1639 2525 Πρῶτον
1655 2439 1697 2514 μὲν
1711 2433 1754 2511 γάρ
1766 2433 1784 2488 τί
1796 2433 1850 2502 stipe

323 2557 359 2594 τι.
383 2533 463 2614 Ἔχει
478 2535 506 2594 δέ
518 2533 617 2601 πολλὰς
631 2535 741 2616 ἀπορίας
755 2535 781 2594 τί
796 2538 855 2594 ποτ’
871 2534 942 2594 ἔστιν
957 2538 971 2594 ὑ
984 2533 1070 2603 τόπος·
1116 2538 1158 2596 διά
1174 2535 1295 2613 σώματος
1309 2542 1407 2614 χωρεῖ,
1426 2535 1471 2591 καί
1485 2542 1541 2590 πᾶν
1554 2530 1596 2590 διὰ
1611 2525 1701 2592 παντὸς
1713 2518 1815 2602 χωρίσαι
1827 2513 1851 2570 ‘l'

283 2627 312 2684 οὐ
327 2624 378 2703 γάρ
398 2622 492 2682 ταύτὸν
520 2621 639 2704 φαίνεται
663 2629 803 2702 θεωροῦσιν
823 2624 850 2691 ἐξ
872 2623 996 2684 ἁπάντων
1018 2627 1071 2682 τῶν
1116 2650 1165 2707 περ
1179 2625 1244 2684 καθὸ
1261 2621 1389 2702 σώματα,
1405 2622 1471 2680 ἀλλά
1490 2621 1531 2698 μὴ
1555 2617 1619 2680 καθὸ
1636 2613 1714 2694 θερμά
1731 2599 1851 2712 ἢψνχρίθ

284 2713 467 2794 ὑπαρχόντων.
511 2709 574 2770 Ἔτι
600 2710 627 2770 ἀί
647 2715 695 2770 οὐκ
717 2712 814 2792 ἔχομεν
838 2712 911 2772 οὐδὲν
927 2711 1067 2793 παράτῷν
1115 2739 1174 2776 τινα
1188 2716 1271 2786 ἄλλην
1284 2713 1378 2794 ἔχοντα
1397 2709 1525 2792 διαφορὰν
1544 2711 1626 2790 χωρεῖ
1640 2705 1672 2764 δι’
1686 2701 1799 2773 ἀλλήλων.
1829 2693 1851 2752 Et

286 2803 373 2860 ἄλλων
389 2799 449 2860 οὑττ
463 2804 680 2880 προηπορημένον
695 2800 754 2859 οὔτε
765 2803 1001 2880 προηυπορημένον
1011 2799 1072 2880 περί
1117 2796 1160 2863 οὑν
1174 2807 1251 2879 σῶμα
1266 2803 1308 2861 διά
1322 2800 1443 2878 σώματος
1461 2808 1564 2880 χωρεῖ,
1583 2794 1628 2856 καί
1643 2796 1667 2852 ἐν
1690 2794 1723 2870 τῷ
1741 2781 1851 2885 μικροτιίτφ

287 2891 377 2948 αὑτοῦ.
1116 2893 1300 2975 χωρηθήστται
1320 2890 1350 2949 τὸ
1370 2891 1502 2968 μέγιστον·
1524 2887 1620 2966 ὁμοίως
1635 2884 1682 2961 γὰρ
1694 2881 1737 2949 llil
1751 2874 1851 2976 δῑίαλῑαθῖ

328 2977 518 3056 (Aristoteles
544 2979 632 3057 Phys.
652 2978 705 3037 lib.
730 2978 778 3052 IV,
793 2998 859 3057 cap.
888 3000 899 3036 1
922 2999 951 3055 p.
972 2981 1029 3036 αοθ
1046 2999 1071 3039 a.
1116 3005 1145 3041 τε
1168 2980 1214 3040 καί
1236 2981 1345 3060 προτοῦ
1363 2978 1494 3048 δέξασθαι.
1514 2979 1556 3039 Οὐ
1571 2974 1622 3056 γάρ
1648 2973 1678 3042 δὴ
1693 2969 1745 3027 τότε
1761 2967 1851 3043 pilatu

290 3071 326 3126 θα
349 3067 395 3126 ed.
413 3067 531 3128 Bekken.
555 3067 722 3146 Simplicius
739 3067 788 3128 sol.
809 3089 873 3127 aaa.
895 3069 908 3125 ὑ
931 3065 959 3126 δέ
983 3066 1072 3138 Εὑδη-
1118 3095 1176 3129 τινα
1191 3071 1237 3128 καί
1250 3069 1343 3148 πόρους
1355 3059 1426 3147 εἶχε,
1445 3073 1488 3125 νῦν
1510 3066 1539 3124 δὲ
1554 3063 1650 3125 οὐκέτι.
1666 3042 1853 3119 Δύναταιοὺνιιιί

289 3177 336 3232 μος
353 3158 398 3226 τῆς
414 3155 553 3222 δυσκολίας
568 3160 612 3213 τοῦ
638 3155 699 3234 περί
721 3159 767 3214 τοῦ
787 3154 871 3214 τόπου
887 3155 1074 3234 προόλήματος
1118 3158 1237 3236 δεύτερον
1252 3157 1296 3216 καί
1311 3156 1396 3237 τρίτον
1411 3155 1508 3233 ὁμοίως
1524 3153 1655 3222 δέξασθαι.
1672 3147 1744 3208 Οὑτω
1756 3143 1777 3201 il
1794 3143 1812 3196 ἔν
1830 3139 1852 3212 τί,

288 3243 334 3302 καί
348 3249 424 3302 τοῦτο
439 3241 521 3302 αἴτιον
544 3233 609 3302 eleni
624 3265 709 3322 φησι,
724 3243 753 3302 τὸ
770 3244 807 3318 μὴ
825 3243 911 3324 palam
932 3233 998 3303 εἶναι
1017 3248 1073 3304 ἐπι·
1119 3247 1237 3327 κέγχρῳ,
1248 3247 1325 3326 φησίν
1341 3249 1354 3302 ὁ
1374 3242 1573 3324 Ἀριστοτέλης,
1589 3245 1602 3300 ὁ
1616 3237 1718 3320 οὐρανὸς
1737 3225 1853 3334 χαθθίθθῑζ

288 3331 417 3392 λαθέσθαι
432 3337 477 3390 τοῦ
493 3331 587 3406 τόπου,
603 3331 669 3390 θιότι
684 3333 825 3412 ὑποφεύγει
838 3331 943 3398 πάντως
956 3332 1074 3412 ἐξαιρου-
1119 3360 1176 3410 ται,
1191 3335 1237 3394 καί
1253 3339 1270 3406 ἡ
1284 3333 1405 3394 θάλασσα
1424 3335 1449 3391 ἐν
1474 3335 1575 3413 κυάθῳ.
1590 3331 1651 3390 Ἔτι
1672 3328 1698 3384 δέ
1716 3325 1737 3381 τί
1751 3323 1811 3393 σῶμα
1825 3315 1853 3369 δα

291 3423 369 3499 μένου
376 3428 421 3480 τοῦ
433 3423 459 3479 έν
470 3420 542 3502 τόπῳ
553 3420 728 3496 σώματος,καλ
738 3423 796 3482 καθ’
807 3419 871 3479 αὑτὸ
886 3420 933 3496 μέν
946 3423 993 3480 οὑκ
1004 3421 1073 3480 ἔστιν
1121 3425 1242 3502 σώματος
1257 3432 1357 3504 χωρεῖ,
1380 3420 1426 3480 καί
1448 3419 1490 3478 διὸ
1515 3417 1667 3498 παχυτέρου
1688 3411 1715 3472 τὸ
1729 3410 1855 3482 λεπτότεραι

290 3511 355 3569 αὑτὸ
368 3514 476 3582 νοῆσαι,
501 3508 575 3590 εἴπερ
590 3505 617 3568 dl
633 3507 701 3589 ἀρα,
722 3509 781 3586 μεθ’
791 3508 896 3588 ἑτέρου,
911 3507 1002 3589 ὥσπερ
1017 3508 1075 3576 τοὺς
1119 3513 1145 3573 τί
1159 3513 1253 3586 δήποτε
1269 3519 1282 3572 ὑ
1297 3511 1392 3590 χρυσὸς
1417 3507 1517 3590 χαλκὸν
1535 3506 1584 3586 μὲν
1600 3506 1709 3586 δέχεται,
1724 3498 1782 3576 ὑθωρ
1794 3494 1813 3552 δέ
1824 3489 1855 3592 αὖ]

290 3605 341 3661 τῶν
356 3601 464 3681 ἀφώνων
481 3598 656 3678 καλουμένους
671 3599 805 3680 φθόγγους·
821 3598 888 3676 μετὰ
909 3598 960 3679 γάρ
974 3603 1020 3658 τοῦ
1033 3622 1049 3656 α
1062 3603 1075 3658 ὑ
1119 3597 1232 3682 Ἀπαρον
1245 3600 1272 3661 δέ
1286 3599 1332 3658 καί
1344 3598 1386 3659 dd
1404 3599 1430 3656 τί
1449 3597 1587 3672 δεξάμενος
1608 3597 1650 3654 τὸν
1664 3589 1753 3674 χαλκὸν
1768 3588 1856 3662 ὑχρυαα

288 3695 334 3752 τοῦ
352 3695 367 3770 β
379 3691 425 3749 καί
435 3693 448 3748 ὑ
458 3694 503 3749 τοῦ
517 3693 629 3770 γθῆλος.
647 3691 688 3750 Οὐ
700 3691 788 3768 μέντοι
801 3689 844 3747 διὸ
855 3689 901 3760 τὴν
921 3688 1074 3769 δυσχέρειαν
1121 3693 1224 3771 μείζονα
1237 3690 1280 3749 τὸν
1295 3689 1371 3766 όγκον
1390 3688 1470 3766 ἔσχε,
1484 3687 1528 3744 καί
1548 3685 1614 3752 ὅλοις
1629 3681 1671 3742 διὸ
1684 3681 1707 3738 τί
1723 3677 1807 3744 antini
1818 3688 1856 3772 “ll

291 3779 453 3840 ἀποστατέον
466 3785 511 3837 τοῦ
528 3777 716 3858 προθλήματυς
731 3779 803 3845 ὄντος
824 3776 905 3844 οὑτως
921 3776 1016 3835 οἰκείου
1030 3776 1075 3835 καί
1121 3784 1172 3839 τῶν
1188 3777 1369 3856 μιγνυμένων,
1388 3779 1409 3834 εί
1431 3772 1464 3832 nit
1480 3773 1524 3832 ίσα
1547 3771 1668 3844 ἀλλήλους
1686 3767 1715 3826 δι’
1728 3767 1783 3822 ὅλων
1797 3759 1855 3861 llll·

291 3868 434 3944 ἀναγκαίου
448 3870 485 3949 τῷ
498 3870 610 3949 φυσικῷ.
633 3865 692 3927 Κάν
708 3866 757 3946 γὰρ
781 3865 863 3943 μηδὲν
879 3867 943 3926 ἀλλο
957 3867 1001 3926 lati
1023 3871 1075 3925 τῶν
1120 3873 1173 3928 λων
1198 3866 1469 3947 συμπαρεκτείνεται,
1498 3870 1532 3929 ὡς
1557 3863 1604 3934 τὴν
1626 3859 1704 3930 αὐτὴν
1725 3855 1783 3934 ἔχειν
1793 3854 1857 3923 ε’πιῐια·

291 3957 460 4031 θυσλήπτων,
478 3957 546 4016 ἀλλὰ
569 3957 599 4015 τό
613 3980 643 4033 γε
658 3959 792 4036 ἀπορῆσαι
812 3958 900 4022 καλῶς
915 3955 975 4035 περὶ
998 3957 1086 4015 αὐτοῦ’·
1121 3979 1202 4016 νειαν·
1229 3956 1324 4016 κυάθου
1343 3953 1394 4036 γάρ
1413 3954 1503 4034 κυάθῳ
1530 3952 1667 4032 μιχθέντος
1683 3949 1704 4005 εί
1722 3943 1750 4002 δι’
1771 3935 1856 4044 ἀλλτγλια

291 4045 380 4104 ἱκανὸν
396 4051 434 4126 τῷ
449 4047 589 4126 φιλομαθεῖ
598 4089 607 4119 ,
628 4048 663 4114 ὡς
678 4051 704 4108 ἐν
724 4047 813 4114 ἄλλοις
828 4045 904 4113 αὐτὸς
926 4048 940 4103 ὁ
955 4045 1074 4124 Ἀριστο-
1123 4047 1224 4127 χωρεῖ,
1238 4044 1268 4103 τὸ
1281 4043 1339 4102 ἀλον
1355 4044 1406 4102 ἔδει
1423 4043 1558 4101 κυαθιαῖον
1572 4040 1696 4119 γίνεσθαι.
1716 4033 1746 4093 Ὁ
1765 4029 1786 4088 δέ
1797 4023 1857 4090 hall·

292 4133 372 4204 nilne
387 4133 512 4194 δῑδαίαααα
524 4135 531 4208 l
1123 4159 1169 4212 μος
1184 4135 1229 4194 καί
1242 4139 1317 4192 τοῦτο
1331 4131 1518 4212 προστίθησιν,
1529 4129 1572 4189 ότι
1587 4133 1633 4189 οὐκ
1645 4125 1767 4205 ἐνδέχεται
1778 4114 1811 4174 δία
1819 4112 1857 4184 lei

331 4240 369 4280 sa.
395 4223 436 4280 Οὐ
450 4221 504 4298 μὴν
519 4221 576 4281 ἀλλ’
592 4223 647 4303 ἔχει
660 4223 685 4303 γ’
699 4224 830 4306 ἀπορίαν,
846 4226 868 4283 εί
885 4224 955 4293 ἔστι,
968 4223 994 4283 τί
1008 4226 1074 4296 ἔστι,
1124 4213 1189 4284 εἶναι
1201 4223 1330 4300 σώματα,
1346 4221 1404 4280 οὔτε
1421 4219 1535 4292 αἰσθητά
1555 4219 1632 4291 όντα,
1650 4215 1705 4277 οὔτε
1724 4213 1809 4287 θάτεραα
1821 4221 1857 4300 l']

184 4371 187 4379 .
291 4309 401 4390 ndeipov
416 4307 491 4390 ὄγαας
504 4334 544 4376 na<
565 4311 687 4389 σώματος
701 4313 718 4384 ἤ
734 4335 773 4380 τις
796 4311 871 4392 ίτέρα
893 4313 973 4394 φάσις·
989 4317 1072 4387 ζητη-
1124 4312 1282 4389 θηματικόν.
1298 4310 1369 4392 Πρὸς
1382 4309 1433 4390 γὰρ
1452 4313 1489 4390 τῷ
1512 4307 1570 4384 ἅμα
1587 4306 1631 4367 δύο
1649 4295 1712 4364 εἶναι
1725 4297 1814 4372 σώματα
1826 4307 1856 4345 τοι

291 4506 337 4568 Sil·
362 4519 514 4570 cognoscere.
537 4506 633 4557 Etenim
655 4521 711 4570 quae
732 4511 805 4570 sunt,
830 4521 916 4558 omnes
935 4509 1077 4559 existimant
1154 4513 1193 4558 38.
1212 4507 1244 4557 nt
1258 4504 1349 4556 verosi
1361 4497 1406 4555 'esi
1423 4503 1510 4566 lenus,
1530 4501 1667 4562 dubitatur,
1681 4494 1736 4561 qnid
1749 4489 1786 4548 sn,
1800 4485 1857 4576 ntum

291 4595 384 4647 alicubi
399 4609 471 4658 asse,
490 4597 549 4660 quia
564 4595 591 4646 id
613 4595 681 4660 quod
704 4609 752 4646 nnn
768 4601 819 4658 est,
834 4609 956 4662 nusquam
975 4597 1014 4648 sit.
1029 4599 1076 4649 Uid
1121 4596 1199 4646 moles
1215 4595 1297 4659 aliqua
1310 4594 1419 4659 corperis
1435 4606 1466 4642 nn
1478 4591 1525 4642 alia
1537 4591 1651 4654 quasdam
1665 4588 1746 4636 natura
1758 4599 1763 4628 ι
1775 4577 1805 4626 est
1815 4577 1858 4620 καθ

291 4685 356 4736 enim
368 4685 526 4752 tragelaphus
543 4686 595 4737 sive
609 4685 762 4736 hireicervus
782 4688 825 4736 aut
837 4687 923 4752 sphinx
940 4691 997 4738 est?
1012 4687 1076 4747 Quin
1121 4685 1228 4750 primum
1239 4697 1316 4748 genus
1325 4681 1379 4746 ejtu
1390 4679 1573 4746 inquirendum.
1585 4677 1665 4729 Habet
1674 4674 1742 4738 igitur
1755 4665 1794 4717 nia
1803 4661 1858 4755 ἰαία·

291 4780 365 4831 etiam
382 4783 465 4830 motus
478 4778 584 4830 maxime
596 4779 734 4830 eommunis
752 4781 778 4829 st
792 4777 905 4842 proprius
917 4779 971 4829 loco
984 4790 1076 4828 conve·
1121 4775 1202 4837 valta,
1215 4773 1405 4836 longitudinem,
1424 4769 1598 4830 latitudinem,
1619 4761 1778 4816 altitudinem,
1796 4745 1858 4840 tulli

291 4867 341 4930 nit,
361 4881 436 4931 quem
448 4881 549 4919 cursum
563 4868 727 4933 appellamus.
1121 4876 1193 4914 omne
1207 4875 1297 4927 eorpus
1315 4860 1439 4912 definitur.
1456 4861 1487 4911 Αῑ
1499 4857 1548 4908 lieri
1561 4857 1661 4920 nequit,
1677 4855 1705 4902 ut
1715 4851 1761 4914 ipse
1774 4843 1827 4892 locu
1838 4833 1857 4879 α·

324 4959 362 5008 37.
379 4956 515 5008 nubilatus
526 4960 611 5008 antem
629 4955 794 5021 multimodis,
808 4955 868 5019 quid
884 4953 981 5006 tandem
991 4953 1024 5003 sit
1037 4953 1076 5004 lo·
1121 4966 1226 5018 οοτριιτς
1237 4963 1343 5014 namque
1356 4950 1381 5000 in
1395 4961 1444 4999 nno
1456 4947 1507 4998 duo
1523 4957 1625 5010 nerpora
1636 4939 1729 4992 inerint.

292 5057 354 5107 eus;
370 5061 451 5111 neque
469 5049 534 5098 euim
551 5049 616 5098 idem
635 5061 664 5098 ex
677 5047 791 5098 omnihus
808 5059 866 5112 quae
886 5043 911 5095 in
930 5045 1073 5107 ssimum,

292 5137 468 5200 contemplanti
484 5138 591 5189 videtui.
615 5139 738 5189 Praeterea
756 5135 818 5188 nihil
837 5135 869 5186 ab
882 5135 935 5186 aliis
948 5136 992 5185 aut
1007 5137 1078 5186 antea

293 5222 326 5274 ds
335 5234 366 5273 so
376 5223 528 5287 disputatum
541 5231 585 5277 aut
601 5227 808 5290 priusinventum
823 5225 952 5277 habemus.
