4020 5950
258 383 299 444 88
934 381 986 444 DE
1006 383 1194 448 Phanoria.

257 515 380 591 mulsae,
404 533 451 576 res
473 527 517 574 est
549 515 712 578 certissima
746 513 976 595 (applicuitque
1010 517 1043 576 in
1086 519 1175 580 tricas
1189 537 1255 580 curn
1265 518 1398 580 numeris
1411 518 1509 579 medio
1520 519 1597 579 inter
1606 531 1764 600 utrumque
1778 543 1873 600 gersus

258 619 371 668 naturae
390 603 635 682 contemplatione
654 603 854 682 Pythagoreos
874 618 960 683 atque
981 607 1041 666 }le-
1087 607 1152 668 loco
1167 606 1316 687 ponendas
1338 607 1474 686 ideesque
1491 609 1621 669 omnium
1644 628 1741 670 rernm
1755 613 1874 690 princi-

257 695 410 766 raclitunr,
427 695 458 753 in
483 693 590 754 morali
613 692 802 775 philosophia
822 693 987 770 Socratem,
1008 697 1041 758 in
1085 697 1137 776 pia
1150 715 1213 758 esse
1227 696 1349 758 censuit.
1367 695 1482 767 Quibus
1504 697 1536 756 in
1554 697 1710 778 praeceptis
1723 699 1796 778 qnid
1816 701 1873 762 ho·

257 782 418 844 disserendi
433 782 594 844 subtilitate
607 783 753 844 Zenonem
769 797 799 844 et
818 784 1040 864 Parmenidem‚
1085 784 1153 847 beat
1165 785 1216 846 ille
1230 805 1383 846 commune
1393 805 1461 846 cnm
1475 785 1686 864 Pythagoreis,
1700 786 1773 864 quid
1790 791 1870 848 asci-

257 873 400 934 Eleaticos
422 872 630 953 philosophos,
661 874 805 952 sequitur.
827 872 926 953 Neque
944 885 1040 933 tamen
1085 885 1146 936 tum
1160 874 1293 947 abaliis,
1308 874 1381 954 quid
1392 877 1557 956 proprium,
1571 875 1670 935 dedita
1681 895 1771 956 opera
1783 879 1871 940 docet

255 961 509 1042 reprehendendus
528 975 573 1022 est
586 961 773 1037 aristoteles,
797 962 876 1042 quod
906 962 1038 1024 Platonis
1085 963 1248 1044 Stagirites.
1264 963 1321 1024 Sed
1333 964 1554 1029 brechactenus.

257 1053 400 1112 rationem
429 1069 466 1110 ex
491 1051 654 1112 lleraclitea
677 1065 706 1112 et
733 1051 880 1112 ὃοοιιιίοι
904 1051 1040 1112 doctrinm
1124 1054 1254 1115 Transeo
1269 1053 1306 1113 ad
1321 1053 1453 1114 Platonis
1467 1055 1654 1134 scriptaque
1667 1074 1704 1115 ex
1717 1057 1871 1120 inferioris

254 1141 439 1220 potissimum
454 1141 570 1220 repetit.
585 1140 703 1222 Quippe
716 1141 800 1202 Plato
822 1143 931 1221 partim
948 1147 1039 1202 Hera·
1085 1141 1383 1222 aetatisscriptoribus
1397 1143 1544 1202 recensuit
1556 1140 1741 1221 Thrasyllus.
1753 1145 1795 1204 De
1809 1147 1867 1206 hoc

254 1230 347 1288 cliteis
365 1229 482 1309 placitis
496 1229 652 1310 adductus,
673 1244 706 1292 ut
716 1233 779 1292 visa
794 1252 860 1311 quae
875 1253 892 1291 a
905 1232 1039 1293 sensibus
1084 1233 1175 1308 igitur
1188 1231 1272 1314 prius
1286 1231 1374 1291 nobis
1385 1231 1637 1294 commentandum
1657 1247 1715 1307 eat,
1734 1253 1821 1312 quam
1834 1237 1873 1295 ad

252 1317 481 1397 proficiscuntur
497 1319 568 1380 sciri
593 1339 678 1400 posse
701 1333 836 1397 negaret,
860 1322 967 1401 partim
983 1319 1039 1380 So·
1084 1321 1234 1382 Platonem
1248 1321 1385 1380 accedere
1401 1321 1498 1379 liceat.
1517 1319 1660 1389 Quamvis
1675 1334 1770 1381 alutem
1784 1325 1871 1384 multi

251 1418 359 1466 erarem
386 1407 532 1484 imitatu„
548 1408 600 1488 qui
614 1408 651 1470 ad
673 1409 844 1488 quartandas
869 1430 1038 1470 communes
1084 1403 1209 1466 citantur
1223 1400 1389 1476 Thrasylli,
1402 1421 1475 1482 quos
1491 1398 1614 1460 Jonsius
1630 1401 1690 1478 (30)
1705 1401 1742 1461 de
1752 1403 1866 1482 scripit.

252 1495 388 1556 nouones
402 1495 586 1576 incubuerat,
599 1511 723 1558 semotas
736 1518 753 1558 a
766 1498 855 1559 rebus
870 1499 958 1558 fluxis
972 1520 1037 1577 quas
1085 1489 1152 1552 hist·
1171 1490 1221 1570 ph·
1242 1491 1297 1553 lib·
1312 1489 1356 1550 ΠΙ
1368 1509 1433 1568 ⁰⁸1³·
1451 1490 1480 1564 3,
1496 1509 1513 1548 θ
1532 1511 1564 1570 Ρ·
1579 1489 1613 1547 ¹3
1628 1505 1788 1567 ‘flumem‘
1801 1511 1869 1552 ⁸⁰⁰¹

251 1581 388 1644 sensibus
416 1585 621 1664 percipiuntur
655 1586 755 1648 statuit
791 1588 885 1660 ideas,
913 1609 1035 1666 quarum
1085 1595 1180 1642 tamen
1203 1583 1239 1642 de
1253 1581 1375 1662 quohic
1391 1579 1497 1658 agitur,
1512 1599 1572 1638 non
1594 1597 1657 1639 esse
1671 1579 1761 1640 alium
1781 1601 1869 1659 quam

251 1671 457 1754 cornmunione
470 1676 533 1733 visa
544 1674 597 1736 illa
607 1677 803 1738 exorirentur.
820 1677 929 1736 Praeter
943 1679 1036 1736 sensi-
1084 1671 1291 1751 philosophum
1303 1671 1388 1730 illum
1399 1667 1669 1728 etmathernaticum
1678 1670 1730 1748 qui
1743 1669 1799 1728 sub
1809 1672 1872 1731 llu-

250 1759 324 1822 bilia
338 1774 433 1825 autem
448 1776 477 1822 et
491 1763 622 1822 idearum
637 1763 772 1844 exempla
791 1765 899 1826 formas
921 1785 1035 1840 geome-
1083 1758 1568 1839 gustoetTiberioimperatoribus
1578 1759 1734 1838 (31)visit,
1740 1759 1800 1839 jam
1809 1763 1872 1840 pri·

247 1957 317 2016 τίύην
330 1959 383 2022 χθὲς
398 1960 429 2016 είς
451 1959 628 2021 perstrepere
646 1959 784 2017 Ιλαύκωνος
795 1964 838 2010 τού
852 1959 999 2024 Ἆρίστωνος.
1022 1979 1033 2004 ν
1082 1959 1174 2010 artium
1186 1956 1311 2007 secutam
1325 1954 1452 2020 protessus
1465 1958 1591 2018 postremo
1608 1967 1635 2004 se
1651 1953 1721 2005 dedit
1738 1955 1873 2008 maumas

247 2053 279 2066 -
293 2027 344 2092 (ae)
360 2029 483 2093 Diogenes
499 2029 613 2080 Laertius
630 2033 677 2092 111,
693 2034 707 2080 θ
727 2030 824 2094 pitture
837 2031 969 2090 θιιοιήισιο
987 2035 1034 2081 τῶν
1080 2031 1155 2081 secte
1166 2041 1195 2079 ac
1212 2025 1301 2080 deinde
1315 2024 1434 2088 mathesi,
1448 2036 1498 2088 qus
1511 2022 1635 2092 precipue
1649 2025 1730 2089 rignlt
1747 2025 1814 2090 apud
1827 2026 1870 2076 'n'-

248 2115 275 2150 τε
286 2099 468 2163 Ἡρακλειτείων
480 2099 556 2162 λόγων
567 2102 609 2150 καί
624 2103 795 2166 Πυθαγορικῶν
812 2103 852 2152 καί
865 2105 1032 2166 Σωκρατικῶν.
1080 2101 1191 2162 barium
1204 2113 1261 2150 cum
1272 2111 1322 2164 qno
1340 2097 1389 2148 snb
1400 2097 1494 2148 honore
1512 2095 1626 2158 eiusdem
1644 2097 1705 2147 artis
1717 2095 1872 2148 familiariter

245 2179 282 2231 ra
295 2179 336 2242 pis
349 2179 395 2242 γάρ
416 2179 519 2238 αἰσθητὰ
535 2179 858 2247 occurreruntque·
874 2183 948 2241 νοητὰ
971 2183 1033 2234 κατὰ
1079 2173 1164 2224 Vltst²
1180 2184 1254 2238 (1⁰⁰¹ss
1264 2173 1350 2234 postea
1359 2167 1472 2254 Tilltllffi
1483 2168 1509 2220 in
1526 2169 1606 2219 llsslllfl
1615 2168 1702 2252 ΨΜ)
1714 2170 1871 2254 Ρΐξθῦἱθίλᾶῐθ

246 2249 403 2315 Πυθαγόραν,
426 2251 457 2300 τὰ
483 2249 509 2300 at
525 2253 638 2304 πολιτικὰ
657 2253 718 2304 κατὰ
739 2252 868 2318 Σωκράτην
891 2253 1031 2319 ἐφιλοσόφει.
1079 2243 1194 2296 voluitln
1207 2242 1320 2308 pelagum
1328 2239 1868 2324 θῦθὸῑθθῦξῦἶῦωΡῑθξῦΙ-θθῦᾆθωωθῑίθῦίθ.

246 2323 365 2386 Apuleius
389 2321 456 2372 doct.
483 2321 546 2372 Plat.
570 2327 592 2384 1,
626 2328 637 2375 l
660 2326 722 2374 Nam
742 2325 857 2388 quamvis
875 2325 908 2375 de
928 2324 1034 2376 dirersis
1080 2317 1158 2372 Quem
1173 2313 1259 2364 dolum
1271 2313 1539 2378 quumprasensrsset,
1551 2309 1622 2374 tngrt.
1635 2311 1739 2360 Tacitus
1748 2315 1811 2363 ann.
1824 2314 1869 2376 vl,

244 2391 350 2444 otticinis
374 2391 430 2443 haec
454 2391 476 2441 el
496 2395 579 2442 essem
591 2391 752 2458 philosophiae
771 2393 884 2446 membra
905 2397 1032 2460 suscepta,
1080 2381 1453 2464 20=21scientia0haldaeornm
1465 2381 1539 2445 artis,
1555 2380 1629 2444 eojns
1642 2381 1868 2445 apiscenusetiam

245 2459 365 2514 naturalis
388 2463 420 2512 ab
449 2463 618 2526 liemclittcis,
645 2463 819 2516 intellectualis
841 2476 856 2514 a
875 2463 1033 2528 Pythagoreis
1079 2457 1146 2522 apud
1164 2455 1278 2506 ilbodum
1296 2455 1443 2517 magistrum
1455 2451 1613 2516 Thrasyllum
1632 2452 1734 2516 habuit,
1752 2454 1866 2518 peritiam

243 2537 317 2598 atque
332 2533 435 2585 moralis
453 2547 485 2585 ex
505 2533 558 2599 lpso
576 2535 684 2586 socratis
701 2535 770 2586 tonte
784 2557 790 2586 ι
802 2549 881 2588 unum
897 2539 981 2586 umen
1001 2549 1033 2586 ex
1079 2529 1132 2592 eius
1153 2527 1200 2579 ¹1⁰⁰
1222 2525 1297 2578 modo
1312 2527 1438 2588 ⁰¹1*le-
1466 2525 1587 2583 Quotiens
1610 2535 1685 2588 ⁸¹¹P01'
1702 2523 1744 2574 ¹³¹³
1769 2525 1868 2590 ⁰⁰d⁰fi⁰

38 2657 48 2664 .
223 2605 357 2672 ,omnbus
381 2608 408 2656 et
428 2604 500 2670 quasi
526 2605 619 2670 proprii
640 2609 726 2671 partus
751 2619 841 2670 corpus
868 2606 958 2657 cheat.
981 2608 1031 2656 lle-
1079 2599 1236 2660 consultaret,
1251 2597 1317 2648 edita
1329 2596 1417 2646 domus
1429 2599 1500 2660 parts
1514 2595 1639 2646 echberti
1653 2595 1866 2646 uniusconscien·

243 2670 345 2744 sychius
359 2677 470 2728 Milesius
493 2677 591 2734 ιθύτος
615 2679 677 2740 μῖξιν
698 2679 889 2738 trutinatores
910 2695 936 2728 τι
956 2679 1031 2742 Ἦρα·
1078 2672 1113 2723 tir
1131 2665 1451 2721 utebatur.1slilterarum
1473 2666 1580 2731 ignarus,
1594 2679 1696 2730 corpore
1717 2665 1808 2728 valido,
1822 2679 1867 2730 per

241 2749 359 2802 κλειιείων
370 2747 457 2810 λόγων,
472 2749 641 2811 Πυθαγορικῶν
650 2750 692 2798 καί
707 2751 875 2812 Σωκρατικῶν.
888 2747 925 2796 Ta
935 2749 977 2814 μὲν
987 2750 1031 2812 γὰρ
1077 2743 1175 2793 arisae
1196 2739 1300 2804 derupta
1322 2737 1394 2803 (nala
1414 2737 1485 2787 saitis
1505 2737 1595 2788 domus
1622 2737 1750 2801 mutnet)
1765 2737 1871 2801 praeibat

241 2819 344 2878 οίοθηιθι
364 2819 415 2866 καθ’
434 2818 600 2882 Ἡράκλειτον,
616 2835 647 2868 τοι
669 2819 694 2870 δὲ
707 2819 781 2878 νοητθι
798 2819 860 2868 κατὰ
876 2819 1029 2882 Πυθαγόραν,
1078 2827 1148 2875 eum,
1164 2813 1235 2877 cujus
1249 2811 1328 2861 anem
1339 2809 1447 2874 experiri
1464 2809 1577 2862 Tiberim
1588 2809 1731 2872 statuisset,
1747 2813 1773 2861 et
1785 2821 1869 2876 regre-

241 2892 273 2940 rd
282 2891 308 2939 st
319 2888 430 2939 πολιτικά
449 2890 512 2938 κατὰ
527 2891 656 2955 Σωκράτην
671 2891 814 2953 ἐφιλοσόφει.
833 2889 953 2954 Apuleius
964 2890 1030 2944 Flor.
1077 2883 1195 2945 utentem,
1208 2881 1230 2932 si
1244 2880 1359 2932 vanitatis
1370 2884 1414 2931 aut
1425 2879 1541 2932 trandum
1551 2881 1660 2946 suspicio
1672 2882 1824 2948 incesserat,
1840 2883 1865 2934 in

243 2968 257 3012 a
269 2961 333 3010 extr.
346 2962 422 3008 Porro
436 2962 519 3009 noster
536 2961 609 3012 Plato
620 2959 682 3011 nilrll
692 2959 723 3012 ab
741 2959 789 3010 hac
802 2961 924 3012 sectaret
941 2961 1031 3026 paulu·
1077 2955 1215 3018 subiectum
1227 2966 1294 3004 mare
1308 2951 1490 3018 praecipitabat,
1504 2967 1535 3004 ne
1548 2953 1622 3004 index
1636 2951 1719 3016 arcani
1729 2953 1867 3006 οιείιθοιεί.

242 3031 295 3081 lum
306 3029 397 3080 dorius
409 3029 601 3094 pythagorissat.
616 3030 763 3082 aristoteles
781 3031 925 3096 Memphi,
942 3034 1030 3095 ομττὰ
1077 3028 1154 3093 rgitur
1174 3025 1317 3089 Thrasyllus
1339 3023 1428 3076 iisdem
1448 3025 1551 3090 rupibus
1583 3023 1716 3086 inductus,
1736 3027 1869 3089 postquam

240 3103 266 3154 tt
279 3101 321 3158 rar
334 3101 455 3163 εῑθημύνας
469 3101 605 3168 φιλοσοφίας
620 3106 635 3162 η
650 3103 775 3160 Πλάτωνος
784 3103 906 3165 ίιτιγένετο
918 3120 1029 3168 πραγμα-
1076 3101 1276 3164 percunctantem
1304 3098 1486 3158 commoverat,
1510 3096 1643 3162 imperium
1662 3093 1711 3160 ipsi
1733 3093 1866 3148 etiaim

240 3171 307 3234 τιία,
318 3171 348 3222 τό
365 3170 408 3232 μίν
417 3171 493 3221 πολλὰ
505 3177 553 3229 τοῖς
565 3173 732 3238 Πυθαγορείοις
744 3174 835 3231 τούτοις
850 3173 1027 3238 ἀκολουθοῦσα,
1076 3169 1186 3220 sollerter
1201 3165 1359 3234 patefaciens,
1375 3165 1552 3232 interrogatur,
1571 3181 1602 3216 an
1621 3178 1693 3216 suam
1709 3177 1808 3230 quoqne
1822 3179 1868 3230 ge·

240 3245 271 3294 ιὰ
282 3243 308 3294 at
327 3243 367 3292 καὶ
378 3241 428 3292 ίδια
442 3243 506 3308 παρὰ
516 3245 558 3304 τὴν
578 3251 627 3298 τῶν
641 3245 767 3296 Ἰταλικῶν
781 3245 871 3310 ίχουσα
885 3247 1029 3310 φιλοσοφίαν.
1077 3241 1178 3292 nitelam
1192 3239 1280 3291 horam
1293 3236 1474 3302 comperisset:
1490 3239 1632 3300 quamtum
1645 3247 1751 3294 unhrain,
1768 3236 1867 3298 qualem

240 3315 284 3364 Ἐκ
297 3314 350 3364 νέου
365 3329 390 3362 τε
413 3314 458 3378 γὰρ
474 3314 643 3379 συγγινόμενος
665 3319 758 3380 πρῶτον
779 3315 894 3380 Κρατύλῳ
915 3319 956 3368 καὶ
979 3319 1029 3377 ταῖς
1074 3313 1141 3365 diem
1154 3311 1272 3364 haberet?
1285 3309 1340 3372 tile,
1354 3309 1449 3374 positus
1466 3307 1576 3360 siderum
1589 3321 1619 3358 ac
1632 3307 1712 3372 spatia
1724 3305 1865 3370 dimensus,

239 3384 425 3450 Ἧραιιλειτείαις
435 3385 519 3446 δόξαις,
529 3389 561 3445 ὡς
570 3386 735 3436 ἁπάντωντῶν
749 3387 869 3446 αίσθηιιθν
882 3387 918 3436 dal
929 3389 1028 3453 ῥεόντων
1075 3387 1169 3438 lmrsre
1180 3385 1275 3452 primo,
1288 3384 1345 3434 dein
1359 3395 1500 3446 pavescere,
1513 3385 1539 3432 et
1547 3381 1668 3446 quantum
1680 3378 1862 3444 introspiceret,

239 3459 280 3508 καί
291 3455 419 3516 ἐπιστήμης
430 3457 482 3518 περὶ
495 3456 572 3506 αὐτῶν
586 3458 628 3508 οὐκ
641 3457 714 3517 οὔσης
719 3495 728 3520 ,
740 3463 815 3508 ταῦτα
826 3459 867 3522 μίν
876 3462 917 3510 καὶ
932 3461 1029 3528 ύοτιροιι
1074 3459 1152 3524 magis
1163 3472 1193 3509 ac
1204 3456 1282 3520 tnagis
1294 3453 1405 3518 trepidus
1416 3451 1585 3504 admirationis
1597 3453 1623 3502 et
1635 3453 1727 3512 metus,
1740 3453 1866 3514 postlelno

239 3527 684 3593 ούτωςύιιιλαόεν.Σωκρότουςδίπιρί
697 3529 1027 3595 ρλντὰὴθικὰπροιγματιιιρ.
1074 3531 1206 3590 exclamat,
1224 3527 1368 3592 ambiguum
1383 3524 1432 3577 sibl
1448 3537 1478 3574 ac
1496 3537 1573 3588 prope
1592 3522 1711 3573 ultimum
1731 3521 1865 3576 disertum

240 3601 323 3662 μένου,
337 3599 390 3660 περὶ
400 3599 426 3647 δὲ
439 3604 480 3658 τῆς
494 3599 550 3658 θλης
561 3601 653 3662 φύσεως
664 3601 745 3662 οὐθέν,
760 3600 785 3650 ἐν
805 3602 883 3666 ρι’νιοι
897 3603 987 3661 τούτοις
999 3608 1027 3656 τὸ
1073 3604 1173 3652 instare.
1186 3603 1248 3650 Tum
1260 3598 1404 3662 complexus
1417 3607 1474 3645 cum
1487 3593 1613 3654 Tiberius,
1628 3591 1761 3658 praescium
1770 3593 1866 3657 pericu

239 3671 343 3720 καθόλου
350 3673 472 3728 ζητοῦντος
481 3673 521 3720 καὶ
530 3673 581 3736 περὶ
588 3673 693 3736 ὁρισμῶν
700 3672 870 3732 ίτιισιὴσαντσς
882 3674 977 3739 πρώτον
985 3693 1027 3736 την
1073 3673 1154 3724 lorum
1167 3674 1194 3724 et
1206 3671 1355 3722 hmlumom
1368 3668 1420 3718 iore
1433 3667 1557 3730 gratatnn
1575 3677 1686 3728 quaeque
1695 3662 1794 3714 dixerat
1804 3677 1862 3716 ora·

241 3740 356 3802 διάνοιαν,
371 3741 460 3791 ἐκεῖνον
474 3741 646 3807 ἀποδεξάμενος
655 3743 694 3794 διὰ
704 3744 731 3794 τό
745 3748 853 3794 τοιοῦτον
862 3746 976 3797 θπτλαόεν
991 3751 1023 3804 ὡς
1073 3744 1123 3795 culi
1129 3744 1180 3794 rice
1190 3741 1311 3806 accipiens
1319 3740 1385 3790 inter
1390 3738 1489 3788 intimos
1501 3737 1637 3787 amicerum
1644 3736 1720 3786 tenet.
1732 3735 1865 3788 Suetonius

239 3814 292 3877 περὶ
309 3813 394 3876 ἑτέρων
408 3817 480 3865 τοῦτο
497 3811 620 3878 γινόμενον
638 3815 679 3865 καλ
699 3813 727 3866 ού
747 3819 795 3864 τῶν
814 3815 935 3874 αίσθητῶν
954 3833 1025 3876 τινος·
1073 3817 1118 3867 vit.
1138 3815 1220 3865 Tiber.
1244 3826 1267 3866 c.
1291 3816 1320 3862 tl
1341 3809 1499 3874 Thrasyllum
1519 3821 1618 3872 quoque
1641 3807 1863 3872 mathematicum,

239 3885 352 3936 ᾰθθνατον
362 3884 407 3947 γὰρ
416 3885 477 3934 εἶναι
490 3887 531 3937 τθν
542 3885 621 3935 κοινὸν
633 3885 688 3949 θρον
703 3889 750 3934 τῶν
762 3885 883 3942 elaturus
901 3903 979 3950 τινος,
989 3889 1027 3942 tet
1073 3903 1146 3952 quem
1161 3890 1190 3938 ut
1206 3885 1331 3949 saptentiae
1342 3884 1507 3946 professorem
1527 3878 1690 3930 contubernio
1702 3878 1862 3936 admoverat.

237 3955 482 4019 representatur.
502 3955 578 4014 Ούτος
597 3957 639 4020 μίν
654 3955 695 4007 ούν
712 3957 859 4006 τὰτοιαῦτα
880 3961 928 4006 τῶν
950 3957 1026 4010 ὄντων
1074 3964 1128 4011 tum
1152 3958 1258 4009 martinio
1280 3958 1396 4019 expertus
1422 3957 1460 4004 cst
1484 3951 1661 4014 remantem,
1683 3960 1745 4001 nare
1765 3951 1865 4015 provisa

237 4029 300 4085 ίθθας
312 4026 507 4092 προσηγόρευσε,
527 4029 559 4078 τά
571 4029 592 4079 θ’
607 4029 710 4090 αίοθητὰ
729 4028 795 4092 καρὰ
813 4031 892 4078 ταῦτα
910 4031 1025 4081 καὶκατὰ
1073 4029 1189 4096 gaudium
1204 4027 1304 4086 atterri,
1318 4039 1395 4091 quum
1411 4025 1511 4090 quidem
1527 4023 1612 4084 illum,
1629 4023 1718 4074 durius
1736 4023 1762 4072 et
1776 4024 1863 4072 contre

236 4105 313 4150 ταῦτα
320 4099 428 4160 λέγεσθαι
442 4099 527 4148 πάντα·
544 4101 606 4150 κατὰ
617 4103 704 4164 μέθεξιν
713 4101 757 4164 γὰρ
770 4100 830 4150 εἶναι
844 4101 962 4150 τὰπολλὰ
975 4107 1023 4152 τῶν
1072 4100 1191 4165 praedicta
1206 4097 1350 4150 cadentibus
1366 4096 1456 4156 rebus,
1468 4097 1498 4146 ut
1508 4093 1599 4146 falsum
1613 4095 1639 4144 et
1654 4093 1809 4144 secretorum
1816 4093 1860 4142 te-

237 4168 444 4232 assumpserat<
460 4169 557 4222 ‘litata
572 4173 621 4231 Τὴν
633 4173 659 4222 δὲ
676 4173 765 4238 μέθεξιν
773 4171 880 4236 τοθνσμα
897 4175 969 4238 μόνον
986 4193 1027 4238 ρι-
1074 4171 1290 4232 mercamentum,
1310 4183 1340 4220 eo
1356 4169 1411 4234 ipso
1422 4169 1561 4228 momento,
1574 4165 1635 4216 dum
1655 4163 1775 4230 spatiatur
1792 4175 1861 4224 una,

236 4239 342 4290 τέθαλεν·
358 4241 380 4288 ot
395 4241 437 4302 μίν
451 4239 497 4304 γὰρ
509 4241 665 4307 Πυθαγόρειοι
679 4246 777 4307 μιμήσει
794 4243 826 4293 τὰ
839 4243 1024 4310 όνταφασίνεῖ-
1073 4243 1224 4308 precipitare
1239 4242 1264 4293 in
1277 4253 1346 4292 mare
1361 4239 1517 4290 destinasset.
1542 4237 1611 4288 ldem
1625 4249 1648 4286 c.
1666 4239 1704 4286 bi.
1718 4231 1793 4294 Quod
1814 4233 1864 4284 nisi

236 4327 274 4360 ναι
290 4315 337 4362 τῶν
361 4310 480 4374 ἀριθμῶν,
501 4311 603 4363 Πλάτων
625 4313 650 4364 rt
671 4315 777 4378 μεθέξει,
796 4313 902 4376 τοθνσμα
919 4318 1024 4380 prraes—
1072 4327 1129 4365 eum
1149 4317 1175 4364 et
1194 4325 1261 4363 mors
1283 4312 1457 4376 praevenisset,
1477 4311 1504 4360 et
1522 4307 1667 4372 Thrasyllus
1690 4303 1818 4366 consulto,
1833 4307 1863 4355 nl

238 4380 296 4430 leil·
312 4379 361 4440 Thr
378 4379 457 4442 μέντοι
469 4395 496 4442 tt
513 4382 602 4444 petrus
613 4385 628 4444 i
639 4387 680 4444 riv
696 4384 808 4448 μίμησιν,
823 4385 875 4446 ητις
891 4385 919 4436 ἂν
929 4386 965 4446 atq
978 4393 1025 4436 τῶν
1072 4385 1150 4450 ay‘unt,
1161 4383 1262 4434 distorre
1272 4381 1399 4446 quadam,
1415 4395 1458 4446 spo
1468 4379 1584 4444 longioris
1596 4375 1861 4442 presumpsisset

236 4453 316 4512 είθῶν,
329 4452 427 4514 tyrium
440 4450 465 4501 tr
478 4457 551 4517 κοινῷ
572 4459 656 4514 ζητεῖν,
675 4455 725 4505 'arr
744 4455 770 4506 θί
789 4456 853 4520 παρὰ
872 4457 904 4506 τά
924 4460 1026 4520 αἰσθητὰ
1072 4458 1154 4522 plures
1167 4457 1291 4520 aliquanto
1303 4459 1451 4514 necaturus,
1465 4465 1494 4503 sc
1509 4449 1651 4514 nereliquis
1662 4447 1766 4513 quidem
1783 4457 1859 4512 nepo·

236 4524 276 4572 κιιί
286 4522 317 4572 τὰ
329 4521 381 4580 σίδη
395 4520 426 4569 τὰ
444 4524 600 4586 μαθηματικὰ
615 4530 663 4574 τῶν
679 4527 824 4590 πραγμάτων
836 4527 898 4577 strat
906 4545 962 4591 φησι
979 4549 1023 4592 ρι-
1071 4527 1138 4579 tibus
1150 4541 1269 4594 parsurus
1281 4525 1399 4577 creditur.
1416 4525 1486 4578 idem
1495 4523 1540 4575 vit.
1557 4524 1648 4573 octav.
1665 4536 1688 4573 α
1706 4524 1738 4574 aa
1748 4533 1859 4580 versum,

235 4595 352 4652 ταξθκτλ.
371 4590 429 4642 vid.
446 4592 550 4645 Bonitaii
563 4595 727 4648 commentar.
742 4611 767 4663 p.
783 4601 814 4648 θθ
828 4611 897 4664 seqq.
1071 4599 1235 4664 compositum
1249 4601 1413 4662 estcnrpcre,
1425 4592 1670 4658 clarepronuntiavit
1688 4611 1695 4644 τ
1714 4596 1815 4642 κτιοτοθ
1832 4591 1861 4642 lt

267 4665 318 4730 (³⁰)
333 4662 374 4713 οἷ·
390 4664 482 4714 Mllurs·
498 4668 561 4731 Opp.
582 4665 621 4717 ed.
637 4669 705 4722 Lam.
723 4671 751 4718 Τ.
769 4669 805 4718 vl
822 4681 846 4730 p.
870 4671 932 4729 447;
950 4671 1023 4720 Voss.
1071 4673 1162 4735 τύμβον
1184 4671 1275 4736 sinopae
1294 4669 1447 4734 πυρούμενον.
1478 4667 1667 4728 conversusque
1691 4663 1723 4714 ad
1743 4661 1862 4725 Thrasyl-

236 4737 329 4789 ilistor.
348 4745 386 4799 gr.
397 4735 430 4796 Π,
444 4739 495 4801 θρ.
512 4741 572 4802 Πθγ
591 4738 688 4791 Fabric.
706 4737 769 4791 Bibl.
786 4741 919 4804 groc.1v,
939 4746 977 4802 aa,
995 4745 1022 4802 t;
1071 4743 1137 4808 lum,
1157 4741 1249 4794 Tiberii
1263 4742 1394 4802 comitem,
1411 4742 1496 4792 oonha
1515 4737 1674 4788 eocubmuanr
1699 4736 1726 4785 et
1746 4733 1860 4796 ignarum

235 4807 309 4860 scrin
324 4807 350 4858 in
371 4807 558 4860 amorraeus
574 4809 736 4862 t'rlcndemte
751 4809 796 4861 des
812 4811 980 4876 trucrtptloas
999 4816 1025 4863 et
1070 4812 1121 4872 rei,
1146 4811 1321 4876 interrogarit,
1341 4813 1470 4874 cujmnam
1488 4810 1570 4874 poete
1588 4805 1688 4871 putaret
1709 4816 1764 4854 esse
1788 4815 1862 4866 :quo

234 4879 409 4932 belles-lettres
418 4881 488 4942 17³2,
500 4881 570 4934 Tum.
580 4883 630 4947 llp.
643 4880 1023 4948 seurfflcpledcphilosopnis
1072 4883 1216 4948 hnutante,
1229 4882 1335 4947 subiecit
1347 4882 1421 4934 alium
1440 4903 1445 4932 ι
1460 4883 1515 4946 ὁρᾷς
1533 4879 1620 4944 φόσσαι
1632 4877 1766 4940 Πασγθθιιν
1781 4875 1860 4928 τινώ-

235 4951 279 5016 ιγιιὶ
289 4951 523 5003 aomaeaocoerum.
535 4953 614 5004 Berol.
630 4957 697 5005 leti.
708 4957 762 5020 ep.
775 4957 819 5017 θθς
829 4951 1022 5018 mulerrragm.
1070 4971 1155 5019 μενονς
1167 4967 1198 5006 ac
1213 4954 1244 5006 de
1254 4954 1302 5006 hoc
1311 4967 1410 5019 quoque
1422 4951 1545 5004 consuluit
1558 4969 1565 5000 ι
1577 4963 1655 5014 quum
1666 4947 1706 4999 ille
1720 4945 1780 4998 nihil
1792 4943 1859 4995 alind

233 5021 293 5073 hlst.
307 5035 344 5086 gr.
361 5025 389 5075 T.
400 5024 437 5074 [Π
451 5033 476 5086 p.
488 5026 611 5088 tel-5043
623 5025 720 5078 llartim
734 5023 766 5076 ad
775 5026 869 5078 Theon.
879 5025 974 5087 Smyrn.
989 5026 1021 5080 de
1069 5025 1243 5092 responderet,
1258 5039 1349 5091 quam,
1367 5037 1536 5088 crquscnnqne
1548 5025 1646 5083 essent,
1661 5019 1769 5085 optirnoa
1784 5025 1859 5098 esset

234 5097 332 5146 Δισοιι.
344 5107 370 5158 p.
383 5096 469 5152 θθθθι
488 5095 516 5146 0.
530 5095 570 5148 Fr.
589 5097 747 5149 ilermannus
764 5097 790 5150 in
809 5095 975 5161 disputatione
990 5097 1021 5150 de
1067 5096 1215 5146 cachinnum
1231 5097 1332 5148 sustulit
1351 5098 1424 5161 atque
1437 5096 1539 5159 injocos
1553 5091 1648 5144 eltusus
1668 5091 1715 5142 ost.
1727 5087 1798 5170 Idem
1813 5087 1858 5136 vrt.

233 5163 1022 5233 Thrasyllogrammaticoetmatlrematico.tlottingnlesaetnos
1068 5167 1137 5232 Oelig
1160 5167 1317 5231 eloquor
1337 5167 1496 5233 Thrasyllus,
1518 5161 1722 5224 mathematicos,
1738 5171 1811 5210 ουιιο
1826 5157 1859 5208 de

234 5237 266 5287 all
278 5236 411 5286 Democriti
422 5236 509 5300 irtam
524 5252 548 5304 p.
563 5243 665 5292 tlt-luo.
680 5268 708 5278 -
721 5241 771 5306 (tl)
787 5243 824 5292 lie
835 5239 883 5290 hoc
896 5239 1021 5291 luvenalis
1068 5251 1210 5290 successore
1222 5238 1321 5292 'liberio
1338 5243 1364 5294 et
1379 5241 1405 5291 in
1419 5236 1633 5302 remmncpotern
1648 5231 1766 5300 proniori,
1786 5227 1859 5278 altr-

234 5305 367 5360 sohollasta
390 5305 422 5356 ad
437 5307 488 5357 sat.
513 5313 556 5374 Vl,
572 5315 615 5363 ⁵74
632 5313 665 5363 ait
690 5327 695 5358 ε
720 5313 862 5380 Thrasyllus
886 5313 1020 5365 maritarum
1069 5319 1175 5376 mosset,
1188 5317 1327 5378 nonmagis
1343 5317 1428 5380 cajum
1442 5315 1720 5378 imperaturum,qnam
1735 5304 1861 5372 pcrsstl'fl'
