4020 5950
258 419 299 482 θλ
969 417 1165 480 samusart

253 551 344 620 σκότος
359 551 434 633 φόοιι
451 551 489 630 μὴ
508 554 552 631 όν)
574 550 719 632 ἁμαρτόντι
737 558 748 586 ⁸
766 549 814 627 pir
828 540 872 610 obt
888 551 974 632 ψυχή,
992 550 1032 610 ότι
1078 571 1132 628 que
1152 553 1367 624 animaduertit,
1381 553 1432 608 aad
1444 569 1522 628 crepe
1532 547 1662 623 fallitur.
1678 579 1719 596 -
1737 554 1751 596 Ι
1770 547 1832 630 ἀραί

254 639 354 724 ἐφίεται
366 643 483 720 ἀγαθοῦ,
496 642 629 700 πλανθται
649 638 677 700 δὲ
692 639 752 718 περὶ
769 638 800 699 τὸ
814 640 928 718 ἀγαθόν,
940 639 980 700 ότι
995 640 1032 717 μὴ
1079 639 1207 700 correxit
1217 639 1362 712 Orellins;
1378 638 1469 715 vulgo
1484 635 1586 716 ciprani.
1602 636 1658 717 m)

254 728 348 809 πρόιτη
371 727 441 789 ίστλν
457 727 467 766 ¹
483 729 569 792 οὐσία.
596 725 680 810 Ὑπὲρ
704 727 732 788 δί
750 734 795 788 τοῦ
814 727 852 804 μὴ
867 730 1033 803 πλανᾶσθαι,

254 817 299 878 καλ
315 819 493 892 πλανηθεῖσαν
506 816 709 899 θεραπεύεσθαι,
723 814 809 876 πολλὰ
828 815 900 896 παρὰ
916 819 980 876 θεῶν
992 840 1033 896 γι·
1397 797 1466 876 Κεφ·
1497 792 1540 872 tr'.

253 906 348 986 νόμενα
361 905 432 967 ἔστιν
446 907 520 969 ἰδεῖν.
537 907 591 968 Καί
604 905 655 990 γὰρ
666 904 758 987 τέχναι
773 906 818 964 καὶ
830 907 975 983 ίπιστῆμαι
989 905 1034 968 καὶ

254 996 316 1079 ἀραί
329 1004 359 1072 ⁸,
374 997 452 1078 εὐχαί
461 1020 489 1058 τι
505 996 549 1056 καί
564 995 650 1056 θυσίαι
666 995 712 1056 καὶ
726 993 829 1053 τελεταί
836 1037 844 1067 ,
860 993 935 1072 νόμοι
948 993 1034 1054 τεκαὶ

253 1089 401 1160 πολιτεῖαι,
416 1087 487 1146 δίκαι
498 1111 527 1145 τε
540 1085 585 1146 καί
595 1084 714 1151 κολόσεις
730 1083 772 1144 διό
786 1081 816 1142 τό
830 1083 939 1142 κωλύειν
949 1083 1035 1166 ψυχλς
1121 1089 1188 1171 Περὶ
1202 1091 1250 1168 μὲν
1263 1080 1306 1148 οὖν
1319 1091 1383 1152 θεῶν
1396 1087 1441 1148 καὶ
1454 1087 1556 1165 κόσμου
1570 1086 1614 1146 καλ
1629 1089 1681 1145 τῶν
1693 1087 1862 1168 ἀνθρωπίνων

254 1174 414 1252 ἁμαρτάνειν
437 1174 570 1254 ἐγένοντο·
594 1174 639 1234 καί
670 1177 717 1232 τοῦ
741 1171 864 1250 σώματος
885 1171 1035 1242 ἐξελθούσας
1080 1175 1245 1254 πραγμάτων
1263 1183 1317 1242 τοῖς
1337 1175 1405 1252 μήτε
1421 1174 1464 1235 td
1487 1174 1639 1254 φιλοσοφίας
1655 1177 1767 1255 ἀχθῆναι
1784 1176 1862 1234 δονα-

253 1265 305 1322 θεοί
322 1264 458 1344 καθοίρσιοι
469 1264 514 1323 κοιλ
529 1263 650 1339 δαίμονες
664 1265 716 1321 τῶν
728 1260 929 1340 ἁμαρτημάτων
942 1263 1034 1322 καθαί-
1081 1265 1183 1342 μένοις,
1208 1263 1274 1342 μηδὲ
1298 1262 1345 1332 τός
1371 1263 1460 1346 ψυχὰς
1484 1263 1616 1336 ἀνιάτοις,
1640 1263 1746 1346 ἀρκίσει
1767 1270 1861 1326 ταῦτα.

254 1374 335 1429 ρουοι.
479 1346 482 1354 ’
1083 1351 1150 1432 Περὶ
1162 1351 1190 1412 θλ
1208 1355 1254 1411 τοῦ
1266 1351 1279 1389 ⁰
1289 1349 1326 1428 μὴ
1341 1351 1460 1430 γενίσθαι
1473 1357 1558 1412 ταῦτα
1568 1351 1649 1429 ποτέ,
1660 1353 1728 1428 μηδὲ
1741 1353 1864 1422 ἀλλήλων

292 1446 304 1475 ⁸
319 1439 396 1502 iltlt
411 1443 468 1506 πῶς
482 1441 547 1498 θεῶν
557 1441 661 1518 ἀγαθῶν
676 1437 756 1498 όντων
773 1437 818 1497 κοιλ
829 1436 917 1496 πάντα
932 1437 1033 1498 ποιοιίν·
1082 1441 1240 1521 χωρίζεσθαι
1258 1439 1378 1499 λείπεται
1392 1441 1491 1517 λέγειν,
1508 1440 1598 1513 inaniri
1613 1439 1658 1500 καί
1672 1445 1748 1517 ἡμεῖς
1766 1443 1793 1500 ἐν
1811 1445 1866 1509 τοῖς

253 1554 304 1588 των
318 1530 350 1587 τὰ
363 1528 432 1587 κακόν
443 1531 469 1586 ἐν
482 1533 520 1607 τῷ
535 1527 642 1609 κόσμιρ;
657 1529 744 1608 ]Vid.
754 1528 891 1586 Procium
908 1529 938 1586 in
955 1526 1034 1588 Tim.
1084 1529 1171 1607 λόγοις
1185 1529 1236 1588 ὑπὸ
1249 1530 1301 1588 τῶν
1315 1527 1425 1608 πρόιτων
1445 1529 1477 1588 τό
1492 1529 1599 1610 δεύτεροι
1613 1528 1720 1606 εἴπομεν
1734 1529 1861 1609 γίνεσθαι.

254 1639 283 1698 p.
305 1621 376 1688 1233
401 1615 552 1674 lamblich.
567 1615 670 1678 Theoi.
690 1616 803 1694 AEgypt.
820 1614 896 1674 sect.
916 1613 955 1674 IV
971 1636 1035 1694 cap.
1086 1619 1145 1676 llas
1164 1615 1650 1698 septimuntiumeisaei
1671 1617 1740 1676 sard
1754 1617 1864 1696 δύναμιν

254 1709 282 1778 6,
299 1728 328 1778 7,
348 1709 383 1776 8,
399 1725 435 1780 9,
460 1725 513 1778 ¹03
534 1703 654 1764 Maxim.
675 1704 749 1782 Tyr.
773 1705 895 1764 Dissert.
918 1701 993 1760 xiv
1009 1719 1038 1763 et
1082 1704 1190 1783 γίνεται.
1204 1703 1249 1764 Tb
1269 1702 1317 1780 pir
1340 1696 1384 1764 ob
1404 1706 1473 1764 κατὰ
1487 1704 1584 1786 τόχνην
1604 1704 1621 1777 ἣ
1642 1705 1720 1786 φύσιν
1737 1709 1864 1766 ποιοῦντα

254 1797 337 1854 alios.
349 1825 388 1838 —
403 1793 416 1830 b
433 1791 523 1866 ἐπειδὴ
540 1799 592 1859 πᾶς
611 1791 667 1859 θεὸς
689 1790 799 1873 ἀγαθός]
816 1791 860 1850 Cf.
878 1791 1037 1852 Democriti
1084 1791 1199 1872 πρότερα
1214 1782 1342 1852 εἶναιτῶν
1354 1792 1515 1872 ποιουμένων
1528 1793 1644 1873 ἀνάγκη·
1657 1793 1691 1854 rit
1702 1793 1729 1854 δί
1743 1794 1813 1853 κατὰ
1823 1793 1867 1853 δό-

254 1886 356 1960 fragm.
371 1883 473 1942 irrorat.
502 1882 548 1942 13.
565 1882 623 1942 rol.
642 1881 664 1954 1,
680 1903 709 1962 p.
730 1883 782 1950 341
809 1894 837 1938 et
857 1880 1037 1942 lamblichus
1081 1903 1161 1960 ναμιν
1176 1883 1233 1958 μεθ’
1248 1883 1348 1940 ἑαυτῶν
1360 1879 1499 1956 συνίστησι
1512 1883 1546 1942 τὰ
1559 1881 1700 1962 γινόμενοι,
1713 1883 1803 1955 ἐπειδὴ
1819 1885 1868 1942 καὶ

252 1973 288 2032 de
303 1985 422 2049 myster.
440 1982 509 2031 sect.
527 1969 564 2028 lv
582 1990 646 2050 cap.
660 1972 689 2030 6.
701 2000 742 2014 —
756 1975 768 2006 ⁰
782 1970 805 2026 εἰ
820 1966 847 2026 δὲ
860 1967 984 2045 δαίμονός
998 1992 1036 2037 τις
1082 1967 1130 2041 riv
1144 1968 1254 2046 δύναμιν
1267 1969 1414 2050 ἀχώριστον
1425 1969 1494 2052 ἔχει·
1504 1969 1595 2052 ὥσπερ
1612 1971 1643 2043 δὴ
1654 1970 1726 2043 ἥλιος
1737 1971 1786 2050 μὲν
1800 1976 1867 2053 φῶς,

250 2059 322 2138 λέγει
348 2058 460 2134 κακούς]
486 2057 565 2136 quod
587 2058 701 2137 primus
726 2056 804 2136 apud
832 2055 946 2118 Graecos
970 2058 1038 2118 serit
1082 2061 1136 2136 πῦρ
1151 2057 1178 2116 a
1201 2058 1365 2137 θερμότητα,
1387 2058 1454 2138 χιὼν
1470 2057 1498 2120 δὲ
1519 2059 1682 2140 ψυχρότητα.
1700 2062 1735 2121 Εἰ
1755 2060 1803 2140 μὲν
1820 2054 1866 2122 οὖν

251 2146 451 2228 Empedocles.
471 2143 536 2205 vid.
550 2165 596 2208 vs.
617 2167 690 2206 1-10
707 2146 768 2206 vol.
785 2145 877 2224 lpag.
901 2166 925 2206 1.
942 2145 1036 2204 inea·
1084 2143 1163 2225 τέχνῃ
1184 2145 1229 2204 τὸν
1253 2146 1350 2225 κόσμον
1372 2155 1476 2209 ποιοῦσι
1489 2147 1562 2226 θεοί,
1583 2150 1613 2208 οὗ
1628 2148 1659 2208 τὸ
1680 2139 1766 2221 εἶναι,
1787 2149 1818 2209 τὸ
1838 2150 1867 2212 δὲ

245 2223 317 2295 λίσῃ]
332 2233 473 2294 sententia
488 2231 543 2291 suit
556 2233 742 2312 Porphyrius
761 2233 838 2313 apud
853 2233 989 2290 Proetum
1005 2234 1037 2292 in
1082 2233 1180 2294 τοιόνδε
1190 2223 1256 2294 εἶναι
1270 2240 1387 2294 ποιοῦσι·
1401 2244 1477 2296 udan
1488 2235 1539 2316 γὰρ
1549 2237 1629 2318 τέχνη
1643 2237 1674 2297 τό
1685 2226 1750 2304 εἶδος
1764 2247 1866 2298 οποιεῖ.

1252 966 1306 1020 Πῶς
1318 964 1347 1012 τὰ
1357 963 1422 1012 ἀίδια
1436 965 1525 1025 λέγεται
1539 962 1681 1026 γίγνεσθαι.Ι

138 2339 143 2348 ·
251 2321 394 2382 Τίιιιωιιιιι
410 2319 462 2378 lib.
482 2317 494 2376 l
515 2339 583 2398 pag.
601 2327 638 2387 at
658 2334 688 2380 et
706 2321 743 2378 53
761 2339 794 2380 ac
812 2321 848 2378 de
864 2317 972 2380 abstin.
990 2319 1036 2390 tl,
1084 2323 1168 2382 Πόθεν
1182 2315 1226 2382 οὗν
1240 2321 1271 2382 τὺ
1284 2313 1352 2382 εἶναι
1370 2327 1408 2405 τῷ
1420 2324 1529 2406 κόσμῳ;
1552 2323 1629 2385 atti
1654 2325 1750 2406 φύσει,
1769 2327 1825 2394 πῶς
1837 2326 1868 2385 τὸ

253 2413 290 2469 38
304 2430 386 2488 seqq.
404 2409 551 2488 duplicem
565 2409 718 2484 geniorum
732 2409 857 2487 speciem
873 2421 934 2466 trrm
944 2406 1038 2466 bono·
1084 2409 1159 2490 φύσει
1182 2417 1271 2471 ποιοῦν
1294 2415 1343 2492 οὐχ
1358 2418 1450 2472 ἑαυτοῦ
1471 2437 1497 2472 τι
1521 2413 1612 2474 δίδωσι
1627 2411 1641 2448 ⁶
1662 2417 1700 2495 τῷ
1720 2413 1867 2495 γινομένῳ,

252 2521 315 2559 rum
331 2512 391 2558 tum
406 2497 549 2555 malorum
570 2517 634 2557 este
649 2499 770 2558 ducens.
787 2529 827 2543 -
843 2495 856 2532 ί
869 2496 930 2576 περὶ
946 2495 973 2554 δὲ
991 2494 1037 2564 τός
1084 2503 1231 2577 ἀσωμάτων
1246 2500 1273 2562 δὲ
1289 2503 1353 2560 θεῶν
1368 2500 1449 2560 όντων
1465 2503 1547 2582 ἐχρῆν
1560 2501 1607 2561 καὶ
1622 2501 1666 2560 τθν
1681 2502 1780 2579 κόσμον
1795 2501 1865 2562 θοόν-

251 2592 303 2648 τῶν
318 2585 461 2668 ἀνθρώπιον
477 2583 623 2666 ἐνεργείας]
637 2585 682 2645 Ci.
699 2586 823 2646 Procius
834 2586 864 2644 in
880 2585 957 2644 Tim.
970 2604 1036 2664 pag.
1084 2611 1166 2662 ματον
1179 2577 1255 2648 εἶναι.
1276 2591 1308 2650 Ei
1324 2587 1351 2647 it
1373 2589 1432 2656 τοὺς
1448 2591 1520 2658 drabe
1532 2589 1646 2669 σώματα
1658 2589 1729 2670 λίγοι
1744 2616 1801 2669 τις,
1815 2592 1867 2652 πό·

255 2677 309 2736 115
332 2697 392 2754 seq.
405 2689 433 2732 et
450 2674 556 2732 Plotin.
574 2673 706 2732 Ennead.
725 2671 766 2731 lli
784 2671 836 2732 tib.
853 2673 881 2732 ll
893 2693 957 2752 cap.
973 2675 1035 2746 3-7.
1084 2683 1126 2736 θεν
1138 2681 1190 2736 τῶν
1205 2678 1354 2754 ἀσωμάτων
1372 2683 1388 2749 ἡ
1405 2677 1530 2756 δύναμις,
1544 2679 1578 2740 Ei
1596 2677 1624 2737 di
1637 2684 1715 2738 τοῦτο
1729 2679 1868 2762 συγχωρή-

251 2771 312 2811 -⁰
327 2761 475 2841 ἁμαρτάνει
485 2760 622 2838 duxisti
634 2759 783 2838 οἷγαθότητοι
795 2760 894 2838 γίνεται
904 2759 938 2820 nd
953 2762 1036 2822 κακοί·
1086 2789 1195 2841 σαιμεν,
1226 2766 1393 2847 φθειρομένου
1434 2772 1479 2826 τοῦ
1512 2767 1613 2845 κόσμου
1642 2770 1686 2825 τὀν
1720 2767 1867 2840 ποιήσαντα

252 2849 361 2931 (ὥσπερ
378 2851 421 2907 διὰ
437 2849 466 2906 τὸ
482 2851 535 2928 φῶς
549 2847 587 2924 μὴ
607 2837 673 2906 ciret
688 2847 788 2928 γίνεται
804 2847 894 2916 σκότος
909 2849 984 2930 φύσει
999 2850 1036 2928 μὴ
1085 2855 1235 2936 φθείρεσθαι
1250 2853 1456 2934 ἀνάγκη,“είπερ
1471 2854 1627 2936 κατὰφύσιν
1640 2863 1719 2917 ποιεῖ.
1736 2858 1770 2916 Et
1786 2856 1812 2914 δὲ
1828 2854 1867 2936 μὴ

252 2939 297 3018 όν)
316 2935 463 3016 ἁμαρτόντι
485 2935 532 3014 μὲν
554 2926 599 2996 obv
621 2935 713 3018 ψυχή]
731 2935 773 2996 ita
794 2938 949 3016 legendum
971 2960 1036 2998 cum
1086 2941 1168 3021 τέχνῃ
1192 2939 1259 3018 μηδὲ
1278 2943 1354 3023 φύσει
1369 2943 1413 3004 τόν
1429 2944 1526 3022 κόσμον
1552 2949 1652 3003 ποιοῦσι
1671 2943 1742 3021 θεοί,
1759 2944 1868 3022 δυνόμει

253 3025 546 3102 Orelli03vulgohic
561 3026 768 3086 scribebatur:
783 3027 930 3108 ἁμαρτάνει
947 3027 1036 3107 ψυχή,
1085 3031 1203 3089 λείπιται
1218 3030 1305 3108 μόνον.
1319 3033 1380 3093 llas
1395 3031 1422 3091 δὲ
1441 3032 1471 3090 τὸ
1486 3031 1598 3111 δυνόμει
1611 3031 1799 3113 γινόμενοντῷ
1819 3032 1868 3104 τὴν

253 3117 298 3175 καὶ
314 3113 346 3174 δι’
362 3112 513 3192 ἀγαθότητοι
526 3110 626 3190 γίνεται
636 3111 668 3170 τὰ
685 3111 874 3188 κακοί,ὥσπερ
886 3113 929 3173 td
942 3114 972 3174 τὸ
983 3117 1037 3196 φῶς
1085 3118 1193 3195 δύναμιν
1216 3119 1304 3200 ἔχοντι
1330 3119 1529 3202 συνυφίσταται.
1557 3121 1612 3182 liat
1634 3119 1692 3180 οὐδὲ
1724 3123 1869 3183 ἀπολέσθαι

258 3204 295 3283 μὴ
312 3191 380 3262 εἶναι
393 3200 492 3282 γίνεται
507 3201 598 3270 σκότος
613 3200 688 3283 φύσει
704 3200 741 3278 pi,
757 3199 798 3262 όν.
815 3200 841 3261 ‘A
846 3204 972 3282 perpatitur
989 3203 1037 3282 μίν
1085 3207 1148 3266 ποτὲ
1164 3207 1196 3268 τὰ
1207 3208 1287 3276 οὕτως
1299 3208 1422 3289 γινόμενα
1435 3209 1560 3282 δύναται,
1572 3212 1594 3268 εί
1606 3209 1642 3284 pri
1653 3233 1692 3278 τις
1705 3215 1752 3269 τοῦ
1764 3216 1867 3270 ποιοῦν·

255 3281 300 3351 οὖν
316 3288 398 3372 ψυχή.
420 3290 483 3335 -ί
502 3290 542 3348 ότι
557 3287 594 3366 μὴ
624 3289 715 3368 πρώτη
732 3287 803 3349 ἐστίν
823 3289 918 3370 οὐσία]
936 3309 1037 3352 sensus
1086 3320 1127 3364 τος
1141 3297 1232 3379 ἀφέλοι
1251 3298 1299 3370 τλν
1314 3297 1440 3377 δύναμιν·
1456 3297 1523 3358 ὥστε
1539 3301 1563 3358 ni
1582 3299 1624 3361 τὸν
1641 3297 1739 3374 κόσμον
1755 3298 1870 3380 φθείρον-

252 3394 294 3440 est
310 3402 317 3438 ε
331 3393 433 3458 peccat
445 3385 556 3436 animus
563 3395 719 3457 propterea
732 3383 807 3457 quod
817 3401 883 3454 nou,
899 3396 929 3440 ut
938 3390 1035 3460 primu
1087 3408 1127 3452 τες
1140 3391 1152 3420 ⁰
1166 3386 1237 3453 θεοὺς
1252 3385 1289 3462 μὴ
1307 3376 1374 3445 ε’ίναι
1388 3385 1524 3466 λέγουσιν,
1542 3385 1559 3458 ἢ
1581 3386 1652 3453 θεοὺς
1668 3377 1734 3446 εἶναι
1754 3387 1871 3466 λέγοντες

252 3490 343 3527 rerum
358 3477 482 3526 omnium
494 3475 645 3526 causative
657 3473 726 3526 deur
738 3485 838 3528 cuncta
850 3475 975 3547 providet
989 3487 1036 3530 at-
1087 3473 1130 3533 τὸν
1150 3474 1206 3535 θεὸν
1221 3481 1339 3535 ποιοῦσιν
1356 3475 1495 3536 ἀδύνατον.
1514 3475 1631 3551 Δυνοίμει
1648 3476 1696 3551 μὲν
1717 3466 1761 3534 οἷόν
1782 3485 1870 3532 πάντα

251 3673 410 3738 quandonon
428 3657 645 3736 pecuniosissimus
659 3672 766 3735 quisque
780 3671 888 3736 civium,
901 3675 945 3724 sed
959 3689 1037 3738 popu·
1059 3676 1063 3716 t
1084 3676 1116 3726 ad
1141 3678 1250 3741 aliquam
1270 3677 1419 3743 pravitatem
1442 3677 1534 3728 venire.
1568 3679 1645 3726 Porro
1671 3676 1771 3741 etquis
1793 3677 1872 3727 malos

252 3763 292 3815 lus
304 3763 416 3814 omnimo
428 3775 512 3813 reram
523 3760 639 3811 dominus
652 3761 700 3812 est.
1084 3765 1166 3828 genios
1185 3779 1241 3817 esse
1258 3767 1306 3828 ait,
1328 3765 1362 3816 illi
1383 3765 1406 3816 si
1426 3779 1441 3815 a
1459 3765 1507 3815 diis
1529 3766 1594 3816 vires
1613 3767 1726 3827 sumunt,
1740 3765 1799 3816 mall
1822 3780 1869 3815 nun

1084 3856 1169 3916 erunt3
1182 3853 1205 3904 si
1217 3854 1329 3917 aliunde,
1340 3867 1389 3904 non
1402 3854 1484 3904 omnia
1497 3854 1532 3904 dii
1544 3855 1681 3918 procreant.
1715 3855 1809 3913 Quodsi
1822 3867 1871 3904 non

579 3931 639 3994 cil)-
653 3931 710 3979 le
1084 3942 1166 3992 omnia
1183 3945 1329 4007 procreant,
1344 3944 1389 3994 ant
1402 3942 1543 3992 volentibus
1563 3941 1634 3993 deest
1648 3941 1766 4003 incultas,
1780 3944 1824 3993 aut
1835 3943 1871 3992 ta·

498 4081 503 4090 .
1085 4033 1202 4084 cultatem
1236 4033 1384 4085 habentibus
1406 4033 1534 4094 voluntas,
1558 4045 1662 4097 qnorum
1686 4035 1800 4080 neutrum
1824 4032 1873 4082 deo

318 4083 382 4128 unde
400 4081 613 4134 mmmmm
625 4079 677 4124 mn
694 4083 801 4126 mmmm
818 4080 904 4126 ”uuam
916 4093 970 4128 ω’
1084 4123 1200 4172 θεοοτοιιι
1212 4124 1258 4172 est.
1291 4122 1445 4187 tttbiligitur
1461 4121 1487 4172 in
1502 4122 1595 4172 mundo
1611 4122 1698 4171 natura
1711 4119 1871 4170 mulumesee

284 4214 332 4265 sed
348 4227 397 4278 quo
414 4213 501 4277 pacto,
514 4210 633 4274 quamdii
646 4210 909 4276 bonisiutornuiaquc
923 4214 1038 4274 efficiant,
1086 4210 1169 4260 exus
1186 4211 1256 4262 tacite
1273 4211 1421 4274 inteligitur.
1455 4208 1723 4262 Vernminbominnm
1736 4221 1873 4275 eorumque

254 4305 318 4355 mala
339 4305 398 4354 sunt
413 4301 438 4352 in
453 4300 564 4352 mundet
576 4304 626 4352 Aut
644 4301 691 4351 hoc
711 4301 792 4366 ipsum
814 4303 919 4366 primum
940 4303 1039 4364 quidem
1085 4312 1133 4348 uon
1146 4299 1255 4349 omnium
1276 4299 1426 4360 actionibus,
1439 4311 1485 4350 nec
1500 4302 1582 4349 tamen
1596 4311 1700 4362 semper,
1717 4295 1783 4347 mala
1802 4311 1870 4348 com·

253 4394 302 4444 dici
315 4392 425 4457 oportet,
438 4403 514 4452 quum
529 4389 564 4438 dii
585 4388 642 4438 linui
657 4389 707 4440 sint
720 4390 879 4452 omniumque
898 4403 1039 4440 rerumau-
1086 4390 1179 4452 parcnt.
1213 4390 1337 4446 Quantum
1352 4387 1383 4437 ad
1395 4387 1497 4462 brechei
1509 4391 1610 4452 propter
1621 4387 1703 4450 ipsum
1720 4386 1813 4436 malum
1826 4385 1872 4435 bo·

254 4485 352 4542 ctores,
366 4479 460 4529 malum
472 4479 559 4527 natura
571 4490 619 4527 non
631 4491 699 4540 esse,
711 4477 754 4528 red
767 4477 824 4526 boni
839 4476 950 4527 alisontia
959 4476 1039 4541 gigni,
1085 4475 1162 4526 minos
1176 4475 1361 4539 delinquerent,
1374 4475 1428 4540 ipss
1441 4475 1528 4540 ntique
1540 4477 1630 4526 natura
1642 4475 1709 4524 mala
1726 4475 1790 4524 toret
1809 4494 1815 4524 ι
1828 4475 1871 4525 sed

256 4565 466 4633 quemadmodum
483 4565 592 4616 tenebra
606 4577 706 4631 quoque
727 4564 788 4630 ipsu
809 4577 852 4628 per
866 4577 893 4614 se
908 4577 956 4614 nou
975 4562 1039 4626 sint,
1085 4577 1162 4626 quum
1183 4563 1280 4615 adulter
1301 4565 1449 4615 adulterium
1472 4564 1572 4628 quidem
1593 4563 1699 4626 malum,
1721 4564 1874 4629 voluptatem

255 4657 298 4708 sed
311 4653 644 4706 lucisdet‘entaoborianmr.
678 4651 797 4703 Estentm
810 4664 922 4714 necesse,
937 4651 1040 4703 simodo
1085 4650 1189 4714 bonam,
1209 4649 1332 4703 homicida
1345 4654 1437 4703 eudem
1452 4653 1552 4718 quidun
1573 4651 1679 4715 malam,
1695 4652 1740 4702 sed
1757 4651 1872 4716 pecunias

254 4745 346 4796 melum
358 4745 412 4808 est,
423 4745 468 4795 ant
484 4743 510 4794 in
522 4743 584 4806 diis,
596 4745 640 4794 ant
653 4743 679 4792 in
691 4739 828 4803 mentibus,
839 4741 884 4792 ant
896 4739 922 4791 in
934 4739 1038 4806 animis,
1085 4740 1162 4790 binas
1183 4741 1320 4804 sustinuat,
1346 4744 1371 4792 et
1391 4741 1433 4805 qui
1452 4741 1559 4793 inimicis
1579 4744 1653 4792 nocet
1672 4753 1760 4792 nocere
1774 4739 1873 4803 quidm

254 4839 298 4886 aut
316 4835 343 4885 iu
356 4832 501 4898 corporibus
512 4845 575 4884 esse.
608 4832 640 4882 nt
653 4831 679 4881 in
690 4829 738 4880 diis
754 4843 803 4878 non
817 4831 871 4894 est,
890 4829 1041 4894 quemdem
1086 4829 1195 4891 mnium,
1208 4831 1295 4882 ulcisci
1317 4835 1400 4882 autem
1420 4831 1534 4882 inimicos
1548 4831 1640 4880 bonum
1655 4843 1710 4880 ease
1729 4831 1829 4888 censet,
1849 4831 1875 4878 et

253 4923 356 4988 quilibet
369 4923 450 4975 bonus
472 4921 513 4974 sit.
546 4921 640 4980 Quodsi
658 4920 715 4984 quis
736 4921 844 4970 mentem
860 4919 951 4970 malam
967 4919 1039 4982 dicit,
1087 4919 1133 4969 bac
1146 4919 1241 4971 ratione
1255 4921 1351 4971 animus
1370 4935 1468 4971 omnem
1482 4921 1578 4984 eulpam
1597 4917 1742 4980 committit,
1757 4917 1874 4968 bonitatis
1923 4957 1925 4960 .

254 5017 361 5063 menum
381 5012 496 5064 stolidam
519 5010 637 5075 appellum
653 5009 690 5058 sin
713 5008 836 5072 animum,
853 5022 955 5073 corpore
969 5008 1040 5060 dete-
1086 5022 1159 5059 cansa
1171 5007 1237 5058 mala
1249 5007 1325 5072 liunt;
1338 5009 1579 5074 (quemadmodum,
1591 5007 1652 5057 dum
1664 5007 1797 5068 abodlas,
1809 5009 1875 5055 teno-

253 5099 343 5150 riorem
357 5101 467 5152 anbuum
480 5100 568 5162 lactet3
583 5112 655 5148 omne
670 5097 764 5148 scilicet
784 5111 872 5162 currus
889 5109 971 5162 perse
986 5113 1038 5148 ma·
1087 5097 1153 5160 brae,
1166 5109 1225 5160 qum
1234 5101 1324 5149 natura
1334 5099 1408 5149 nullae
1422 5101 1492 5161 sunt,
1508 5095 1672 5160 oboriuntur)
1686 5094 1806 5158 delinquit
1817 5107 1874 5158 crgo

253 5187 305 5238 lum
317 5201 365 5238 non
378 5189 467 5252 ltabet3
480 5191 502 5240 si
512 5203 544 5241 ex
557 5188 638 5239 animo
655 5190 680 5240 et
692 5201 793 5253 corpore
814 5187 881 5242 nasci
895 5185 1038 5250 affinnarit,
1089 5187 1201 5249 animus,
1216 5187 1275 5250 quia
1286 5189 1377 5239 bonnm
1396 5189 1504 5254 appetit,
1518 5188 1562 5238 sed
1581 5203 1596 5237 a
1616 5187 1681 5238 bono
1693 5186 1806 5244 aberrat,
1818 5183 1877 5250 quia

253 5275 361 5329 absurda
370 5291 410 5328 res
422 5279 478 5339 erit,
489 5293 546 5342 qna
560 5281 674 5343 separata
686 5275 890 5339 ιοοθσοοοειιοί,
904 5275 1038 5341 ipsoeoitu
1090 5279 1190 5328 nonest
1204 5277 1438 5342 primasnbstantia.
1473 5277 1586 5329 Sedasa
1601 5273 1795 5341 regulaaberret
1820 5271 1881 5326 atsi
