4020 5950
812 375 863 436 nu
890 376 1107 442 snsrusrro.
1722 389 1766 450 29

150 511 190 568 ita
208 506 240 568 in
258 506 347 586 hujus
361 507 456 566 libelli
473 508 647 586 scriptorem
663 527 722 566 non
742 512 922 568 conveniunt
981 513 1079 570 animo
1096 512 1224 570 humano
1238 511 1360 590 ejusque
1382 512 1584 591 facultatibus,
1602 515 1638 574 de
1652 519 1763 578 mundo

149 599 270 659 Missum
287 599 380 674 igitur
393 598 532 656 iaciamus
554 597 723 658 Sallustium
741 597 846 676 Syrum
861 600 911 676 (8).
980 601 1177 679 sempiterno,
1199 601 1236 660 de
1261 601 1427 662 animorum
1451 615 1516 680 post
1541 619 1662 663 mortem
1688 621 1764 668 statu

189 688 253 747 Jam
276 702 350 748 vero
373 685 487 748 Juliani
511 687 621 747 sodalis
645 687 795 768 sapientiae
819 689 934 768 proles-
980 690 1106 766 aliisque
1126 690 1216 750 rebus
1242 691 1427 768 gravissimis
1439 691 1584 770 disputat,
1599 696 1763 754 summatim

149 781 230 838 sione
251 777 349 839 clarus
371 789 400 836 et
420 777 607 856 amplissimis
627 777 793 838 honoribus
814 791 934 837 ornatus
981 781 1186 856 perscribens,
1211 800 1276 860 quae
1295 779 1447 852 Plotinus,
1471 782 1607 857 Proclus,
1627 783 1764 864 Porphy-

147 879 303 946 propterea
313 868 438 925 maxime
448 866 655 945 disputationis
666 867 703 927 de
713 867 771 926 diis
781 879 810 925 et
824 867 933 925 mundo
981 868 1059 943 rius,
1077 869 1257 929 lamblichus
1272 870 1463 948 amplissimis
1477 872 1674 932 monumentis
1685 892 1765 932 com·

148 968 250 1016 auctor
270 955 374 1016 haberi
398 968 506 1035 potest,
531 956 611 1034 quod
634 975 729 1035 neque
751 956 954 1016 aPlatonica
981 959 1166 1018 mendarum.
1188 959 1262 1018 Sunt
1284 979 1355 1017 vero
1370 959 1416 1018 illi
1432 979 1506 1037 quos
1520 961 1583 1020 dixi
1606 961 1765 1040 scriptores

146 1043 328 1105 sublimitate
341 1063 436 1124 neque
451 1043 488 1104 ab
502 1045 617 1104 urbana
630 1057 858 1124 purpuratorum
873 1046 932 1104 vita
979 1066 1032 1123 pro
1056 1047 1186 1107 lontibus
1205 1047 1350 1118 habendi,
1371 1049 1448 1107 unde
1470 1049 1665 1128 philosophice
1688 1069 1764 1130 prae-

145 1132 296 1196 abhorret.
309 1135 364 1196 llic
375 1148 472 1194 autem
482 1133 649 1212 Sallustius,
660 1138 793 1214 quamvis
802 1147 931 1194 veterum
979 1147 1061 1213 cepta
1076 1137 1233 1194 maximam
1249 1149 1361 1214 partem
1377 1135 1476 1196 hausit
1487 1137 1650 1197 Sallustius.
1662 1137 1764 1217 ltaque

145 1223 269 1284 deorum
293 1227 388 1285 cultor
402 1238 493 1298 esset,
512 1239 607 1284 tamen
630 1224 782 1284 lulianum
806 1226 932 1304 impera·
978 1223 1101 1284 dubium
1117 1241 1176 1300 est,
1189 1226 1315 1305 hujusne
1327 1227 1394 1304 plus
1407 1227 1443 1285 ad
1455 1228 1524 1287 illos
1534 1229 1763 1304 cognoscendos,

144 1326 238 1372 torem
263 1334 280 1374 a
303 1315 469 1376 cruciandis
490 1313 665 1375 Christianis
685 1313 842 1383 deterruit,
862 1328 933 1375 teste
978 1331 1015 1370 an
1044 1315 1162 1373 illorum
1186 1314 1253 1393 plus
1277 1314 1312 1373 ad
1335 1315 1414 1373 hunc
1433 1316 1656 1392 intelligendum
1671 1319 1765 1378 valeat

144 1401 330 1464 Theodoreto
341 1405 396 1470 lib.
411 1404 456 1465 lll
471 1404 544 1464 Hist.
558 1426 584 1464 c.
607 1426 653 1466 11.
671 1407 768 1481 Atque
781 1402 850 1463 huic
864 1406 931 1483 qui·
979 1401 1065 1462 lectio
1082 1426 1088 1459 :
1106 1404 1180 1462 illud
1193 1424 1253 1466 non
1268 1402 1411 1482 dubium,
1426 1405 1498 1481 quin
1511 1405 1687 1485 asapientiae
1702 1419 1763 1467 stu-

143 1491 210 1550 dem
224 1491 360 1553 Julianus
372 1494 534 1553 orationem
548 1507 681 1572 quartam
700 1493 859 1570 dedicavit,
875 1515 932 1572 qua
979 1491 1071 1550 iliosis
1078 1495 1184 1551 horum
1195 1492 1327 1551 omnium
1336 1493 1445 1570 scripta
1455 1498 1583 1552 maximo
1592 1515 1656 1554 oum
1667 1495 1764 1556 fructu

146 1580 238 1637 solem
268 1580 406 1642 laudibus
436 1583 637 1660 prosequitur.
662 1582 706 1640 hd
736 1582 814 1668 hunc
842 1603 932 1662 porro
977 1581 1210 1656 pervolutentur.
1230 1581 1294 1640 lluc
1321 1581 1447 1654 accedit,
1469 1581 1549 1660 quod
1570 1582 1595 1641 si
1616 1603 1634 1642 a
1659 1599 1764 1662 quarto

145 1669 286 1746 quasdam
317 1671 398 1731 dedit
421 1672 561 1751 epistolas
583 1671 659 1730 idem
685 1672 856 1750 imperator,
880 1674 931 1752 qui
978 1670 1073 1747 capite
1083 1670 1252 1730 discesseris
1259 1668 1330 1744 ,ubi
1340 1669 1463 1728 Cornuti
1478 1682 1506 1727 et
1520 1669 1620 1730 Procli
1630 1674 1764 1752 exemplo

145 1775 212 1818 eum
227 1779 305 1820 anno
318 1773 383 1839 post
397 1759 466 1819 Chr.
483 1781 512 1821 n.
529 1760 733 1820 trecentesimo
751 1763 930 1839 sexagesimo
977 1755 1134 1818 Sallustius
1152 1759 1308 1835 allegorias
1331 1771 1360 1816 et
1382 1757 1495 1817 fabulas
1510 1759 1643 1836 attingit,
1657 1781 1764 1838 easque

146 1852 274 1912 secundo
299 1850 334 1910 ad
357 1851 561 1930 praesecturam
582 1851 732 1930 promovit
750 1864 778 1909 et
791 1871 869 1912 anno
883 1873 930 1912 se.
978 1844 1099 1924 physice
1115 1862 1145 1907 et
1159 1849 1281 1927 mystice
1302 1866 1450 1926 exponere
1472 1847 1649 1926 aggreditur,
1661 1864 1763 1910 caetere

146 1942 247 2017 quenti
265 1942 296 2002 in
312 1941 494 2000 consulatum
515 1943 654 2021 provexit
668 1939 720 2023 (9).
741 1940 839 2011 Quid?
852 1943 931 2022 quod
977 1938 1076 1995 omnia
1090 1939 1232 2016 praeclare
1246 1937 1408 2016 explicasse
1420 1935 1564 1996 dicendus
1576 1950 1629 2000 est.

146 2031 182 2090 ad
213 2032 361 2092 hominem
399 2031 617 2091 nobilissimum
653 2043 755 2090 contra
778 2033 933 2091 temeraria
1018 2026 1115 2097 Quum
1129 2029 1221 2105 igitur
1236 2039 1336 2086 nostro
1355 2039 1485 2105 tempore
1497 2045 1594 2086 crassa
1615 2026 1715 2088 Procli
1736 2041 1765 2087 et

145 2121 277 2181 Dioscori
299 2120 406 2181 medici
421 2121 545 2180 consilia
557 2121 676 2198 scripsit
692 2119 723 2180 S.
738 2119 868 2180 Hilarius
880 2121 929 2180 Pi·
978 2115 1160 2194 reliquorum
1187 2116 1317 2195 ejusdem
1342 2117 1458 2192 generis
1481 2116 1659 2196 scriptorum
1679 2117 1763 2176 volu·

145 2210 302 2270 ctaviensis
312 2210 483 2289 episcopus,
493 2209 529 2268 de
539 2229 599 2287 quo
610 2208 739 2268 editores
750 2209 930 2269 Benedictini
979 2205 1058 2264 mina
1072 2207 1177 2266 melius
1190 2225 1276 2283 quam
1291 2205 1361 2263 olim
1380 2205 1458 2264 edita
1469 2207 1543 2278 sint,
1557 2224 1611 2283 par
1625 2219 1688 2264 erat
1701 2205 1764 2264 Sal·

148 2299 180 2357 in
204 2298 373 2378 praelatione
387 2297 423 2357 ad
437 2297 501 2376 ejus
522 2296 618 2356 libros
641 2297 853 2357 disseruerunt.
872 2297 930 2355 De·
978 2293 1097 2353 lustium
1114 2314 1231 2374 quoque
1243 2295 1275 2352 in
1289 2295 1383 2352 lucem
1399 2294 1546 2356 revocari.
1568 2293 1653 2354 lllius
1667 2309 1762 2354 autem

147 2387 237 2466 nique
249 2389 329 2465 leges
343 2387 476 2466 quaedam
492 2385 588 2449 eidem
606 2386 755 2465 inscriptae
776 2387 809 2446 in
824 2386 932 2445 Codice
977 2383 1014 2442 de
1037 2385 1095 2444 diis
1118 2399 1147 2442 et
1170 2383 1280 2442 mundo
1312 2381 1446 2442 libellum
1471 2401 1489 2439 a
1513 2381 1589 2441 Luca
1612 2382 1764 2443 Holstenio

146 2474 352 2535 Theodosiano
375 2489 553 2555 comparent.
571 2474 715 2536 Caeterum
736 2476 814 2553 opud
835 2474 932 2534 iluna-
978 2475 1161 2538 emendatum
1182 2491 1247 2529 cum
1270 2469 1335 2547 ejus
1359 2470 1599 2529 annotationibus
1612 2484 1641 2528 et
1657 2471 1765 2530 Leonis

146 2565 227 2644 pium
249 2565 282 2626 in
304 2566 431 2624 Maximo
445 2585 499 2644 pro
514 2563 657 2631 Σαλούτιος
675 2563 875 2644 reponendum
890 2578 933 2624 est
978 2562 1080 2622 Allatii
1094 2560 1284 2620 translatione
1294 2557 1409 2636 primus
1421 2555 1521 2615 llomae
1532 2556 1762 2616 emisitGabriel

149 2653 321 2729 Σαλούστιος,
331 2654 409 2734 quod
417 2673 524 2716 nomen
533 2653 723 2724 librariorum
731 2653 931 2734 inscitiaapud
978 2651 1122 2711 Naudaeus
1136 2669 1214 2709 anno
1233 2647 1321 2725 1630,
1333 2645 1412 2724 quod
1426 2646 1592 2724 exemplum
1607 2646 1762 2726 repetitum

147 2743 293 2804 Codinum
309 2743 341 2802 in
356 2743 478 2804 Σαλτίων
491 2745 648 2803 convertit.
978 2755 1022 2800 est
1046 2739 1183 2817 Lugduni
1206 2735 1384 2796 batavorum
1408 2737 1495 2813 1639.
1512 2733 1618 2794 Postea
1637 2733 1764 2795 Thomas

140 2861 145 2873 ·
189 2833 439 2904 Quemadmodum
459 2851 531 2892 vero
551 2832 752 2892 erhetoribus
773 2831 931 2892 illustrium
978 2826 1086 2889 Galeus
1112 2829 1191 2887 hunc
1220 2824 1429 2905 philosophum
1456 2825 1582 2884 inseruit
1607 2823 1765 2902 0pusoulis

147 2925 283 2984 virorum
305 2925 379 2983 facta
403 2941 558 3002 moresque
584 2923 806 2992 commemorari
825 2935 853 2980 et
867 2942 932 2980 ora·
980 2918 1202 2998 mythologicis‚
1225 2915 1356 2995 physicis
1379 2927 1408 2973 et
1432 2913 1535 2973 ethicis
1570 2911 1764 2989 Cantabrigiae

146 3013 226 3072 tione
249 3012 420 3089 exaggerari
447 3005 580 3070 solebant
607 3032 614 3072 :
641 3015 683 3071 sic
707 3011 804 3070 Latini
828 3010 936 3069 Alcimi
983 3013 1053 3084 1671
1075 3023 1104 3066 et
1125 3005 1336 3066 hmstelodami
1363 3003 1439 3065 1688
1467 3003 1643 3080 divulgatis,
1660 3002 1766 3080 gallice

150 3101 258 3160 hlothii
278 3101 396 3179 scriptis
409 3099 561 3162 Juliauum
578 3112 607 3158 et
622 3099 791 3180 Sallustium
804 3100 930 3158 immor·
979 3099 1068 3158 vertit
1088 3095 1245 3174 Formejus·
1263 3093 1395 3153 berolini
1424 3094 1511 3167 1748,
1534 3092 1701 3169 germanice
1719 3091 1762 3152 lc.

147 3190 250 3248 talitati
274 3190 397 3249 traditos
420 3207 499 3262 esse,
522 3189 557 3248 D.
583 3188 706 3265 Magnus
732 3188 878 3247 Ausonius
901 3189 931 3246 iu
979 3189 1087 3265 Georg.
1112 3185 1294 3244 Schultesius
1318 3176 1421 3244 Turici
1439 3203 1524 3259 1779.
1539 3181 1579 3238 ht
1602 3181 1648 3240 illi
1663 3200 1765 3240 onmes

147 3279 276 3338 carmine
289 3278 415 3338 secundo
431 3277 932 3360 deprofessoribusburdigalensi·
981 3275 1127 3335 Holstenii
1155 3273 1355 3334 recensionem
1379 3272 1471 3332 securi
1495 3273 1588 3330 verba
1609 3271 1763 3348 scriptoris

147 3367 203 3428 bus
218 3369 362 3448 prodidit.
378 3367 474 3427 Verba
488 3365 553 3447 ejus
569 3380 661 3428 sunt:
980 3386 1040 3425 non
1063 3363 1253 3440 castigarunt.
1273 3359 1535 3420 verumenimvero
1558 3372 1659 3418 nostra
1683 3371 1764 3416 astate

211 3509 301 3562 Vivent
311 3523 356 3574 per
369 3523 467 3560 omnem
477 3511 632 3574 mmmmm
644 3509 792 3560 memoriam
982 3455 1103 3514 multam
1117 3472 1236 3532 operam
1251 3450 1391 3510 Sallustio
1402 3463 1432 3509 et
1454 3451 1554 3509 utilem
1570 3447 1698 3528 praehuit
1718 3449 1762 3507 lo.

241 3595 304 3644 quo,
314 3584 344 3633 tu
355 3594 434 3632 ΒΜ
444 3581 519 3631 sama,
532 3579 618 3630 daha,
803 3547 809 3570 ’
980 3543 1070 3604 Conr.
1085 3541 1213 3601 Orellrus
1228 3561 1280 3621 qur
1290 3553 1350 3598 tum
1363 3539 1501 3616 plurimrs
1516 3538 1588 3597 locts
1600 3549 1764 3596 correctum

211 3653 242 3704 nt
251 3652 378 3704 sulianum
388 3656 417 3704 tu
428 3653 507 3716 magis
520 3651 593 3702 samu
606 3651 676 3702 dabis
980 3645 1041 3692 tum
1057 3633 1119 3692 suis
1132 3643 1160 3690 et
1173 3631 1299 3690 aliorum
1313 3626 1621 3687 animadversionibus
1636 3626 1764 3684 illustra·

240 3737 317 3788 quam
331 3727 428 3789 melfa
439 3737 495 3788 (1¹1oe
507 3722 587 3774 ‘0¹¹⁰st
599 3721 677 3774 breli-
980 3735 1041 3780 tum
1054 3740 1147 3798 graece
1158 3734 1187 3780 et
1200 3719 1290 3779 latine
1301 3716 1405 3777 Turici
1413 3736 1491 3775 anno
1503 3717 1575 3774 1821
1588 3715 1762 3794 publicavit.

209 3797 325 3850 3³¹¹¹¹⁸fi⁰
337 3797 394 3862 ΡΜ
407 3796 533 3846 ‘merent
545 3795 603 3846 libri
613 3793 667 3857 miv
981 3809 1037 3868 Sed
1049 3809 1239 3890 expetebatur
1250 3807 1310 3885 jam
1326 3805 1490 3864 accuratior
1502 3803 1667 3861 Sallustiani
1678 3820 1766 3882 opus·

240 3883 316 3932 ‘llam
324 3869 473 3921 ⁰⁰⁰⁶¹¹¹³l¹¹⁸
486 3867 590 3920 “dffidll·
982 3898 1041 3958 culi
1066 3899 1198 3957 recensio
1214 3909 1243 3956 et
1262 3914 1340 3954 nova
1360 3893 1564 3973 interpretatio
1578 3891 1683 3962 latina,
1699 3911 1764 3968 quas

146 3999 304 4059 Videamus
326 4019 405 4060 nunc
423 4000 563 4077 strictim,
578 3997 675 4076 qualis
697 3995 786 4056 luerit
803 3995 932 4075 philoso·
982 3986 1154 4046 Allatianam
1167 3983 1321 4061 diligentia
1333 3982 1475 4042 vinceret.
1489 3977 1652 4056 Utramque
1669 3980 1760 4052 igitur

149 4089 225 4168 phus
252 4088 417 4150 Sallustius.
433 4089 592 4168 Per-spicue
608 4079 661 4146 nec
693 4107 754 4146 non
787 4083 934 4144 subtiliter
981 4073 1143 4136 lectoribus
1159 4071 1302 4147 exhibui,
1317 4070 1463 4151 appositis
1475 4064 1689 4146 notis,quibus
1698 4083 1766 4145 par-

148 4179 185 4236 tle
200 4179 299 4256 prima
314 4199 413 4238 rerum
428 4199 533 4251 causa,
548 4179 585 4238 de
600 4177 660 4236 diis
671 4193 832 4252 eorumque
845 4171 932 4232 simul
980 4169 1032 4228 tint
1049 4165 1209 4225 lectionum
1232 4163 1339 4242 partim
1360 4160 1542 4220 decretorum
1567 4159 1662 4218 fontes
1686 4154 1765 4214 indi·

148 4267 280 4328 bonitate
294 4269 381 4328 simul
399 4269 599 4348 providentia,
614 4266 650 4325 de
667 4265 782 4342 origine
796 4263 883 4336 mali,
899 4260 935 4319 de
981 4277 1089 4317 carem.

151 4360 1764 4397 ,Μ

147 4439 362 4504 πεπυρακτωμένον
382 4438 489 4489 ἐπιθέντα
513 4441 595 4500 γυμνῷ
615 4440 650 4500 τῷ
672 4439 740 4498 μηρῷ
763 4435 803 4483 καὶ
826 4435 936 4493 φυσῶντα
981 4425 1068 4478 hlioth.
1083 4425 1164 4476 Grtec.
1176 4421 1218 4472 lib.
1235 4415 1766 4484 vl,oap.x,Ton.xt11pog.ott(tlanr1

148 4509 233 4571 αὐτόν,
247 4511 288 4560 sui
304 4510 461 4572 δοκιμάζοντα
474 4509 559 4558 ἑαυτὸν
576 4509 642 4572 μέχρι
655 4506 732 4556 πόσου
747 4506 843 4555 δύναται
857 4521 935 4568 acore-
980 4496 1053 4560 burgi
1066 4495 1144 4558 1726).

148 4587 205 4644 pets.
220 4582 296 4644 -(8)
310 4583 348 4631 De
363 4581 418 4631 aliis
435 4579 559 4630 Sallustiis
571 4579 629 4630 vide
648 4580 683 4628 Io.
698 4575 751 4628 Alb.
768 4576 872 4627 Fabricii
894 4575 934 4624 Bi-

819 4777 1098 4817 ᾧ·
