3958 5942
830 379 1078 444 FRAGMENTA.
1171 435 1173 440 s
1684 377 1742 438 857

141 539 155 568 ι
170 510 259 590 ῶσπερ
281 510 328 568 οὐκ
350 507 445 588 σἰθρόατ
468 507 615 585 μεταύολῆτ
635 507 724 582 οὔσης
748 535 763 568 α
782 510 922 591 Ομέντοι
968 515 1046 594 ἐν”τῳ
1061 511 1174 592 δευτέρῳ
1189 516 1242 572 τῶν
1256 510 1383 571 Φυσικῶν
1397 513 1502 566 ταῦτα·
1523 511 1606 573 «πῶς
1622 507 1743 568 ἐσταιτο

143 599 264 674 Εὔδημος
280 595 469 676 εὐλαόέστερον
491 595 551 675 περὶ
575 596 667 655 τούτου
683 599 856 670 διετάξατο’
844 625 871 659 εν
885 605 922 660 τῶ
969 606 1085 682 πρῶτον,
1102 536 1166 680 ένῷ
1178 599 1354 709 μετέόαλλεν;
1370 587 1478 676 ἐνῳ
1448 619 1496 673 μεν
1509 594 1561 676 γὰρ
1572 597 1742 674 ἐπετελέσθη,

142 686 298 766 δευτιρω
263 708 315 742 των
327 686 455 745 Φυσικων
469 706 576 765 γραρων
587 683 677 751 οὕτως
694 687 752 746 στδι
763 687 791 745 δέ
802 688 921 748 αλλοιου
967 689 1037 750 ἐστι·
1050 689 1131 770 πέρας
1144 688 1194 766 γὰρ
1212 692 1237 748 ἐν
1250 687 1345 769 τούτῳ.
1388 657 1428 746 '1⁸8
1444 682 1471 743 δὲ
1486 683 1558 750 τέλος
1571 683 1626 756 ἢ
1603 707 1632 742 το
1605 709 1744 798 πρῶτον

142 796 207 848 tem
224 776 280 840 πῶς
294 771 347 852 χρὴ
364 771 511 849 tepentia.
528 770 746 848 μεταόοίλλοντα;
762 777 786 832 εί
801 774 898 852 μὲν
870 799 921 857 γαρ
967 781 1119 859 πλεοναχῶς
1141 777 1256 857 λέγεται,
1279 776 1325 835 ἕνα
1357 775 1403 853 μέν
1432 773 1527 854 τρόπον
1552 763 1621 832 ἐν
1602 795 1624 853 ῳ
1640 773 1743 854 ἀτόμῳ.

141 854 252 941 ᾔποαδν
267 861 385 938 τδσῶμα
408 863 568 934 ἀλλοιοῦται,
582 859 626 919 καί
655 860 692 938 μὴ
708 872 761 921 πᾶν
776 863 832 940 ἅμα
857 868 922 944 θερ-
967 869 1053 928 Τοῦτο
1067 866 1122 927 δὲ
1110 866 1153 927 επὶ
1175 865 1281 944 μέντου
1264 860 1523 943 μεταόεόληιεέναι
1548 831 1632 935 ἐστίύ,
1655 863 1744 932 ἐπειδὴ

142 951 218 1029 μαίνε
220 975 263 1010 ται
279 949 325 1009 καί
335 949 497 1030 ξηραίνεται
513 951 572 1008 ἐν
558 947 656 1017 ουτοις
670 951 744 1011 ἔσται
759 952 790 1011 τδ
804 975 920 1034 πρῶτον
966 954 1022 1015 ἐστι
1039 951 1420 1067 μεταόεόληκέναιένάτόμῳ·
1414 951 1480 1011 ἐπὶ
1491 949 1518 1010 οδ
1529 974 1574 1010 του
1558 955 1691 1031 ἠρεμιιν
1701 949 1747 1010 καί

141 1041 163 1098 εί
176 1039 204 1099 δέ
218 1064 274 1108 πως
284 1040 371 1107 αλλως
384 1039 543 1120 πασχουσιν,
554 1037 632 1106 ἄλλος
644 1037 728 1117 λόγος
771 1041 921 1103 Caeterum
967 1043 1190 1122 μεταόοίλλειν’
1164 1066 1213 1103 ουκ
1235 1043 1316 1114 ἔστιν,
1332 1039 1480 1115 ἐπειδὴ
1451 1063 1511 1100 ουτε
1534 1048 1658 1114 κινεῖται,
1688 1039 1747 1100 οὗτε

141 1129 230 1188 verba
253 1132 333 1210 έντυι
358 1127 456 1209 πρώτῳ
472 1126 567 1207 βιόλίῳ
590 1128 755 1188 referuntur
769 1131 806 1189 ad
829 1132 919 1191 Arist.
966 1133 1104 1246 ίγρεμεῒέν
1124 1130 1224 1211 ἀτόμῳ.
1268 1120 1393 1211 Ἒνῷδέ
1417 1128 1514 1208 πρώτῳ
1529 1135 1653 1200 κινεῖται,
1677 1127 1746 1186 ἔστιν

139 1217 226 1296 Phys.
248 1218 303 1278 lib.
322 1217 347 1290 l,
367 1237 431 1296 cap.
454 1217 518 1295 3μ.
537 1216 603 1276 ιθό.
619 1235 647 1276 a.
675 1219 709 1276 15
728 1218 775 1277 ed.
801 1219 921 1280 Βούλει.
967 1219 1057 1300 ῶσπερ
1085 1217 1199 1299 εἴρηται.
1241 1219 1282 1278 08
1300 1215 1352 1294 μὴν
1380 1215 1406 1275 ἐν
1421 1237 1481 1289 τινι,
1508 1215 1568 1274 ἀλλ’
1597 1215 1692 1291 ὁμοίως
1719 1218 1746 1274 ἐν

143 1305 192 1362 ubi
214 1303 359 1383 legitur*
340 1329 430 1385 ωσπερ
442 1305 490 1363 ουκ
503 1303 597 1385 ἀθροας
612 1303 761 1381 μεταόολῆς
775 1307 920 1386 γινομένης,
966 1307 1060 1368 παντί·
1076 1307 1186 1387 λέγομεν
1200 1305 1252 1388 γδιρ
1278 1305 1318 1364 ότι
1340 1307 1418 1364 έν
1382 1329 1420 1385 τῳ
1448 1305 1561 1384 μηνλ”
1527 1328 1563 1382 τῳ
1587 1304 1747 1384 Ὀλυμπικῷ

142 1414 213 1467 nnn,
228 1409 260 1454 ut
275 1397 445 1476 Simplicius
459 1393 556 1469 habet,
574 1392 682 1473 οὔσης.)
967 1398 1082 1468 ἐξέλιπεν
1097 1399 1111 1455 8
1124 1396 1204 1469 ἥλιος,
1220 1393 1260 1454 ὅτι
1276 1399 1309 1476 τῇ
1329 1394 1468 1474 νουμηνίᾳ,
1495 1394 1540 1454 καί
1560 1399 1593 1472 τῇ
1618 1395 1747 1476 νουμηνίᾳ

184 1504 226 1556 87.
247 1483 325 1544 Ἐπεί
340 1481 589 1561 δὲτδμεταόιίλλον
604 1479 717 1542 όπανέν
738 1483 826 1594 χρόνῳ
839 1488 982 1564 μετα-δ
989 1486 996 1510 ‘
968 1486 1060 1555 δεότι
1081 1483 1107 1543 έν
1130 1507 1182 1543 τινι
1205 1507 1255 1562 μορ
1242 1483 1287 1565 ρίιρ
1305 1482 1410 1556 ταύτης,
1427 1485 1454 1541 ἐν
1477 1485 1543 1563 τῷδε
1559 1481 1586 1542 δέ
1600 1487 1638 1561 τῶ
1663 1483 1747 1565 μορίῳ

146 1567 236 1628 estiis
237 1573 404 1685 ,λέγεταιδ
426 1573 452 1630 ἐν
474 1571 561 1652 χρόνῳ
578 1569 767 1648 μεταόοίλλειν,
785 1573 830 1633 καί
843 1578 877 1641 ὡς
896 1577 921 1632 έν
969 1530 1109 1634 οὐίτέτι
1080 1594 1139 1630 ουτε
1160 1574 1186 1632 ἐν
1214 1571 1300 1652 ἄλλῳ,
1318 1569 1377 1628 ἀλλ’
1398 1568 1438 1629 ότι
1463 1572 1489 1629 ἐν
1517 1575 1614 1652 δτῳοῦν
1642 1571 1746 1631 τούτου.

144 1681 242 1740 πρυιτω
255 1661 300 1718 και
314 1664 348 1728 ως
361 1659 418 1719 καθ
433 1659 536 1772 ἕτερον,
548 1631 693 1718 οἷονέν“
658 1683 695 1739 τῳ
711 1663 823 1740 ἐνιαυτῷ
840 1661 880 1720 ότι
895 1665 921 1722 ἐν
968 1661 1049 1722 Ἀλλὰ
1063 1665 1139 1722 τοῦτο
1153 1659 1284 1740 μεριστόν,
1299 1657 1366 1719 ὥστε
1383 1657 1508 1740 πρότερον
1523 1663 1599 1719 ἐν
1564 1684 1602 1718 τω
1588 1661 1746 1742 προτέρῳ.

141 1749 270 1828 τῇὴμέρ
258 1775 274 1808 α
288 1748 449 1828 μεταόσίλλει
451 1737 532 1826 ,ένῳ
549 1745 646 1827 πρώτῳ
662 1747 748 1857 χρόνῳ
761 1721 922 1826 pss888llst
970 1749 1101 1832 Πρότερον
1121 1747 1212 1858 γὰρ
1188 1771 1218 1807 το
1232 1749 1281 1828 μέρ
1268 1771 1309 1828 ρος
1319 1753 1398 1822 ἐντῳ
1378 1745 1458 1826 ”μέρ
1460 1771 1492 1810 ει.
1535 1719 1606 1808 Ἀλλ’
1625 1747 1702 1822 ηδλη
1721 1752 1748 1809 έν

140 1807 360 1914 τδμεταόιέλλον,
372 1841 399 1898 ἐν
412 1841 531 1919 δτῳοῢν’
519 1835 621 1914 ανοίγιιη
630 1835 722 1896 τούτου
735 1837 920 1914 μεταόοίλλειν.
967 1864 1004 1920 τῳ
985 1839 1073 1919 ”όλῳ
1087 1837 1185 1918 χρόνῳ,
1199 1837 1267 1895 ῶστε
1289 1835 1412 1916 ἐντούτῳ
1426 1835 1523 1917 πρώτῳ
1538 1836 1682 1904 ἐξέλιπεν“
1668 1861 1703 1904 ως
1721 1843 1748 1898 έν

140 1927 274 1998 Δῆλον
245 1953 292 2004 μεν
318 1920 423 1988 οὖνκαὶ
443 1930 660 2034 ἐκτοῦδρισμρῶ
685 1927 731 2006 (τὸ
745 1928 796 2008 γὰρ
819 1933 921 2010 πρῶτον
966 1899 1020 2010 δ’λῳ
1032 1929 1191 2040 χρόνῳρ
1149 1926 1247 2007 Χόνος
1256 1916 1585 2005 μένουνουκέστιπρωτος
1595 1926 1684 1999 ἐπειδη
1697 1937 1750 1996 πᾶς

140 2015 221 2084 υύτιυς
240 2019 282 2076 iis
276 2017 436 2128 ’γομενλ,οὖ
452 2015 585 2093 piminii
601 2037 645 2073 και
635 2014 783 2076 ἐκτῶνδε
799 2021 920 2099 φανερόν.
968 2017 1098 2100 μεριστότ.
1141 2008 1227 2096 Ἐνῷ
1249 2013 1380 2096 δέπριίιτ
1367 2039 1389 2074 ω
1404 2015 1514 2074 ἐκινεῖτο
1532 2014 1550 2087 ἢ
1565 2016 1668 2075 ἄλλοτε
1683 2015 1749 2077 ἔπα-

140 2101 273 2164 Eam
245 2129 296 2186 γα
313 2109 339 2164 ἐν
356 2096 377 2188 ᾧ
394 2129 429 2186 πρ
431 2129 491 2164 ωτιυ
505 2128 616 2163 κινειται
626 2103 656 2162 τδ
671 2105 824 2218 κιγούμεγον
839 2107 879 2189 ἐρ’
892 2099 922 2167 08
968 2130 1042 2188 σχεν,
1061 2105 1141 2180 ἐστιν,
1157 2101 1455 2250 ἐπειδὴσέν[όλῳ]ὁχρό
1455 2103 1656 2184 νῳτίιτοιαῦτοί
1681 2108 1747 2178 ἐστι,

140 2187 191 2252 KP
211 2219 256 2254 και
246 2194 404 2276 διηρησθω
418 2195 487 2253 κατὰ
509 2193 589 2253 τθΚ.
604 2194 705 2261 Πᾶς
677 2218 742 2299 qap„
746 2219 837 2276 χρονος
850 2199 921 2256 διαι
967 2197 1012 2255 καί
1027 2195 1052 2254 ἔν
1072 2217 1123 2254 τινι
1136 2191 1262 2265 οὕτως,
1244 2215 1312 2251 υιστε
1334 2195 1400 2251 ένὸ
1402 2197 1484 2270 τῳοῶν
1511 2191 1629 2271 γίνεσθαι
1656 2195 1747 2254 αὐτοῦ.

141 2279 221 2360 ρετός.
263 2281 308 2346 Ἐν
326 2283 359 2354 δὴ
379 2307 417 2363 τῳ
398 2283 485 2343 Xl(
507 2279 785 2360 χρόνῳῆτοιιιινεῖται
805 2279 922 2354 ἢοθκι-
967 2281 1260 2360 Τοῦτοδέλέγειτδέν
1277 2279 1384 2360 πρώτῳ.
1401 2281 1437 2358 ιι)

139 2378 231 2445 νεῖται,
246 2373 290 2432 καί
304 2375 381 2431 πάλιν
397 2374 423 2430 ἐν
433 2374 470 2450 τῷ
483 2373 532 2431 ΚΡ
546 2368 682 2438 ὡσαύτως.
726 2373 760 2431 Et
776 2363 879 2449 μένοίίν
896 2377 922 2434 ἐν
1008 2392 1044 2434 σε.
1068 2371 1202 2452 Τέταρτος
1213 2368 1338 2448 δίδπτρὶ
1352 2371 1404 2427 τῶν
1414 2372 1440 2428 ἐν
1457 2371 1495 2449 τῷ
1513 2369 1611 2450 σταδίῳ
1625 2369 1746 2448 κινουμέ-

140 2461 277 2541 μηδετέρῳ
292 2461 412 2538 κινεῖται,
422 2457 533 2538 ἠρεμοίη
547 2457 577 2516 διν
595 2461 620 2517 ἐν
635 2461 673 2539 τῷ
687 2459 782 2518 παντί·
797 2466 922 2522 κινεῖσθαι
966 2485 1019 2520 νων
1031 2459 1058 2528 ἐξ
1069 2458 1186 2524 ἐναντίας
1202 2455 1268 2516 ίσων
1287 2455 1371 2535 όγιιων
1384 2457 1449 2536 παρ’
1465 2457 1547 2534 ἴσους,
1562 2463 1613 2517 τῶν
1631 2458 1678 2536 μὲν
1694 2460 1747 2517 ἀπὸ

139 2549 190 2628 γδρ
208 2551 234 2607 έν
252 2548 344 2626 μηθενὶ
360 2553 411 2607 τῶν
426 2549 518 2607 τούτου
540 2545 688 2623 κινούμενον
706 2546 845 2611 ἀδύνατον.
888 2554 922 2612 Εἰ
966 2549 1056 2617 τέλους
1064 2553 1110 2608 τοῦ
1124 2544 1243 2620 σταδίου,
1262 2547 1352 2604 τῶνδ’
1372 2546 1425 2605 ἀπδ
1442 2546 1533 2623 μέσου,
1554 2546 1603 2628 top
1623 2551 1708 2627 τάχει,
1721 2551 1747 2606 ἐν

139 2638 163 2695 δ’
178 2640 205 2696 ἐν
221 2639 321 2718 θατέρῳ
336 2637 408 2718 μόνῳ
424 2631 553 2708 ’κινεῖταη
567 2637 615 2693 οὖν
629 2633 660 2693 δν
674 2637 700 2695 έν
712 2635 810 2718 πρώτῳ
825 2642 922 2698 κινοῖτο
967 2627 989 2718 ᾧ
1007 2633 1160 2711 συμθσίνειν
1177 2631 1259 2694 οἴεται
1286 2631 1343 2692 ίσον
1362 2625 1428 2692 εἶναι
1453 2633 1544 2714 χρόνον
1563 2639 1600 2714 τῷ
1619 2636 1748 2717 διπλασίῳ

137 2727 176 2781 τῶ
192 2722 652 2804 ΧΡ·καθ’έτερονγίιρὴκίνηατς.
697 2722 810 2804 Ἀνάγκη
829 2725 882 2805 ἄρα
895 2729 921 2786 ἐν
967 2724 1010 2784 τδν
1029 2721 1138 2802 ἥμισυν.
1180 2719 1261 2782 Ἐστι
1280 2719 1547 2802 δὲσπιαλογισμὸς
1561 2725 1587 2779 ἐν
1601 2726 1639 2802 τῶ
1658 2724 1748 2796 τὸμὲν

137 2813 236 2891 δτῳοῦν
254 2835 299 2871 του
282 2815 364 2872 XP
379 2815 501 2884 κειιινῆσθ
504 2835 544 2872 αι.
967 2835 1005 2869 πα
1009 2810 1041 2890 ρδι
1058 2809 1211 2886 κινούμενον
1229 2809 1259 2865 nl>
1274 2807 1375 2920 δδπριρ’
1394 2812 1507 2888 ἠρεμοῦν
1522 2809 1551 2867 τὸ
1572 2807 1627 2868 ίσον
1641 2809 1749 2890 μέγεθος

149 2902 368 2978 (Aristotcles
379 2901 468 2978 Phys
486 2899 539 2958 lib.
553 2898 599 2958 lll.
611 2919 673 2978 cap
684 2901 743 2978 8p.
754 2902 823 2961 236.
836 2901 868 2962 b.
886 2923 921 2980 ¹9
967 2833 1317 3044 ἀξιδῦντῶίσῳτέχειτδν
1333 2897 1450 2979 ίσονρέρ
1437 2902 1526 2976 ρείιθαι
1549 2897 1659 3012 χρόγον·
1672 2905 1748 2959 τοῦτο

138 2989 186 3049 ed.
217 2991 337 3048 Beiier
361 2990 528 3068 Simplicius
555 2988 605 3048 fol.
635 2990 701 3048 231.
726 2987 756 3048 b.
781 2986 869 3059 ἐπειδὴ
894 2989 980 3048 888
967 2987 1056 3045 δ’ἐστὶ
1036 2957 1244 3102 τψέῦδοςΛ)
1242 2977 1283 3044 ἷον
1303 2985 1421 3045 ἔστωσαν
1442 2989 1465 3044 el
1480 2986 1617 3054 ἑστῶτες
1607 3011 1656 3046 ισοι
1674 2988 1748 3066 όγκοι

138 3077 290 3188 ᾶνργκρῖόν
300 3078 398 3136 ἔστιτὸ
419 3100 439 3134 π
441 3075 574 3155 ρόόλημα,
599 3074 672 3134 οὐδὲν
699 3073 808 3186 οίτοπρν,
834 2986 918 3152 οίὴμαι,
968 3067 1052 3152 ἐφ’
1033 3075 1117 3134 ωντδι
1133 3078 1195 3146 An,
1209 3075 1271 3132 οίδ
1272 3075 1330 3153 ’ἐφ’
1356 3065 1392 3133 ῶν
1416 3073 1512 3135 τδιΒΒ
1535 3076 1748 3154 ἀρχόμενοιᾶπδ

136 3164 184 3224 καί
207 3165 240 3223 τδι
255 3169 292 3246 τῷ
311 3165 428 3241 Εὐδήμῳ
452 3188 501 3243 περ
502 3165 512 3222 l
530 3164 621 3223 τούτου
642 3163 813 3243 γεγραμμένα
818 3187 921 3272 ”nepe-
965 3169 1011 3223 τοῦ
1030 3162 1111 3272 μέσου
1127 3161 1260 3236 τῶνΑ,’
1250 3186 1300 3222 ισοι
1325 3163 1367 3222 τὸν
1382 3163 1600 3241 ἀριθμόντούτοις
1619 3164 1747 3232 όντεςκαλ

136 3251 240 3326 θέσθαι,
263 3253 368 3312 πάντων
386 3189 536 3329 μᾶλλονρ”
500 3277 551 3312 των
568 3253 701 3329 ἐξηγητῶν
717 3250 765 3323 πλν
790 3256 834 3310 τοῦ
851 3253 920 3334 Ἀρι-
966 3251 1044 3310 τδ’
1012 3257 1089 3330 μεγεθ
1077 3253 1168 3324 αίος,
1182 3253 1206 3309 8
1221 3251 1259 3331 ἐφ’
1274 3241 1310 3310 ῶν
1325 3250 1357 3310 τδι
1370 3255 1392 3312 Γ
1393 3253 1443 3312 Γ
1430 3252 1481 3310 απὸ
1493 3257 1537 3310 τοῦ
1553 3253 1680 3333 ἐσχάτου,
1697 3253 1747 3312 ἴσοι

136 3341 274 3408 ετοτέλους
289 3340 396 3421 γνώμην
409 3340 586 3421 ἐπισταμένῳ.
616 3340 714 3420 Γράφει
727 3337 754 3398 δέ
768 3342 782 3398 8
795 3339 919 3413 Εὔδημος
966 3339 1011 3400 τόν
1027 3339 1138 3419 ἀριθμὸν
1150 3338 1221 3407 ὄντες
1242 3339 1341 3408 τούτοις
1353 3338 1399 3400 καὶ
1420 3339 1449 3398 τδ
1463 3339 1580 3420 μέγεθος,
1597 3340 1642 3399 καί
1657 3343 1744 3400 ἰσοτα-

167 3541 205 3588 87.
223 3539 307 3596 Quum
320 3538 404 3587 autem
417 3549 489 3587 omne
498 3535 565 3600 quod
577 3538 690 3586 mutatur
698 3535 724 3586 in
738 3539 848 3601 tempore
858 3551 917 3586 mu·
964 3536 1032 3587 calce
1041 3535 1132 3598 stadii,
1145 3536 1200 3586 alioe
1210 3551 1225 3586 a
1236 3536 1318 3587 medio
1336 3536 1416 3586 stadio
1432 3537 1487 3601 pari
1497 3536 1623 3588 eeleritate
1641 3549 1746 3588 moven-

133 3627 213 3684 tetun‚
227 3623 319 3673 mntaii
336 3637 395 3675 vero
414 3622 564 3688 intempore
585 3622 691 3682 dicatur,
707 3623 775 3673 etut
791 3621 818 3672 in
836 3621 917 3688 primo
963 3631 1026 3675 tur:
1046 3625 1091 3674 ubi
1106 3624 1160 3674 lieri
1175 3627 1259 3688 putat,
1280 3627 1309 3674 ut
1326 3625 1403 3688 duplo
1430 3626 1535 3690 tempori
1561 3625 1691 3676 dimidium
1714 3626 1747 3676 sit

132 3714 162 3762 ct
175 3713 205 3759 nt
216 3721 260 3774 per
277 3709 358 3772 aliud,
377 3724 428 3775 quo
441 3712 514 3776 pacto
529 3710 555 3761 in
569 3711 735 3762 snnomuterl
745 3710 844 3770 dieitur,
858 3711 918 3776 quia
965 3712 1068 3778 aequale.
1090 3713 1201 3764 Rationis
1220 3715 1303 3762 antem
1325 3711 1421 3761 fallacia
1437 3711 1462 3762 in
1477 3713 1524 3762 hoc
1536 3715 1660 3774 versatur,
1679 3711 1745 3776 qued

131 3795 219 3849 indie
236 3799 348 3849 mutatui·
362 3814 368 3847 :
383 3797 410 3848 id
429 3811 488 3848 sene
505 3799 572 3864 quod
589 3802 712 3862 mutatur,
730 3799 756 3849 in
770 3811 917 3864 quacunque
963 3806 1098 3866 utrumque
1112 3816 1202 3866 mrpus
1219 3816 1326 3866 quorum
1339 3800 1445 3850 alterum
1458 3802 1531 3862 Juxta
1544 3813 1597 3848 rem
1607 3800 1742 3864 pmceden-

133 3888 191 3951 cjus
217 3886 334 3953 temperis
357 3888 429 3952 pnite
455 3887 560 3950 meieni,
581 3887 607 3938 ln
625 3902 676 3952 quo
695 3888 773 3952 primo
794 3890 916 3950 mutatur,
964 3895 1029 3951 tem,
1044 3891 1231 3955 alterumjusta
1245 3891 1412 3954 quiescentem
1421 3889 1515 3949 currit,
1533 3889 1629 3953 aequale
1638 3889 1742 3954 spatiun

133 3987 236 4026 necesse
255 3977 300 4026 est.
312 3973 342 4025 Id
359 3975 396 4024 ita
411 3987 479 4038 esse,
495 3978 564 4041 patet
575 3976 677 4040 quidem
694 3979 720 4027 et
732 3990 764 4026 ex
775 3976 917 4027 delinitione
962 3979 1016 4045 pari
1034 3979 1159 4030 celeritate
1178 3977 1269 4042 equali
1287 3981 1396 4042 tempore
1411 3976 1518 4027 transire
1530 3979 1621 4028 censet.
1637 3980 1690 4030 Hoc
1703 3993 1748 4028 au-

132 4065 213 4130 ipsius
222 4063 296 4128 primi
308 4065 316 4128 (
328 4063 363 4114 sic
375 4063 441 4114 enim
461 4063 544 4128 ipsum
563 4067 636 4115 antea
652 4064 860 4128 definiebamus),
875 4079 918 4130 pa·
962 4071 1014 4120 tem
1029 4066 1119 4117 laisum
1134 4070 1180 4116 est.
1201 4067 1255 4117 Sint
1271 4065 1425 4130 quiescentes
1444 4066 1545 4130 quidem
1559 4066 1669 4132 equales
1689 4081 1745 4118 mo·

133 4151 199 4202 tebit
212 4155 295 4202 autem
310 4155 336 4201 et
351 4164 382 4202 cx
400 4151 453 4211 his,
465 4165 523 4218 quae
533 4152 648 4218 deinceps
659 4153 778 4204 dicemus.
801 4153 838 4204 Sit
851 4153 916 4204 enim
961 4156 1013 4216 les,
1028 4157 1086 4215 λλ,
1102 4154 1157 4204 aliae
1169 4169 1229 4206 veru
1245 4157 1264 4204 u
1276 4157 1295 4204 B
1307 4168 1381 4220 snper
1395 4155 1441 4204 hus
1458 4159 1613 4216 movenntnr,
1628 4155 1746 4221 incipien-

134 4245 234 4304 tempus
245 4239 270 4289 in
280 4255 331 4304 que
340 4240 420 4304 primo
434 4244 564 4291 moveatur
575 4241 601 4292 id
612 4241 680 4305 quod
688 4243 813 4303 movetur,
827 4241 853 4291 in
866 4255 917 4306 quo
962 4247 1001 4294 tes
1012 4243 1117 4294 emedio
1128 4243 1230 4292 molium
1245 4244 1273 4302 λ,
1285 4257 1388 4292 numere
1400 4246 1426 4293 et
1439 4243 1607 4307 magnitudine
1618 4244 1741 4309 aequalem

134 4329 187 4379 011
197 4331 227 4388 Β,
241 4342 270 4378 το
281 4329 408 4379 dividatur
421 4329 448 4379 in
459 4331 489 4379 K.
506 4331 585 4380 Omne
596 4329 661 4380 enim
674 4333 773 4394 tempus
785 4329 917 4381 dividuum
961 4333 1022 4383 item
1037 4334 1059 4384 G
1073 4334 1210 4384 enumero
1229 4334 1254 4382 et
1275 4331 1443 4395 magnitudine
1460 4331 1499 4382 liis
1512 4332 1620 4397 animales
1633 4335 1659 4384 et
1672 4347 1742 4399 sique

133 4419 181 4468 est.
197 4419 226 4468 In
239 4421 350 4484 tempore
361 4418 438 4482 igitur
450 4419 469 4470 (t
482 4421 506 4469 H
518 4421 540 4469 Κ
551 4421 594 4470 aut
607 4422 722 4469 movetur
734 4421 779 4469 ant
796 4433 846 4469 non
860 4433 917 4469 mo·
961 4421 1054 4473 celeres
1070 4435 1099 4472 ac
1121 4425 1140 4473 Β
1158 4425 1178 4474 Β
1198 4435 1272 4486 super
1291 4420 1362 4482 illas,
1377 4419 1521 4484 incipientes
1543 4435 1557 4470 a
1577 4421 1671 4484 prima,
1686 4435 1741 4486 qun

132 4507 212 4554 vetur
232 4520 238 4553 :
259 4509 284 4556 et
305 4520 393 4557 misus
412 4507 438 4557 in
462 4508 614 4572 temperet(
641 4507 768 4558 Reodcm
787 4507 868 4558 modo.
890 4507 917 4559 Sl
962 4515 1000 4564 est
1022 4512 1048 4563 in
1065 4512 1147 4562 medlo
1169 4511 1279 4577 ipserum
1296 4513 1329 4568 Α,
1354 4512 1425 4559 motu
1441 4509 1563 4558 contrario
1586 4513 1739 4564 moveantur.

132 4591 212 4656 igitur
225 4595 311 4643 neutra
323 4593 349 4642 in
364 4597 435 4658 parte
452 4597 576 4654 movetur,
589 4594 678 4646 intuto
688 4595 811 4660 quiescit:
825 4595 918 4661 quippe
962 4601 1058 4652 decidit
1070 4600 1154 4664 igitur,
1173 4602 1202 4649 ut
1214 4599 1295 4663 prima
1311 4601 1332 4648 Β
1346 4599 1372 4647 et
1389 4597 1412 4648 G
1428 4596 1506 4647 moles
1521 4595 1596 4645 simul
1615 4595 1642 4646 in
1656 4599 1742 4646 extre·

132 4680 188 4730 fieri
210 4685 574 4746 nonpotest,ut1noveatur,
596 4683 618 4735 si
643 4684 670 4734 in
687 4685 756 4734 nnlln
773 4685 827 4750 ejus
846 4688 918 4750 parte
962 4687 1011 4737 mis
1035 4685 1259 4748 sit,dum1uxta
1282 4697 1310 4734 se
1333 4683 1440 4734 invicem
1463 4683 1608 4742 moventur;
1630 4683 1657 4730 et
1675 4681 1741 4733 utG

132 4771 258 4822 monetur.
284 4769 311 4822 Si
330 4785 390 4822 vero
411 4772 438 4822 in
463 4773 541 4824 altera
563 4775 661 4824 tantum
677 4777 801 4834 movetur,
825 4775 918 4825 nonin
961 4773 1061 4838 quidem
1077 4772 1206 4823 universas
1225 4771 1348 4832 Bmoles,
1370 4773 1463 4821 livero
1479 4768 1611 4819 dimidium
1629 4767 1742 4832 ipserum

132 4858 186 4908 cii
203 4861 348 4924 litempore
367 4860 447 4926 primo
460 4864 598 4925 movetur3
609 4877 653 4927 per
674 4863 740 4913 aliud
761 4863 826 4914 enim
842 4862 869 4912 in
887 4876 917 4913 ee
961 4862 980 4910 Α
997 4859 1140 4926 pervaserit.
1157 4863 1212 4918 Quo
1227 4861 1268 4918 nt,
1286 4860 1316 4908 ut
1336 4857 1369 4907 sit
1382 4855 1513 4906 dimidium
1530 4857 1647 4918 tempus:
1668 4855 1741 4904 utra-

132 4951 257 4997 mevetur.
272 4949 337 5011 Ergo
346 4948 373 4999 in
390 4963 539 5016 quacunque
550 4954 621 5015 parte
633 4951 751 5016 temporis
763 4952 782 5003 0
793 4953 816 5002 ll
829 4954 916 5002 iimo·
962 4962 1012 5014 que
1025 4947 1090 5000 enim
1102 4950 1213 5010 tempere
1228 4945 1319 5012 aequali
1328 4944 1432 4995 molium
1442 4955 1643 5007 unamquemque
1655 4944 1740 4992 trans·

133 5036 389 5087 venturnecesseest.
960 5036 998 5088 iit
1022 5035 1200 5088 simulantem
1227 5033 1329 5096 accidit,
1348 5033 1410 5082 utB
1428 5044 1513 5086 omnes
1532 5029 1610 5081 moles
1627 5031 1649 5081 (i
1668 5033 1740 5082 tran·

163 5125 203 5172 88.
220 5124 314 5182 Quarta
334 5125 374 5174 est
390 5123 422 5176 de
437 5125 545 5178 molibus
563 5126 703 5192 equalibus
717 5127 791 5191 juxte
806 5110 918 5192 'equales
959 5124 1037 5176 sierit.
1064 5125 1147 5176 Prima
1165 5123 1231 5174 enim
1253 5123 1275 5174 Β
1297 5123 1361 5172 etii
1383 5120 1462 5170 moles
1482 5119 1508 5170 in
1527 5118 1657 5171 centrariis
1680 5121 1736 5174 sunt

134 5209 259 5260 centrario
279 5213 349 5261 metu
371 5212 480 5263 stadium
507 5215 680 5272 currentibus,
699 5229 806 5279 querum
826 5213 917 5264 aliea
961 5211 1091 5271 extremis.
1116 5213 1187 5261 tanto
1212 5209 1329 5274 temporis
1345 5207 1426 5274 spatie
1440 5221 1486 5285 per¹
1500 5209 1736 5272 ununquemque!

230 5311 323 5351 enites.
341 5315 419 5353 esne.
437 5315 473 5353 ιιι.
1617 5298 1646 5350 ¹8
