3976 5948
823 383 1072 447 FRAGMENTA.
1708 391 1750 452 θθ

143 519 191 574 τοῦ
202 514 318 594 σημείου
332 511 493 593 συγκειμένη
517 512 562 572 καί
577 518 724 594 προϊοῦσα,
748 520 784 596 τῷ
801 520 925 596 μηδαμοῦ
971 522 1073 580 κύκλιον
1089 520 1132 580 ἐπὶ
1147 515 1255 596 θάτερον
1273 519 1375 576 εύθιῑαν
1398 517 1504 596 ἀγαγὼν
1521 517 1571 586 ἔξω
1585 518 1614 578 τὸ
1631 520 1751 581 ἰσόπλευ·

145 607 246 682 μᾶλλον
262 604 307 664 καί
323 595 402 676 ἧττον
419 601 563 678 ἀπονεύειν,
580 606 614 673 είς
628 605 658 665 τὸ
669 606 755 686 ἕτερον
767 607 927 667 καταπίπτει
972 629 1014 687 ρον
1023 608 1158 687 τρίγωνον.
1175 606 1304 685 Scripsi:
1321 615 1334 642 ⁸
1347 608 1377 666 ἐκ
1390 613 1435 666 τοῦ
1454 607 1536 674 εὐθέος
1551 609 1632 685 αἱρεῖν
1644 611 1655 686 ]
1665 609 1750 668 codd.

145 700 267 768 σημεῖον.
280 697 292 727 ⁰
306 691 393 752 Ποίλιν
404 691 505 761 εὐθείας
514 701 560 754 τού
574 696 622 772 μὲν
632 699 683 764 τῶν
697 697 817 778 περάτων
833 695 927 774 μένον·
972 699 1001 755 ίκ
1014 701 1061 757 τοῦ
1071 695 1166 763 εὐθέως
1179 693 1271 775 αἴρειν.
1284 697 1350 742 —b
1365 695 1434 753 κατὰ
1450 696 1479 754 τὸ
1494 696 1657 778 ἀκόλουθον]
1679 697 1751 756 libri

144 803 187 848 τος
203 780 271 840 atti
284 781 345 860 περὶ
357 782 420 840 αὐτὸ
434 784 624 861 κινούμενον,ί
637 785 753 868 γέγραφε
763 785 807 845 τὸν
820 785 927 846 κύκλον.
971 784 1017 844 καί
1033 784 1064 844 τὸ
1078 785 1230 844 ἀκόλουθον.
1247 815 1288 830 -
1310 785 1527 865 θἐπιχειρεῖται]
1554 785 1624 844 iibri
1654 787 1754 864 έαιχσι-

145 870 181 930 Εἰ
209 869 237 932 δέ
261 893 300 938 τις
324 869 400 930 ἕλικα
427 869 604 956 μονύστρορον
632 873 741 956 γράφειν
775 873 924 946 ἐθελήσειε,
973 873 1231 952 petenen-dap]
1247 872 1509 943 condat-eet<
1524 873 1554 934 τὸ
1569 872 1655 954 ἕτερον
1670 896 1753 933 κατα-

144 959 332 1040 ποικιλωτέρας
347 962 430 1019 δεῖται
445 963 581 1041 μηχανῆς.
598 962 654 1024 Καὶ
668 961 720 1042 γαρ
734 960 849 1034 κινήσεις
866 984 927 1020 ποι·
972 961 1063 1022 πίπτει
1078 960 1204 1043 σημεῖον]
1222 962 1305 1021 codd.
1323 964 1359 1029 είς
1373 963 1404 1022 τὸ
1417 961 1506 1043 ἕτερον
1519 961 1589 1022 κατὰ
1605 968 1691 1022 ταῦτα
1706 985 1754 1035 ση-

145 1045 218 1106 κίλαι
233 1050 358 1126 γεννῶσιν
375 1048 468 1120 αὐτήν.
973 1058 1058 1121 μεῖον.
1072 1050 1128 1098 -ί
1138 1049 1237 1117 εὐθείας
1253 1055 1301 1109 τοῦ
1316 1049 1364 1127 μέν
1382 1056 1435 1110 τῶν
1452 1051 1574 1130 περάτων
1589 1051 1711 1128 μένοντος
1725 1054 1755 1110 το

187 1137 325 1214 (Procius
348 1151 535 1198 commentar.
561 1140 594 1197 in
617 1141 704 1218 prim.
729 1139 843 1200 Euclid.
864 1139 925 1198 ele·
974 1138 1001 1197 δὲ
1014 1141 1077 1219 περὶ
1090 1139 1155 1199 αὐτὸ
1177 1139 1348 1219 κινούμενον]
1369 1141 1453 1202 codd.
1469 1141 1569 1209 εὐθείας
1585 1141 1615 1200 τὸ
1636 1143 1684 1218 μὲν
1701 1146 1754 1200 τῶν

145 1239 268 1285 mentor.
281 1225 333 1285 lib.
349 1225 405 1300 111,
422 1248 434 1286 1
453 1247 521 1306 pag.
539 1228 576 1286 50
586 1229 631 1286 ed.
646 1227 803 1308 graec.[Ci.
820 1229 927 1307 interp.
973 1231 1094 1306 περάτων
1111 1227 1192 1304 μόνον
1209 1228 1270 1308 περὶ
1287 1229 1352 1288 αὐτὸ
1366 1227 1529 1306 κινούμενον.
1549 1228 1584 1289 in
1601 1231 1753 1307 sequenti-

145 1318 194 1375 lat.
210 1334 279 1400 pag.
299 1313 383 1398 toa]
399 1316 452 1394 qui
466 1317 527 1376 haec
549 1319 755 1396 explicationis
778 1337 864 1377 causa
877 1316 928 1376 ad·
974 1314 1029 1374 bus
1052 1315 1148 1388 νοήσας
1162 1329 1191 1376 et
1215 1317 1326 1384 κύκλους
1348 1317 1454 1396 ὁμοίους
1478 1337 1534 1396 μευ
1554 1319 1689 1378 codicum
1710 1318 1756 1376 le-

145 1404 212 1464 dit:
237 1403 284 1462 καλ
301 1403 326 1465 εί
352 1427 390 1472 τις
411 1404 536 1484 τρίγωνον
564 1405 719 1488 ἰσόπλευρον
746 1403 928 1477 συστήσασθαι
974 1402 1123 1464 ctionibus
1137 1409 1232 1478 νοῆσαι
1245 1419 1274 1464 et
1290 1405 1402 1474 κύκλους
1419 1405 1494 1474 ύσους
1516 1409 1613 1485 posui.
1629 1407 1689 1468 Pro
1703 1433 1756 1468 κα-

145 1490 299 1570 ίθτλνίσιιε,
313 1495 447 1554 κάνταῦθα
473 1493 596 1567 δεήσεται
614 1494 724 1570 μεθόδου
740 1493 808 1562 τινὸς
828 1496 865 1561 τίς
879 1492 927 1566 τὴν
973 1493 1107 1554 ταστιίντα
1119 1492 1165 1553 καὶ
1181 1493 1351 1571 συμπεσόντα
1374 1508 1509 1573 expectes
1523 1504 1696 1555 καταστᾶσαν
1709 1497 1756 1556 καί

146 1584 193 1637 τοῦ
224 1579 352 1662 τριγώνου
374 1582 512 1645 σύστασιν.
537 1581 614 1664 Ἔρεῖ
639 1583 690 1664 γὰρ
713 1585 727 1642 θ
753 1581 928 1664 γεωμετρικὸς
973 1585 1170 1658 συμπεσοῦσαν.
1191 1581 1247 1640 Sed
1271 1583 1340 1640 vide
1361 1583 1486 1642 Matthiae
1510 1582 1641 1644 Gramm.
1660 1583 1755 1647 Grae.

146 1672 220 1743 νοῦς,
235 1667 274 1728 ὅτι
285 1669 381 1742 νοήσας
397 1672 498 1730 εὐθεῖαν
512 1671 580 1730 κατὰ
595 1670 643 1748 μὲν
657 1669 764 1752 θάτερον
779 1673 830 1728 τῶν
846 1669 928 1748 περοί-
973 1672 1075 1748 gato.
1091 1691 1121 1732 a.
1145 1671 1260 1749 Quippe
1283 1691 1383 1730 sensus
1399 1685 1443 1730 est
1463 1694 1469 1730 ι
1487 1671 1562 1730 dicet
1582 1673 1660 1731 enim
1676 1693 1756 1732 mens

147 1778 200 1815 τονν
223 1755 369 1833 μένουσαν,
395 1759 463 1820 κατὰ
494 1760 522 1819 δὲ
552 1759 659 1840 θάτερον
689 1756 843 1835 κινουμένην
867 1756 928 1839 περὶ
973 1759 1138 1838 geometriae
1159 1761 1317 1832 innutrita,
1341 1774 1495 1838 postquam
1515 1762 1694 1836 excogitavit
1714 1779 1758 1818 re·

146 1845 246 1918 ἐκεῖνο,
263 1848 310 1906 καλ
331 1855 443 1926 σημεῖον
458 1847 514 1908 ἀπὸ
530 1853 577 1907 τοῦ
590 1851 711 1926 μένοντος
727 1847 768 1905 ἐπ’
788 1847 869 1918 αὐτῆς
888 1869 928 1906 κι-
973 1862 1046 1908 ctam
1070 1849 1193 1919 lineam,
1208 1849 1292 1926 cujus
1307 1869 1364 1907 una
1379 1849 1549 1908 extremitas
1564 1862 1694 1922 maneat,
1711 1849 1757 1906 al-

144 1931 285 2011 νούμενον,
309 1936 345 2003 εἰς
379 1937 459 1996 ταύτὸ
492 1936 664 1996 καταστάντα
692 1935 739 1994 καί
759 1933 927 2012 συμπεσόντα
974 1951 1035 1998 tera
1059 1938 1139 1997 circa
1162 1937 1242 1996 illam
1268 1951 1350 1996 motu
1375 1938 1496 2011 cientur,
1524 1951 1553 1997 et
1577 1950 1718 2017 punctum
1739 1956 1756 1996 a

145 2033 215 2082 ποιεῖ
238 2047 283 2101 μοι
307 2022 355 2095 τλν
371 2025 495 2099 τοιαύτην
518 2024 607 2085 ἕλικα.
635 2025 690 2086 Καὶ
711 2024 792 2083 πάλιν
815 2023 929 2090 κύκλους
973 2038 1106 2086 manente
1119 2044 1208 2103 snper
1223 2025 1315 2104 ipsam
1331 2025 1439 2086 lineam
1459 2039 1621 2100 moveatur,
1638 2045 1670 2086 se
1685 2023 1757 2084 adu·

147 2111 250 2190 ὁμοίους
263 2114 383 2195 γράψας,
405 2115 451 2176 καί
477 2116 530 2174 ἀπὸ
552 2119 599 2188 τῆς
623 2119 710 2186 κοινῆς
734 2103 817 2190 amai<
840 2115 877 2180 τίς
894 2115 929 2172 τὰ
973 2129 1068 2176 natam
1095 2127 1123 2172 et
1152 2114 1336 2193 conjunctam
1363 2118 1449 2176 talem
1472 2117 1582 2194 spiram
1612 2114 1685 2174 mihi
1714 2113 1757 2172 fa·

148 2203 244 2282 κέντρα
258 2207 309 2262 τῶν
324 2203 425 2265 κύκλων
449 2202 598 2279 ἔπιζεύξας,
620 2203 666 2264 καί
682 2203 736 2262 ἀπὸ
751 2201 862 2282 θατέρου
877 2205 928 2260 τῶν
974 2223 1049 2262 cere.

899 2341 1004 2352 -
1026 2339 1758 2357 flm—

148 2431 441 2497 iliiaprogradicns,juxta
448 2432 644 2484 convenientiam
655 2432 710 2496 ipsa
720 2429 804 2481 venati
814 2431 927 2484 conatui.
975 2431 1106 2494 punctum.
1139 2429 1266 2480 Rursusai
1280 2443 1330 2480 uno
1342 2429 1445 2492 quidem
1457 2433 1622 2480 extremorum
1637 2433 1712 2481 rectae
1728 2432 1757 2480 ii·

147 2518 627 2585 iixempiigratiaapnnctoadpunctum
636 2519 828 2571 rectamlineam
837 2517 930 2572 ducere
975 2531 1027 2568 neae
1040 2519 1161 2578 manente,
1177 2517 1282 2568 alterum
1294 2517 1361 2567 circa
1380 2515 1463 2581 ipsum
1475 2519 1621 2580 moveatur,
1636 2517 1757 2568 circulum

146 2614 275 2674 promtum
286 2610 614 2663 existimaietiactuiacile.
647 2613 730 2668 Quum
741 2609 807 2660 enim
817 2607 928 2672 aequabiti
975 2608 1067 2658 scribit.
1099 2607 1189 2672 siquis
1203 2609 1285 2660 autem
1295 2607 1413 2672 simplicis
1428 2607 1508 2658 flexus
1520 2608 1611 2671 spiram
1622 2607 1760 2659 detentere

147 2700 234 2764 puncti
259 2700 328 2750 fluxu
351 2701 448 2751 constet
468 2701 591 2763 simulque
613 2699 801 2764 progrediatur,
821 2697 931 2762 coquent
974 2697 1094 2758 voluerit,
1116 2696 1193 2761 magis
1207 2696 1273 2746 tatia
1287 2699 1342 2760 egei
1363 2695 1552 2746 machinatione.
1596 2696 1678 2746 Variis
1692 2695 1758 2748 enim

147 2801 272 2854 nusquam
290 2789 368 2852 magis
379 2787 418 2839 vel
438 2788 520 2837 minus
540 2787 646 2838 deciinat
665 2809 670 2836 :
687 2787 712 2836 in
724 2787 828 2837 alterum
843 2784 930 2836 incidit
975 2785 1084 2834 motibus
1095 2784 1135 2835 iila
1147 2784 1263 2849 amittat.
