3934 5956
332 413 384 476 DE
405 413 649 478 serstorum
670 419 842 495 EJUSQUE
863 419 1075 485 orsotrutrs
1096 420 1145 482 ET
1166 422 1481 488 succussoslsos.
1654 429 1710 490 ssi

110 553 275 628 fragmenta
285 560 400 608 veteres
414 562 582 610 servarunt.
597 549 671 610 Tam
687 551 829 614 laboriosi
839 554 891 613 ho·
936 554 1046 632 gelius,
1071 553 1181 631 adjeci,
1201 553 1293 614 verba
1318 574 1412 632 graeca
1434 556 1591 636 castigavi,
1609 559 1712 640 depra-

108 641 197 699 minis
219 640 324 698 chartae
345 637 371 696 si
386 653 590 716 superessent,
606 660 666 700 non
680 653 724 700 est
745 641 888 717 dubium,
936 649 1003 696 vara
1017 643 1144 716 restitui,
1160 643 1288 722 denique
1307 662 1367 702 non
1379 644 1468 703 modo
1487 647 1646 722 primarios
1658 649 1713 707 Eu·

108 731 182 808 quin
202 727 240 786 ad
259 726 376 806 plenam
395 727 505 787 veteris
525 727 674 807 sapientiae
693 731 889 808 cognitionem
935 729 1010 786 demi
1033 729 1130 804 locos,
1153 731 1205 790 sed
1228 731 1312 790 etiam
1342 732 1421 791 dicta
1443 734 1633 807 Aristotelea,
1649 757 1714 814 quae

108 815 343 896 consequendam
371 816 495 875 multum
523 818 666 877 valerent.
695 817 889 888 Quamobrem
935 817 1012 895 apud
1026 817 1208 898 Simplicium
1222 819 1353 880 Rhodius
1373 821 1567 902 philosophus
1580 826 1712 901 exponit,

106 905 243 966 laudibus
257 904 383 964 ornandi
400 905 536 964 suntriri
550 906 658 965 eruditi
673 906 725 985 qui
736 920 889 984 excerptos
934 924 951 964 e
970 925 1068 983 graeco
1082 908 1114 968 in
1138 908 1262 968 latinum
1273 927 1440 968 sermonem
1461 911 1549 971 verti.
1566 909 1609 968 lta
1628 930 1715 990 spero

106 1016 143 1055 ex
157 996 280 1054 Eudemi
295 993 511 1054 commentariis
524 995 607 1055 locos
618 1009 647 1054 et
660 995 802 1055 librorum
816 998 887 1056 reli·
936 993 998 1054 lore
1015 1009 1049 1056 ut
1066 1016 1144 1056 nova
1159 997 1221 1056 haec
1236 997 1358 1058 Eudemi
1381 999 1611 1074 fragmentorum
1625 1000 1715 1059 editio

107 1084 191 1160 quias
204 1083 344 1160 colligere
356 1081 558 1144 instituerunt.
934 1083 1165 1162 intelligentibus
1199 1085 1302 1145 talium
1332 1105 1430 1145 rerum
1464 1087 1716 1150 existimatoribus

148 1173 260 1232 Horum
275 1171 389 1251 primus
404 1170 566 1231 Christian.
579 1172 656 1248 Aug.
672 1174 846 1233 Brandisius
858 1175 888 1234 in
934 1171 1086 1249 probetur.

106 1261 232 1321 Scholiis
250 1261 436 1324 Aristotelcis
459 1260 591 1320 Berolini
606 1281 682 1320 anno
701 1263 773 1321 1836
789 1263 889 1322 diuul—
980 1267 1156 1322 Andronicus
1166 1265 1291 1322 modas
1306 1265 1382 1341 (αθ),
1399 1265 1508 1343 dequo
1523 1265 1715 1345 supradlsse·

107 1352 182 1426 gatis
195 1363 307 1429 partem
324 1349 556 1426 fragmentorum
572 1350 679 1422 edidit,
701 1351 814 1430 reliqua
833 1366 890 1412 ter-
934 1351 1000 1428 rui,
1023 1351 1056 1410 in
1079 1352 1262 1412 successione
1285 1352 1322 1412 ab
1347 1353 1504 1413 Aristotele
1528 1356 1714 1429 undecimus,

107 1441 148 1498 tio
161 1439 290 1498 historiae
303 1438 501 1518 philosophiae
515 1453 595 1499 tomo
616 1459 693 1499 anno
715 1443 792 1500 1860
812 1443 889 1502 inse·
935 1439 1020 1499 simul
1044 1441 1146 1501 Boethi
1181 1441 1296 1500 Sidonii
1325 1455 1489 1521 praeceptor
1517 1443 1590 1521 (οφ),
1626 1445 1714 1504 simul

107 1530 177 1588 ruit.
195 1529 336 1587 inchoato
355 1529 438 1608 operi
454 1531 594 1590 successit
613 1529 783 1592 Leonardus
798 1535 888 1611 Spen·
935 1529 1054 1606 aequalis
1091 1530 1290 1608 Tyrannionis
1315 1530 1366 1608 qui
1398 1549 1416 1588 a
1459 1530 1582 1590 Lucullo
1616 1545 1716 1610 captus

108 1617 204 1693 gelius
220 1617 271 1694 qui
285 1617 414 1676 excussis
428 1618 549 1678 scriniis
563 1619 690 1696 antiquis
704 1617 837 1678 libellum
857 1622 889 1680 in
935 1631 978 1677 est
992 1618 1073 1698 (αθ),
1087 1619 1253 1679 Aristotelis
1272 1633 1302 1679 et
1319 1619 1515 1698 Theophrasti
1532 1622 1640 1699 scripta
1655 1621 1716 1700 pri-

107 1707 166 1766 hoc
189 1725 295 1784 genere
312 1706 450 1767 omuibus
473 1709 535 1767 suis
551 1708 681 1767 numeris
704 1721 731 1766 et
756 1708 890 1787 partibus
935 1729 999 1768 mus
1014 1709 1135 1786 digessit
1150 1723 1267 1788 atquea
1284 1709 1474 1788 Tyrannione
1489 1709 1640 1768 emendata
1651 1711 1713 1768 edi·

106 1797 256 1875 expletum
277 1795 407 1855 Berolini
425 1817 452 1858 a.
474 1797 549 1856 1866
571 1811 601 1856 et
618 1798 725 1856 iterum
748 1799 824 1872 1870
836 1819 893 1878 pu·
935 1797 977 1856 dit
990 1798 1063 1876 (ορ).
1084 1805 1214 1878 Apparet
1228 1799 1375 1858 hominem
1390 1798 1555 1870 eruditum,
1569 1799 1601 1856 iu
1613 1818 1715 1857 recen-

105 1884 236 1948 blicavit.
254 1885 312 1955 Qui
326 1886 461 1963 quamvis
477 1887 587 1966 optime
600 1886 637 1945 de
658 1885 787 1945 Eudemo
810 1902 887 1947 esset
935 1888 1026 1948 sendo
1043 1889 1201 1949 Aristotele
1215 1888 1430 1956 elaborantem,
1446 1908 1567 1967 operam
1583 1887 1715 1962 dedisse,

106 1977 243 2048 meritus,
259 1987 355 2033 tamen
377 1975 570 2035 nihilominus
592 1989 684 2034 totum
707 1996 782 2056 opus
804 1989 893 2036 retra·
935 1990 968 2035 ut
987 1977 1115 2051 genuina
1137 1994 1155 2033 a
1177 1973 1286 2052 spuriis
1312 1972 1512 2046 discerneret,
1542 1993 1632 2052 quum
1658 1995 1718 2033 non

106 2065 242 2126 ctandum
257 2064 384 2143 suscepi.
405 2063 507 2141 ltaque
524 2084 618 2142 pauca
631 2065 815 2122 voluminum
831 2065 890 2123 Eu·
935 2066 1023 2122 modo
1034 2063 1260 2143 disputationem
1274 2063 1311 2120 de
1322 2063 1561 2142 interpretatione
1577 2061 1649 2142 (3ο),
1667 2063 1717 2122 sed

105 2153 269 2213 demiorum
286 2153 399 2231 capita,
412 2171 477 2230 quae
490 2152 624 2211 consulto
641 2150 779 2210 omiserat
796 2151 888 2231 Spen·
936 2153 1021 2211 etiam
1047 2166 1221 2231 postremam
1243 2151 1338 2210 libelli
1361 2151 1398 2210 dc
1423 2150 1586 2228 Categoriis
1605 2165 1717 2230 partem

104 2321 190 2387 sophis
203 2321 345 2386 geometriae
354 2318 475 2370 studiosis
493 2319 559 2383 agit,
582 2318 663 2368 malta
681 2317 789 2370 Eudemi
804 2317 886 2378 dicta.
935 2321 976 2369 καὶ
988 2331 1016 2369 το
1029 2319 1157 2380 πηλίκονη
1170 2319 1265 2378 ἑστδςη
1277 2319 1422 2382 κινούμενον
1435 2319 1505 2368 εἶναι.
1519 2316 1720 2380 Adrlerythago

103 2391 179 2444 morlo
190 2391 291 2442 hudato
309 2391 353 2442 illo
370 2393 486 2449 auctore,
507 2386 582 2440 modo
600 2387 700 2438 nomiae
717 2388 771 2452 ejus
790 2391 891 2452 proten
936 2403 1035 2440 reorum
1049 2392 1076 2440 et
1089 2388 1194 2439 Philolai
1216 2387 1365 2439 mentionem
1380 2401 1405 2454 p.
1422 2393 1445 2446 7,
1460 2392 1498 2446 36,
1523 2391 1562 2445 10,
1585 2389 1624 2436 ts.
1642 2389 1719 2436 Porro

103 2464 181 2516 misso
192 2503 199 2522 ,
210 2465 331 2528 usurpat;
344 2460 416 2526 cujus
432 2459 529 2525 generis
538 2458 634 2523 aliquot
651 2457 765 2522 exempla
776 2455 891 2521 adjunxit
936 2459 1064 2510 Eudemus
1077 2458 1144 2524 apud
1157 2457 1309 2522 Proclamp.
1323 2463 1352 2508 19
1366 2457 1453 2508 laudat
1465 2456 1672 2516 Leodamantem,
1686 2456 1720 2509 de

103 2532 257 2598 Spengelius.
273 2531 322 2583 Sed
335 2531 452 2596 quoniam
464 2529 491 2579 in
502 2527 599 2579 lubrico
610 2529 726 2578 uersatur
737 2524 781 2590 qui
793 2539 807 2578 e
819 2537 891 2576 mea-
936 2544 987 2595 quo
1006 2529 1108 2580 Procius
1121 2543 1145 2594 p.
1159 2533 1189 2579 ss
1203 2528 1300 2594 μέθοδον
1315 2528 1341 2579 δὲ
1360 2529 1425 2592 ὅμως
1440 2528 1637 2594 παραδίδονται,
1660 2529 1720 2578 mg.

103 2605 166 2656 doso
184 2603 265 2655 Procli
277 2602 411 2654 verborum
429 2601 547 2652 contextu
560 2597 650 2650 Rhodii
662 2597 802 2662 philosophi
822 2594 892 2660 frag·
934 2601 1006 2660 λίσςη
1019 2599 1091 2665 μόνη
1108 2599 1148 2650 διὰ
1167 2605 1209 2659 τῆς
1229 2598 1369 2655 ἀναλύσεως
1383 2597 1421 2648 ἐπ’
1433 2597 1510 2663 ἀρχὴν
1524 2598 1718 2662 ὁμολογουμένην

103 2677 172 2726 mina
184 2674 330 2738 exsculpere
351 2674 446 2730 tentat,
459 2670 543 2721 omnia
559 2668 602 2719 iila
619 2681 677 2732 (pum
692 2668 719 2718 in
734 2667 784 2717 isto
797 2665 891 2718 doctis·
936 2670 1063 2736 ἀνάγουσα
1081 2671 1110 2721 τό
1124 2670 1287 2734 ζητούμενον,
1305 2671 1335 2728 ἢν
1354 2669 1396 2718 καὶ
1413 2670 1427 2718 ό
1448 2667 1569 2727 Πλάτων,
1587 2671 1620 2724 ῶς
1640 2685 1718 2732 φασι,

103 2748 162 2798 sinii
175 2745 284 2797 hominis
295 2741 471 2794 commentario
481 2740 514 2792 ad
525 2739 667 2790 Eudemum
680 2739 807 2788 auctorem
820 2734 892 2787 torsi·
935 2741 1097 2806 Λεωδάμαντι
1110 2742 1258 2806 παρέδωκεν·
1275 2740 1316 2804 ἀφ’
1330 2740 1357 2801 ἧς
1371 2740 1413 2790 καὶ
1432 2740 1525 2794 ἐκεῖνος
1537 2739 1635 2788 πολλῶν
1655 2737 1720 2788 κατὰ

103 2823 148 2870 tan
161 2815 250 2869 referri
263 2815 374 2881 possint,
397 2812 440 2864 hic
451 2824 589 2877 proponere
607 2809 685 2860 uolui.
702 2810 748 2860 ssa
764 2808 831 2858 euim
849 2807 892 2858 hio
935 2809 1087 2879 γεωμετρίαν
1103 2813 1202 2876 εὑρετὴς
1217 2809 1348 2874 ίστόρηται
1358 2809 1479 2873 γενέσθαι.
1495 2822 1519 2874 p.
1533 2815 1562 2859 22
1574 2811 1620 2870 ἤδη
1633 2810 1659 2860 δὲ
1670 2814 1719 2859 τῶν

103 2888 175 2939 labor
193 2885 287 2937 futuris
301 2883 383 2934 Procli
401 2881 539 2934 editoribus
556 2879 735 2944 suscipiendus.
748 2879 838 2930 Paucis
850 2879 891 2927 ta-
934 2884 1046 2934 παλαιῶν
1061 2885 1084 2932 ot
1100 2881 1143 2944 μιν
1162 2880 1244 2932 πάντα
1254 2881 1403 2946 θεωρήματα
1414 2881 1499 2930 καλεῖν
1513 2879 1634 2941 ἠξίωσαν,
1646 2883 1678 2936 ὡς
1697 2881 1720 2929 οι

105 2969 163 3006 rnen
174 2957 233 3006 utar
248 2953 375 3017 exemplis.
389 2953 418 3002 ln
428 2951 517 3016 fragm.
533 2953 562 3002 91
573 2951 609 3001 ait
624 2955 647 3002 ct
658 2950 701 3015 μὲν
715 2949 758 3001 οὖν
771 2949 814 3006 τὰς
824 2951 890 2999 low·
934 2953 992 3018 περὶ
1005 2952 1160 3004 Σπεύσιππον
1173 2952 1215 3002 καὶ
1234 2949 1377 3016 Ἀμφίνομον
1390 2950 1524 3015 ἡγούμενοι
1535 2955 1590 3007 ταῖς
1604 2951 1720 3015 θεωρητι·

104 3029 159 3095 piat
173 3027 357 3093 ἀναγράψαντες
373 3025 443 3091 μέχρι
463 3024 554 3074 τούτου
566 3023 704 3088 προάγουσι
723 3023 767 3081 τὴν
784 3027 827 3082 ’τῆς
839 3021 892 3069 lot·
935 3028 991 3081 καῖε
1003 3023 1147 3087 ἐπιστήμαις
1166 3021 1314 3087 οῑκειότερον
1334 3022 1397 3070 είναι
1410 3021 1464 3079 -τὴν
1482 3021 1533 3068 τῶν
1555 3020 1719 3085 θεωρημάτων

105 3101 200 3164 στῆμης
211 3099 301 3158 ταύτης
313 3096 440 3147 τελείωσιν
452 3094 544 3145 omisso
559 3091 667 3144 Eudemi
685 3091 800 3150 nomine.
823 3091 892 3156 tplod
935 3092 1100 3160 προσηγορίαν
1120 3095 1136 3154 ἢ
1158 3095 1202 3152 τὴν
1223 3093 1274 3142 τῶν
1291 3091 1484 3158 προθλημάτων·
1504 3094 1527 3141 ot
1550 3091 1577 3142 δὲ
1598 3090 1719 3141 ἀνάπαλιν

105 3175 190 3220 tamen
207 3168 351 3220 addendum
362 3170 407 3218 eut
424 3161 624 3217 subaudiendum
640 3175 761 3215 essedum
771 3161 814 3212 alii
824 3159 893 3212 vide·
936 3165 1019 3214 πάντα
1035 3163 1198 3228 προδλήμστα
1217 3162 1293 3225 λέγειν
1308 3161 1445 3222 ἐδικαίουν,
1458 3163 1480 3211 ot
1499 3162 1556 3224 περὶ
1570 3161 1718 3225 ’Μέναιχμον

105 3244 184 3302 runt,
202 3243 258 3291 tum
277 3238 406 3290 Fabricius
420 3237 484 3288 Bibl.
508 3238 588 3289 orac.
605 3234 655 3286 vol.
676 3235 736 3300 Πρ.
759 3238 814 3286 θθό.
830 3237 892 3286 Tota
937 3231 1100 3298 μαθηματικοί
1114 3235 1165 3282 κτλ.
1187 3243 1212 3295 p.
1229 3233 1258 3280 29
1269 3233 1292 3281 ol
1305 3230 1332 3280 et
1348 3231 1405 3297 περὶ
1417 3229 1552 3280 Ξτνόδοτον
1568 3231 1611 3279 τὸν
1626 3230 1721 3296 προση-

105 3312 173 3362 cnim
186 3310 230 3360 illa
246 3309 356 3359 namatio
375 3321 407 3359 ex
417 3306 525 3358 Eudemi
538 3305 643 3356 historia
656 3304 797 3368 geometrice
815 3305 892 3370 petita
936 3320 1015 3353 κοντα
1024 3308 1054 3366 τῇ
1072 3303 1206 3354 Οῑνοπίδου
1219 3302 1335 3366 διαδοχῇ,
1351 3303 1401 3350 τῶν
1418 3302 1531 3365 μαθητῶν
1547 3301 1574 3350 δὲ
1591 3299 1721 3366 Ἀνδρῶνος

105 3385 152 3434 est.
166 3385 205 3432 Ile
214 3379 326 3431 Euclldis
340 3379 494 3429 theoremate
504 3380 524 3436 Ι,
539 3381 569 3427 23
584 3389 609 3441 p.
621 3379 651 3426 87
662 3375 670 3440 (
680 3373 768 3439 rragrn.
779 3375 818 3437 90)
831 3373 892 3424 dicit
937 3373 1000 3436 (leg.
1022 3371 1165 3439 ’λνδρώνιος
1175 3373 1183 3432 )
1194 3371 1341 3436 διορίζονται
1357 3371 1385 3420 τὸ
1398 3373 1511 3437 θεώρημα
1522 3375 1566 3420 τοῦ
1579 3372 1720 3440 προόλήμα-

104 3453 236 3521 πρύόλημα
251 3455 326 3501 τούτο
341 3449 475 3499 Οίνοπίδου
491 3447 534 3512 μὲν
546 3448 641 3513 εθρημα
654 3447 759 3506 μᾶλλον,
771 3447 804 3502 ῶς
819 3461 891 3508 φησιν
936 3459 986 3498 τος.
1001 3439 1038 3492 Gi.
1052 3455 1078 3506 p.
1095 3445 1133 3500 91,
1143 3440 1204 3490 ilem
1216 3453 1242 3503 p.
1263 3443 1291 3488 21
1312 3439 1384 3489 πάλιν
1399 3441 1425 3489 δὲ
1437 3441 1466 3488 τό
1481 3443 1606 3504 στοιχεῖον
1626 3439 1721 3502 λέγεται

104 3526 218 3589 Εὔδημος
231 3523 257 3572 et
270 3535 295 3586 p.
308 3523 340 3570 99
359 3517 462 3583 (fragm.
475 3518 522 3582 92)
535 3519 647 3582 Εὔδημος
662 3519 695 3574 είς
712 3516 768 3572 τούς
779 3517 892 3578 Πυθαγο·
937 3513 1024 3577 διχῶς,
1043 3514 1075 3568 ῶς
1094 3512 1192 3576 ρησινό
1211 3510 1363 3575 Μέναιχμος.
1381 3511 1442 3560 Ηιαυ
1456 3511 1531 3573 alque
1543 3507 1591 3558 alla
1609 3507 1721 3558 Eudemo

106 3597 187 3663 μείους
203 3593 339 3658 ἀναπέμπει
359 3591 404 3650 τήν
425 3591 499 3640 τοῦδε
512 3593 557 3640 ποθ
570 3589 725 3654 θεωρήματος
737 3586 841 3652 εύρεσιν.
861 3587 893 3636 tt
937 3581 1125 3644 assignabimus.
1148 3579 1267 3632 Similiter
1284 3578 1405 3630 Eutocius
1425 3578 1457 3628 ad
1479 3577 1652 3628 Archimedem
1675 3579 1721 3626 Ar-

105 3665 175 3717 idcm
183 3677 208 3728 p.
220 3667 248 3713 st
263 3660 343 3712 ustus
352 3659 385 3710 de
394 3660 442 3709 hoc
452 3658 605 3723 pmblemate
614 3656 745 3720 disputans
754 3654 838 3718 adjicit
850 3656 892 3706 καὶ
937 3653 1020 3717 chuta
1035 3651 1273 3702 demonstrationem
1285 3651 1318 3702 ab
1331 3649 1443 3701 Eudemo
1457 3651 1588 3698 mutuatus
1599 3651 1645 3698 cst.
1659 3651 1721 3698 Eam

106 3739 161 3788 ton
170 3736 199 3785 τὸ
206 3735 321 3799 θεώρημα
330 3737 404 3782 τοῦτο
412 3728 587 3796 Πυθαγόρειον,
598 3725 666 3778 haud
678 3725 753 3776 dubie
766 3738 797 3775 ex
806 3726 892 3776 eodem
937 3721 1074 3773 secundum
1086 3722 1212 3786 problema
1226 3723 1307 3772 κώνου
1319 3722 1429 3777 δοθέντος
1444 3722 1459 3779 ἢ
1473 3718 1602 3783 κυλίνδρου
1615 3723 1719 3782 σφαῖραν

105 3805 221 3856 Eudemo
231 3801 418 3866 transcriptum.
431 3801 487 3850 Jam
498 3813 547 3850 non
561 3797 687 3849 dubitabis
698 3797 893 3860 cumspengetio
938 3798 1016 3860 εὑρεῖν
1031 3795 1068 3859 τῷ
1086 3795 1160 3859 κώνῳ
1178 3795 1194 3854 η
1210 3795 1247 3856 τῷ
1265 3790 1384 3857 κυλίνδρῳ
1395 3791 1451 3847 ἴσην
1471 3787 1546 3838 solvit
1563 3787 1722 3835 Archimedes

106 3876 189 3928 cidem
212 3873 307 3925 auctori
328 3871 452 3932 tribuere,
477 3884 535 3936 quae
548 3869 581 3921 ad
602 3867 698 3921 Euclid.
714 3869 734 3925 1,
752 3871 781 3916 47
803 3880 828 3931 p.
849 3871 894 3918 110
937 3879 962 3930 p.
976 3869 1019 3916 131
1032 3864 1071 3916 ed.
1087 3867 1167 3915 Oxou.
1184 3862 1230 3914 ubi
1249 3861 1370 3912 Eutocius
1387 3859 1493 3908 aliorum
1507 3869 1607 3920 quoquc
1622 3855 1721 3904 mathc-

107 3947 226 3998 dicuutur
234 3947 284 3995 τιῖιν
296 3944 338 4008 μίν
350 3947 458 4008 ἱστορεῖν
475 3942 507 3991 τὰ
519 3942 613 4007 ἀρχαῖα
627 3938 781 4004 βουλομένων
795 3937 893 3986 άιιούον-
937 3937 1086 3988 malleorum
1097 3933 1232 3986 solutiones
1240 3929 1359 3996 appositis
1373 3927 1458 3992 figuris
1471 3925 1558 3982 alieri,
1571 3923 1602 3974 de
1613 3923 1722 3986 Archyta

105 4037 146 4077 τες
159 4019 189 4068 τό
204 4017 320 4082 θεώρημα
328 4017 403 4063 τοῦτο
418 4014 452 4068 είς
460 4010 606 4076 Πυθαγόραν
616 4007 810 4072 ἀναπεμπόντων
824 4005 891 4056 ἔστιν
938 4011 1022 4059 autem
1036 4007 1071 4057 ila
1084 4004 1170 4056 scribit
1183 4009 1219 4063 ιη
1241 4001 1356 4066 Ἀρχύτου
1369 3999 1508 4065 εύρεσιςῶς
1525 3995 1638 4054 Εὔδημος
1651 3996 1721 4044 ίστο-
1824 4031 1826 4036 .

106 4093 188 4156 εὑρεῖν
210 4087 252 4138 καλ
274 4087 401 4150 βουθυτεῖν
423 4083 544 4147 λεγόντων
560 4080 640 4128 αὐτῶν
655 4079 692 4128 ἐπί
706 4081 736 4143 τῇ
760 4077 852 4142 εύρέσει
869 4080 894 4126 et
939 4085 984 4146 ρεῖ,
1000 4077 1058 4127 vid.
1069 4076 1158 4139 fragm.
1174 4080 1259 4124 91.·-
1683 4135 1689 4148 ι

107 4158 184 4225 paulo
196 4155 301 4208 iuferius
319 4167 344 4220 p.
359 4158 403 4204 111
424 4154 602 4218 παραδέδονται
617 4151 643 4199 δὲ
664 4149 707 4199 καὶ
721 4148 817 4212 μίθοδοί
832 4165 894 4206 τινες
969 4151 1019 4214 (20)
1032 4146 1122 4199 Strabo
1135 4145 1179 4196 tib.
1196 4147 1252 4195 xlv
1264 4157 1289 4208 p.
1303 4149 1349 4195 655
1362 4141 1401 4192 cd.
1418 4138 1524 4192 camah.
1536 4137 1568 4188 de
1579 4135 1665 4187 Rhodo
1682 4149 1722 4186 tu·

107 4237 151 4288 τῆς
163 4231 282 4295 eiciatur
305 4231 355 4276 τῶν
372 4224 493 4276 τοιούτων
514 4221 659 4289 τριγώνων,
677 4213 710 4270 ὧν
730 4219 773 4279 τήν
798 4217 840 4281 μὶν
861 4218 894 4276 etc
938 4221 994 4272 sula
1012 4218 1116 4283 loquens
1136 4229 1211 4280 super
1229 4215 1291 4266 virts
1313 4211 1405 4263 illustri
1422 4209 1496 4260 laude
1517 4207 1649 4260 celebratis
1667 4206 1721 4258 haec

106 4302 232 4354 Πλάτωνα
251 4298 455 4361 dissimum,
469 4295 514 4354 τὴν
529 4292 556 4342 δὲ
575 4293 608 4349 tlt
625 4289 783 4355 Πιιθιιγὸριιιι,
798 4291 813 4349 ἢ
832 4287 885 4352 (leg
938 4289 1041 4342 scribit:
1055 4289 1140 4354 ἄνδρες
1153 4289 1174 4336 δ’
1186 4287 1300 4352 ἐγίνοντο
1313 4286 1407 4349 μνήμης
1420 4285 1482 4340 ἄξιοι
1491 4281 1576 4332 πολλοὶ
1586 4279 1723 4346 στρατηλά-

107 4373 144 4437 il)
160 4371 208 4421 ἀπό
220 4373 339 4434 περιττῶν
350 4367 418 4417 ἐστιν
431 4366 555 4432 ἀριθμῶν·
571 4362 652 4422 τίθησι
664 4360 710 4426 γὰρ
727 4360 779 4410 κτλ.
794 4372 819 4422 p.
831 4362 860 4408 ³7
871 4377 894 4410 οι
938 4379 979 4412 ται
991 4377 1019 4411 τε
1032 4361 1075 4410 καί
1090 4357 1189 4419 ἀθληταί
1199 4395 1205 4419 ,
1217 4351 1250 4408 ῶν
1264 4359 1312 4406 slot
1323 4357 1365 4406 καὶ
1382 4359 1405 4406 ot
1416 4351 1553 4404 Παναιτίου
1566 4354 1611 4401 τοῦ
1625 4349 1723 4414 φιλοσό-

107 4444 154 4509 μὲν
167 4441 209 4492 οὖν
216 4439 301 4490 πολλοὶ
312 4437 449 4502 γεωμέτραι
458 4441 501 4496 τῆς
514 4433 654 4498 διαιρέσεως
663 4431 752 4490 ταύτης
765 4430 810 4480 οὐκ
822 4430 894 4494 ἔχου·
941 4449 985 4484 σου
996 4430 1127 4499 πρόγονοι·
1145 4431 1195 4480 τῶν
1208 4428 1234 4480 δὲ
1245 4427 1378 4478 πολιτικῶν
1394 4427 1437 4476 καί
1451 4425 1501 4474 τῶν
1516 4423 1571 4488 περὶ
1584 4421 1669 4486 λόγους
1680 4421 1722 4470 καί

108 4531 150 4568 σιν
164 4509 307 4562 ἀποδιδόναι
325 4509 412 4572 λόγον,
425 4508 478 4556 ἀλλΙ
499 4505 614 4555 ύποθέσει
628 4504 735 4569 χρῶνται
756 4501 798 4551 καί
816 4501 893 4566 ταύτῃ
941 4503 1081 4569 φιλοσοφίας
1095 4501 1147 4551 ὅτε
1156 4497 1289 4558 Παναίτιος
1301 4498 1375 4556 αὐτὸς
1389 4497 1431 4547 καὶ
1443 4498 1476 4546 Er
1492 4495 1595 4554 ατοκλῆς
1611 4493 1653 4541 καὶ
1671 4489 1722 4541 Ἀν-

105 4578 361 4652 ..praestantissime
381 4576 494 4628 Ἐπειδὰν
509 4575 536 4625 δὲ
549 4575 593 4634 ιλιι
606 4573 687 4624 αἰτίαν
700 4571 789 4628 αὐτοὺς
804 4570 896 4637 ipori-
941 4574 1050 4641 δρόνικος
1065 4573 1118 4622 oen
1129 4573 1178 4621 τῶν
1191 4571 1330 4637 περιπάτων
1342 4569 1384 4618 καὶ
1396 4565 1477 4618 Asuvi
1508 4561 1673 4621 ςόστιοιιιός·
1686 4559 1722 4607 ἔτι

108 4671 211 4720 σωμεν,
227 4651 255 4703 οὔ
271 4668 330 4716 φασι
348 4655 435 4716 χρῆναι
447 4645 505 4714 παρ’
521 4648 600 4696 αὑτῶν
616 4645 744 4695 ἀπαιτεῖν·
760 4644 783 4692 ot
798 4641 825 4692 di
843 4643 896 4692 Πυ·
939 4645 967 4696 δὲ
980 4643 1099 4708 πρότερον
1120 4640 1271 4707 Πραξιφάνης
1286 4639 1328 4689 καὶ
1345 4637 1489 4702 Ἱερώνυμος
1501 4633 1674 4694 ααὶΕύδημος.

108 4725 236 4792 θσγορικοὶ
255 4729 297 4784 τῆς
312 4723 412 4788 τριπλῆς
425 4721 541 4782 διανομῆς
560 4717 599 4767 ἐπὶ
611 4715 655 4772 τὰς
667 4713 744 4780 ἀρχὰς
762 4713 896 4778 άνοιφίρον-
972 4714 1023 4778 (17)
1045 4710 1082 4762 01.
1105 4709 1250 4759 Ammonius
1266 4709 1292 4758 ia
1307 4705 1448 4771 Gategodas
1470 4717 1494 4768 p.
1513 4708 1527 4752 r.
1543 4703 1568 4752 ct-
1588 4707 1723 4750 srrcenon

109 4815 151 4855 τες
161 4798 206 4856 τὴν
218 4795 304 4854 λύσιν,
317 4793 363 4843 οὐκ
374 4793 507 4855 ἀποροῦσιν
518 4786 597 4843 αίτίοις
611 4784 800 4837 ἀποδιδόναιιιαί
808 4781 896 4842 ταύτης
941 4781 1078 4836 Alexander
1096 4777 1293 4843 Aphrodisiensis
1317 4776 1349 4826 de
1371 4775 1453 4825 anirua
1476 4786 1530 4836 pag.
1549 4773 1600 4821 tsi.
1622 4771 1661 4818 De
1675 4765 1722 4816 boc

109 4876 154 4930 τῆς
167 4868 282 4931 διαφορᾶς
301 4868 350 4912 τῶν
370 4859 543 4927 εὐθυγράμμων
559 4859 668 4922 γωνιῶν·
681 4853 823 4920 ιπειδηγὰρ
840 4854 891 4906 κτλ
941 4853 1030 4906 strabo
1042 4851 1086 4901 lib.
1104 4850 1160 4899 xvl
1173 4861 1197 4912 p.
1211 4851 1255 4898 757
1267 4849 1319 4896 καθ’
1334 4849 1398 4909 ἡμᾶς
1413 4844 1440 4894 δὲ
1452 4844 1480 4892 ἐκ
1492 4841 1588 4896 Σιδόνος
1600 4838 1643 4924 μθ)
1654 4836 1723 4887 ivio-
1808 4867 1813 4872 -

109 4953 136 5005 p.
159 4941 190 4988 32
208 4939 231 4986 ot
248 4935 274 4985 δί
287 4951 315 4998 γε
330 4931 492 4998 Πυθαγόρειοι
510 4933 541 4993 τῇ
563 4926 643 4993 τριάδι
658 4925 792 4993 προσήκειν
809 4923 894 4983 αύτήν.
940 4928 976 4984 ξοι
991 4921 1117 4988 φιλόσοφοι
1130 4917 1245 4984 γεγόνασι
1264 4914 1354 4975 Βοηθός
1366 4931 1407 4975 τε,
1428 4907 1721 4996 ᾧσυνεφιλοσοφησαμεν

110 5025 137 5076 p.
154 5014 183 5058 10
198 5011 251 5065 τοῖς
265 5005 308 5070 μὲν
322 5004 365 5054 οὗν
379 5000 552 5067 Πυθαγορείοις
566 4998 646 5048 ἐδόκει
661 4997 772 5062 τέτραχα
791 4997 894 5061 διαιρεῖν
940 4999 1011 5060 ἡμεῖς
1021 4991 1053 5041 τὰ
1068 4989 1261 5057 Ἀριστοτέλεια,
1275 4987 1317 5036 καὶ
1330 4983 1458 5044 Διόδοτος,
1474 4981 1574 5043 ἀδελφός
1585 4995 1672 5030 τουτου.
1690 4998 1724 5017 ι-

111 5082 158 5140 τὴν
172 5080 229 5136 όλην
244 5074 413 5140 μαθηματικὴν
426 5071 571 5134 ἐπιστήμην.
584 5069 618 5118 Τὸ
633 5068 675 5132 μιν
693 5067 741 5134 γάρ
755 5068 829 5127 αὐτῆς
843 5066 896 5131 περὶ
942 5065 992 5126 (28)
1006 5060 1156 5111 Plutarchus
1174 5057 1220 5108 vit.
1237 5053 1333 5105 Laeuii.
1348 5065 1402 5118 cup.
1422 5053 1451 5102 19
1463 5049 1512 5100 vol.
1527 5050 1563 5098 lll
1576 5062 1601 5136 p.
1617 5050 1663 5098 304
1682 5045 1721 5099 ed.

115 5153 145 5202 τό
155 5149 250 5209 ποσόν,
263 5147 292 5196 τό
304 5145 332 5196 δὲ
342 5143 398 5208 περὶ
413 5143 442 5193 τό
455 5141 556 5202 πηλίκον
576 5139 729 5204 ἀφορίζουσι,
742 5139 784 5188 καί
804 5136 897 5187 τούτων
941 5135 1045 5184 liuttert.
1065 5131 1122 5182 τότε
1136 5130 1179 5180 καὶ
1190 5125 1330 5193 Τυραννίων
1353 5126 1367 5174 ό
1382 5121 1549 5206 γραμματικός
1562 5121 1634 5170 ίαλω.
1653 5115 1723 5167 Adde

114 5223 231 5286 ἑκάτερον
244 5218 325 5270 διττόν
338 5215 481 5280 τιθεμένοις.
495 5213 530 5264 Τό
547 5229 575 5261 τε
594 5211 641 5278 γὰρ
654 5211 733 5261 ποσὸν
744 5212 759 5269 ἢ
771 5211 824 5258 καθ’
837 5207 897 5256 abab
942 5203 1046 5255 Sttidam
1066 5215 1092 5252 v.
1110 5197 1260 5264 Τυραννίων.
1279 5221 1310 5232 ·-
1322 5193 1378 5278 (1.9)
1396 5192 1454 5244 th.
1480 5189 1538 5241 edu.
1559 5194 1574 5240 9
1595 5193 1624 5272 ο(
1638 5192 1675 5239 11.
1691 5213 1722 5223 -

114 5294 160 5354 τὴν
175 5289 311 5343 ὑπόστασιν
328 5287 390 5352 ίχειι
404 5289 420 5347 ἢ
434 5285 495 5350 πρός
506 5285 564 5334 ἄλλο
575 5284 718 5348 θεωρεῖσθαι
727 5279 792 5329 κατὰ
803 5279 896 5344 σχέσιν,
943 5277 990 5338 (30)
1002 5275 1066 5324 teste
1076 5264 1405 5333 Eexaaoroaphrodmenu
1417 5278 1443 5315 tn
1451 5263 1494 5316 ltb.
1505 5264 1518 5315 1
1528 5261 1720 5329 Anelyltoorutu.
