3976 5948
845 408 1095 475 FRAGMENTA.

169 531 345 611 μαθηματικὰ
371 531 405 591 τὰ
428 533 540 596 ἐπίπεδα
556 535 738 612 ὑποτίθενται,
756 541 834 612 δῆλον
851 543 881 600 ἐκ
904 548 964 602 τοῦ
994 544 1207 604 insecabilibus
1223 543 1308 602 lineis
1331 544 1469 602 dicuntur
1483 563 1549 650 pag.
1573 547 1641 620 930.
1659 547 1695 606 Α.
1717 551 1772 608 Tou

168 621 246 682 ενυλα
258 623 387 703 λεγειν
358 623 442 685 αυτά·
455 625 496 684 διδ
509 625 554 686 καλ
567 630 617 698 τὴν
636 626 700 698 ὕλην
716 629 839 710 πρότερον
861 654 949 710 παρα·
995 631 1163 713 Παρμενίδου
1180 632 1298 710 λεγοντος
1310 630 1384 690 ἓντο
1398 631 1426 689 όν
1437 629 1501 707 ,καὶ
1514 631 1672 710 τοπαράτο
1685 633 1774 694 δνόυ-

169 709 256 778 δόντες
279 712 503 793 διεσχηματίσθαι
516 717 616 788 ταύτην
635 715 717 776 είδεσί
730 740 758 776 τε
773 717 817 776 καλ
833 721 849 776 ἀ
852 723 1009 798 ριθριοῖςδ
995 722 1052 796 δ,ίν
1068 725 1103 788 ὣς
1117 721 1154 798 μὴ
1165 719 1236 793 όν
1235 745 1267 780 να
1283 720 1321 833 μὴ
1337 717 1521 795 moltitiem
1532 721 1620 801 εἰσαξη
1635 723 1721 784 anim
1734 727 1771 802 μη

169 801 285 912 λέγουσι.
309 803 410 864 Καλθ
378 827 394 862 α
412 803 455 869 τὸς
476 803 503 863 δέ
524 806 544 862 ὁ
553 805 666 884 Ἰίμαιος
681 808 761 864 tv*
725 831 763 884 τῳ
778 806 865 886 οἰκείῳ
883 829 949 887 συγ·
993 809 1040 885 όν,
1055 814 1078 871 οἱ
1095 811 1162 917 ἀμφὶ
1178 811 1297 870 Ξενοκ’
1266 834 1346 892 ρατην
1362 809 1407 868 καί
1426 744 1558 870 Πλάτωνα
1572 812 1653 870 ἐνεδ’
1614 814 1716 872 διὀοσαν
1736 818 1773 894 τῷ

167 891 305 970 γράμματι
319 891 381 952 τάδε
370 891 546 974 εγίγραφεν·
563 893 643 974 ἀρχαί
663 885 768 973 μένων
785 899 837 954 τῶν
854 919 949 974 γεννω-
993 901 1077 980 λόγῳ,
1097 899 1143 959 καί
1166 909 1219 966 τοῖς
1243 837 1325 967 ade
1310 899 1462 979 διχοτομίας
1476 899 1521 959 καὶ
1545 901 1619 968 τθιςέ
1620 905 1649 960 π’
1665 900 1771 982 ἀπειρον

171 978 256 1038 ιιίνων
273 983 329 1039 κτλ.
994 987 1131 1068 διαιρέσεις
1146 1011 1191 1046 του
1175 986 1281 1054 ’“όντος
1296 989 1489 1066 εἰσάγουσιν,
1476 1011 1511 1055 ως
1527 988 1603 1048 ἀντο
1617 989 1644 1048 ἓν
1657 989 1770 1070 δειχθείη

213 1069 402 1148 (Simplicius
420 1070 457 1129 ad
478 1069 644 1132 Aristotelis
657 1073 694 1131 de
716 1073 797 1131 Coeto
818 1073 872 1136 lib.
891 1074 947 1147 ΙΙΙ,
993 1075 1095 1148 πολλοί,
1111 1074 1199 1134 καλου
1212 1074 1347 1154 κυριωςέ
1364 1074 1448 1148 εἴη
1424 1099 1454 1134 το
1467 1074 1513 1155 όν
1529 1079 1552 1136 εἰ
1568 1077 1770 1158 διαιρετονειη

168 1177 233 1237 cap.
256 1159 339 1218 riol.
360 1161 426 1234 139.
443 1159 533 1219 Bcf.
553 1159 706 1222 Schol.1n
722 1161 809 1222 Arist.
832 1182 860 1270 p
878 1163 944 1224 διο.
992 1173 1027 1231 ὼς
1053 1163 1221 1242 Παρμενίδης
1246 1163 1410 1244 ἰσχυρίζετο,
1431 1163 1544 1224 καὶσυν
1567 1168 1639 1246 αὐτῷ
1659 1165 1769 1240 Ζήνων,

165 1247 201 1306 Α.
216 1246 263 1305 ed.
276 1246 409 1306 BrendiS.
422 1246 565 1306 Caeterum
580 1252 698 1308 verba’
683 1248 765 1329 αρχαί
778 1249 825 1324 μὲν
840 1239 876 1308 ῶν
895 1255 946 1310 τῶν
992 1255 1104 1330 ἀναιρῶν
1123 1250 1157 1308 τά
1171 1251 1304 1326 collis
1291 1277 1325 1318 ως
1340 1251 1394 1312 ἐστι
1416 1257 1508 1328 μαθεῖν
1524 1255 1553 1312 ἐκ
1566 1277 1612 1311 του
1630 1256 1770 1313 Πλατωνι-

165 1333 348 1442 γεννριμένων,
361 1355 427 1412 quae
442 1335 581 1395 librarat
572 1358 602 1395 ττι
623 1328 873 1417 ἀργάςμνουν
838 1363 889 1396 των
900 1362 946 1416 γε
991 1363 1037 1398 κου
1057 1343 1118 1418 Παρ
1121 1338 1194 1414 μεδνί
1180 1341 1239 1398 δου
1251 1349 1304 1408 τοῖς
1320 1331 1539 1408 τοιούτοιςούνοὶ
1556 1341 1662 1423 ἀμφλΞ
1637 1344 1770 1424 ενοκρά-

1713 415 1772 478 ll9
1843 462 1846 468 .

166 1443 281 1498 νομενων
289 1436 494 1500 corruperunt
503 1441 540 1480 ex
550 1424 614 1525 ipsp
627 1426 770 1506 scriptore
781 1425 944 1490 emendavi.

167 1512 316 1589 leguntur
327 1512 404 1570 enim
419 1515 449 1569 iu
464 1511 542 1570 libro
553 1533 605 1590 qur
596 1513 670 1572 sub
680 1512 784 1571 limaei
794 1512 882 1573 Locri
894 1535 946 1574 no·

170 1601 250 1659 mine
266 1601 356 1660 lertur
373 1603 390 1678 §
407 1600 423 1658 5
439 1601 552 1664 Plrilos.
572 1601 669 1663 Graec.
685 1601 803 1678 Fragm.
826 1603 886 1662 vol.
903 1604 943 1672 ll,

166 1709 232 1768 τοι.
248 1689 313 1770 τι.)

205 1799 241 1841 at.
261 1781 297 1839 El
313 1783 337 1839 δ’
358 1777 429 1838 ἐστιν
445 1779 579 1860 ἀδιαίρετα
603 1780 699 1858 μεγέθη
715 1781 760 1840 καλ
787 1783 876 1857 ἀπαθῆ
899 1783 944 1844 καὶ

164 1869 245 1948 χωρίς
256 1868 412 1946 ποιότητος,
425 1871 461 1936 ὡς
480 1872 503 1929 οἱ
523 1871 582 1949 περὶ
599 1869 763 1950 Δημόκριτον
777 1871 878 1950 ἔλεγον,
899 1873 943 1932 καί

163 1957 331 2041 Ξενοκράτης
346 1957 459 2035 ἀτόμους
472 1958 599 2038 γραμμὰς
613 1958 814 2038 ὑποτιθέμενος,
829 1958 855 2029 ἐξ
869 1964 944 2022 ἐναν-

164 2045 221 2115 τίας
235 2055 288 2113 τοῖς
304 2054 501 2122 μαθηματικοῖς
514 2045 546 2106 ἀν
560 2049 736 2127 ἀφομοιρῖντο.

202 2135 392 2214 (Simplicius
410 2135 447 2193 ad
473 2135 639 2194 Aristotelis
661 2135 696 2194 de
715 2137 797 2194 Coelo
815 2136 868 2196 lib.
886 2137 941 2214 ΙΙΙ,

163 2242 227 2302 cap.
243 2225 260 2280 8
273 2224 321 2284 tot.
342 2225 431 2298 162.)

203 2333 243 2374 τε.
261 2313 430 2392 Ξενοκράτης
445 2314 493 2390 μὲν
514 2312 578 2395 πρὸς
595 2314 644 2387 ‘riv
671 2315 713 2373 ἐπ’
729 2313 835 2394 ἄπειρον
859 2315 942 2393 τομὴν

162 2401 210 2470 τάς
223 2403 333 2480 ἀτόμους
344 2401 469 2482 γραμμὰς
485 2401 621 2484 [εἰσάγει]
631 2450 639 2478 ,
650 2401 693 2463 ἵνα
709 2405 792 2486 φεύγη
807 2404 901 2464 ταυτὸν
915 2404 942 2464 ἐν

162 2517 190 2552 τε
205 2493 250 2551 καί
271 2489 356 2552 πολλθ
371 2492 474 2571 λέγειν·
487 2493 519 2565 ἣν
532 2492 670 2574 ἀντίφασιν
685 2497 772 2560 κακῶς
787 2493 943 2572 ύπολαμόά-

162 2605 212 2640 νων
234 2579 312 2662 ἑτέρᾳ
332 2580 504 2659 περιέπιπτεν
520 2581 659 2661 ἀντιφάσει
672 2580 860 2662 χαλεπωτέρᾳ,
879 2607 942 2642 ταυ·

159 2671 204 2728 τθν
228 2669 285 2746 ἅμα
301 2671 382 2728 ποιῶν
408 2669 514 2750 μέγεθός
532 2693 562 2728 τε
586 2670 631 2729 καί
654 2672 682 2728 οὐ
707 2670 831 2746 μέγεθος·
852 2669 941 2729 καίτοι

160 2758 254 2816 ταυτὸν
270 2757 316 2832 μέν
332 2755 358 2816 έν
383 2781 411 2817 τε
427 2761 472 2816 καλ
486 2757 572 2817 πολλὰ
587 2757 670 2835 λέγειν
684 2759 731 2817 οὐκ
743 2756 815 2816 ἔστιν
829 2759 941 2818 ἀντικεί-

161 2869 243 2924 μενα,
261 2847 283 2904 εί
299 2845 425 2926 διαιροῖτό
442 2869 481 2914 τις
497 2845 527 2905 rb
546 2846 656 2924 δυνάμει
670 2847 716 2905 καί
730 2847 860 2927 ἐνεργείᾳ,
875 2869 940 2905 ταυ·

160 2935 205 2994 τθν
222 2933 249 2994 δὲ
269 2943 352 2996 ποιεῖν
376 2935 504 3017 γραμμήν
526 2959 555 2995 τε
580 2935 625 2994 καὶ
648 2929 799 3016 ἀδιαίρετον
821 2936 942 3016 ἄντικρύς

160 3027 218 3084 ἐστι
233 3029 365 3093 ποιοῦντος
382 3025 429 3098 τὴν
444 3025 570 3105 γραμμὴν
582 3026 610 3084 ob
623 3025 761 3103 γραμμήν.

204 3109 402 3188 (Themistius
424 3112 595 3190 Paraphras.
621 3111 813 3190 Physicorum
830 3112 941 3171 Aristo-

160 3201 227 3260 telis
242 3201 293 3260 lib.
311 3201 336 3274 l,
368 3202 420 3264 iol.
444 3203 489 3260 18.
513 3203 548 3262 Α.
572 3200 615 3262 Cf.
642 3200 742 3260 Schol.
764 3201 795 3258 in
821 3202 940 3260 Aristot.

159 3310 189 3368 p.
208 3291 277 3358 331..
296 3289 332 3349 Α.
349 3289 396 3349 ed.
412 3289 548 3350 Brandis.
566 3289 629 3348 lluc
645 3292 794 3366 pertinent
807 3290 893 3347 etiam
908 3309 942 3348 ea

160 3398 225 3456 quaa
238 3378 271 3436 in
296 3378 512 3437 Commentario
532 3380 562 3436 in
586 3378 751 3436 Aristotelis
776 3377 883 3437 librum
906 3379 941 3436 de

159 3584 242 3635 περιτο
259 3584 292 3622 ea
301 3574 410 3635 putretis
422 3575 527 3623 coastat
548 3571 631 3635 tinec,
647 3585 730 3637 cepoe
740 3586 773 3622 ex
786 3571 863 3623 lincis
876 3572 939 3638 pla·

161 3675 236 3727 nam,
253 3676 336 3727 acque
351 3677 386 3713 ex
397 3665 490 3729 planis
506 3663 642 3715 solidante
664 3663 718 3714 brec
732 3664 831 3727 quidem
845 3664 941 3714 Aristo·

161 3751 239 3814 tales,
262 3753 291 3801 ut
304 3763 400 3815 semper
414 3751 479 3813 dixi,
494 3767 624 3803 occurrens
644 3753 667 3802 ei
682 3753 747 3816 quod
764 3754 789 3804 in
806 3752 853 3804 hac
871 3766 942 3817 quae-

160 3839 240 3889 stione
252 3838 383 3888 verleirniie
393 3841 441 3892 est.
452 3839 590 3888 Notandum
600 3853 661 3889 vero
668 3879 674 3900 ,
682 3839 803 3903 siquidem
815 3841 886 3904 plana
901 3841 940 3890 di·

162 3925 252 3979 cebant
275 3927 450 3977 mathematica
473 3941 536 3990 esse,
558 3929 589 3977 ut
612 3928 690 3979 solam
712 3929 891 3993 longitudinem
917 3932 943 3980 et

137 4005 305 4066 'latitudiem
321 4015 451 4079 habentia,
471 4004 514 4081 qui
527 4030 558 4066 cx
572 4017 650 4080 planis
671 4017 749 4067 solida
770 4032 824 4068 esse
845 4018 940 4069 dicunt.

162 4106 188 4152 et
198 4104 223 4152 in
232 4103 306 4168 plano
318 4103 419 4166 quidem
432 4103 510 4154 solida
524 4105 659 4165 resolvunt,
672 4105 775 4168 pulchre
786 4106 942 4156 Aristotelem

95 4195 98 4200 '
160 4193 187 4241 et
198 4190 252 4240 haec
262 4187 295 4241 iis'
308 4191 420 4240 attulisse
438 4191 544 4242 absurda
557 4196 583 4250 et
601 4193 729 4256 sequentia
744 4193 886 4244 allaturum.
900 4193 943 4244 siu

160 4283 243 4330 autem
255 4279 357 4342 physica
371 4280 444 4342 plana
455 4283 553 4341 vocant,
565 4283 593 4330 ut
606 4294 654 4330 non
672 4283 751 4331 solum
763 4282 941 4346 longitudinem

161 4373 187 4421 et
195 4371 369 4433 latitudinem,
393 4370 436 4421 sed
461 4374 487 4422 et
506 4371 662 4423 altitudinem
687 4373 799 4434 habeant,
823 4373 890 4436 quod
911 4375 942 4425 ad

161 4457 308 4524 principium
322 4457 464 4523 inphysicis
477 4459 674 4510 constituendum
686 4461 759 4522 valet,
775 4476 822 4510 non
837 4461 944 4526 amplius

159 4546 243 4596 thesin
257 4559 342 4596 eorum
363 4550 499 4609 sequuntur
512 4547 636 4608 absurda,
652 4545 732 4608 planis
747 4549 865 4611 tanquam
887 4547 943 4597 alti·

160 4633 246 4684 tudme
263 4631 406 4683 carentibus
427 4633 548 4697 opposita.
573 4635 666 4683 Ponere
684 4646 743 4684 vero
762 4647 805 4684 eos
824 4633 941 4698 physica,

161 4735 208 4772 non
218 4721 394 4772 mathematica
404 4722 490 4786 plana,
503 4735 535 4772 es
548 4722 595 4772 hoo
612 4721 762 4786 inteligitur,
780 4721 847 4784 quod
860 4725 941 4774 nicte-

160 4809 231 4861 rialie
239 4823 268 4860 ea
276 4809 397 4874 appellant
404 4827 409 4858 :
416 4810 576 4873 quamobrem
588 4809 663 4860 etiam
672 4813 804 4874 postquam
813 4811 943 4862 materiam

161 4898 330 4960 tradiderunt,
343 4898 407 4949 hanc
416 4899 482 4949 omni
495 4899 578 4963 specie
590 4902 616 4949 et
625 4912 727 4948 numero
740 4899 874 4950 formatam
886 4915 943 4952 esse

163 4987 297 5038 aitirmant.
323 4987 372 5038 Scd
392 4987 446 5052 ipsc
459 5001 558 5051 quoque
581 4987 688 5038 iirnreus
705 4987 731 5038 in
747 4987 811 5039 libro
830 5003 876 5040 suo
892 4991 945 5042 baec

164 5075 262 5140 scripsit
275 5095 280 5126 :
294 5078 431 5140 Principia
443 5078 525 5141 icitur
536 5089 626 5128 reram
640 5079 802 5140 creatarum,
813 5080 861 5130 otc.

198 5169 237 5215 24.
254 5166 279 5217 Si
293 5179 352 5216 νοτυ
364 5169 421 5216 sunt
434 5165 616 5230 magnitudines
625 5168 679 5216 tum
695 5165 808 5219 indivise
819 5205 825 5230 ,
837 5169 892 5218 tum
908 5169 944 5217 oi·

166 5255 314 5308 lectionibus
325 5261 445 5321 carentes,
460 5257 513 5307 tum
528 5256 653 5320 quabmt'u
667 5259 795 5321 expertes,
810 5258 840 5307 ut
853 5259 945 5308 Demo-

990 1452 1038 1500 την
1050 1427 1096 1488 καί
1105 1362 1278 1488 ρ[Ιλιίτωνοι’
1264 1430 1446 1494 αντιτείνυντες
1458 1430 1593 1508 ἀδιαίρετα
1606 1431 1707 1490 ἐποίουν
1723 1456 1771 1507 μι-

990 1517 1019 1594 γί
1021 1522 1072 1596 θηγ
1021 1507 1123 1576 θῶν
1140 1517 1184 1575 καί
1198 1516 1229 1575 τὸ
1243 1515 1270 1575 ἓν
1287 1519 1369 1574 ἐκεῖνο
1384 1517 1502 1593 ἐτίθουν,
1518 1517 1581 1578 ὥστ’
1600 1509 1665 1576 εἷναι
1682 1518 1727 1578 καὶ
1743 1519 1770 1578 ἓν

989 1605 1034 1665 καὶ
1051 1603 1207 1681 ἀδιαίρετον.
1224 1606 1365 1664 Similiter·
1384 1605 1566 1685 Philoponus
1589 1607 1623 1664 in
1644 1609 1767 1668 Aristot.

990 1695 1077 1772 Phys.
1109 1693 1163 1754 lib.
1194 1694 1207 1751 Ι
1233 1696 1282 1752 ίοΙ.
1316 1695 1348 1766 Β,
1377 1697 1410 1752 16
1434 1708 1463 1753 et
1487 1695 1521 1768 C,
1555 1717 1567 1752 1
1591 1694 1654 1773 πρὸς
1675 1695 1702 1754 δέ
1726 1697 1769 1755 τὸν

988 1783 1108 1854 Ζήνωνος
1135 1782 1227 1860 λόγον,
1254 1782 1299 1840 τθν
1325 1782 1493 1861 Ξενοκράτην
1516 1781 1594 1862 φασίν
1619 1784 1769 1854 ἀπαντῆσαι

989 1869 1144 1946 ὑποθέμενον
1160 1869 1197 1946 μὴ
1213 1869 1253 1926 ἐπ’
1270 1869 1376 1948 ἄπειρον
1391 1869 1440 1942 τὴν
1456 1873 1507 1928 τῶν
1523 1872 1639 1947 μεγεθῶν
1654 1869 1768 1948 γίνεσθαι

987 1961 1086 2037 τομήν,
1101 1957 1258 2020 καταλύσειν
1269 1959 1319 2040 γάρ
1330 1961 1364 2025 εἰς
1380 1957 1491 2035 ἀτόμους
1503 1957 1628 2038 γραμμάς
1641 1961 1769 2036 τεμνομέ-

988 2071 1034 2120 νην
1058 2046 1106 2119 rii
1126 2049 1270 2128 γραμμήν·
1285 2047 1397 2126 ἠγνόησε
1418 2047 1445 2105 δέ
1469 2049 1514 2106 καὶ
1536 2040 1608 2114 οὗτος
1632 2050 1768 2129 ἀντιφάσει

988 2134 1136 2216 περιπεσὼν
1149 2137 1191 2195 διά
1204 2143 1249 2196 τοῦ
1258 2138 1341 2196 δοκεῖν
1354 2135 1456 2218 φεύγειν
1469 2133 1516 2208 τὴν
1527 2136 1675 2216 ἀντίφασιν.
1687 2137 1765 2196 ldem

988 2227 1074 2305 paulo
1089 2238 1155 2302 post
1168 2227 1211 2284 sic
1227 2226 1323 2304 pergit
1337 2245 1345 2286 τ
1361 2226 1422 2284 ἔνιοι
1435 2222 1462 2282 δέ
1476 2223 1596 2284 ἐνέδοσαν
1615 2228 1669 2291 τοῖς
1682 2223 1768 2302 λόγοις

989 2314 1161 2396 ἀμφοτέροις·
1177 2313 1347 2393 ἀμφοτέροις,
1363 2313 1445 2392 φησί,
1461 2316 1514 2378 τοῖς
1529 2318 1617 2372 τετοῦ
1631 2314 1767 2390 Παρμενί-

988 2403 1033 2460 δου
1053 2401 1166 2467 καὶτοῖς
1189 2406 1232 2459 τοῦ
1258 2405 1375 2475 μαθητοῦ
1391 2403 1470 2460 αὐτοῦ
1494 2401 1628 2472 Ζήνωνος·
1650 2403 1702 2468 τοῖς
1718 2401 1765 2478 μέν

987 2496 1033 2549 τοῦ
1051 2487 1210 2548 διδασκάλου
1232 2492 1246 2547 θ
1271 2489 1425 2555 διδάσκαλος
1450 2489 1586 2566 Πλάτων,
1608 2496 1661 2556 τοῖς
1675 2489 1701 2547 δέ
1719 2495 1764 2548 τοῖνΙ

988 2584 1104 2656 μαθητοῦ
1121 2578 1269 2651 Ζήνωνυςθ
1290 2577 1411 2658 μαθητὴς
1434 2577 1577 2645 Πλάτωνος
1600 2577 1766 2658 όΞενοκρά-

987 2671 1065 2746 τοι)

1028 2779 1065 2819 το.
1083 2756 1178 2820 Ἔνθεν
1199 2761 1219 2816 θ·
1234 2755 1403 2835 Ξενοκράτης
1427 2756 1518 2838 ἀνῄρει
1535 2755 1582 2828 riv
1601 2755 1642 2814 ἐπ’
1658 2755 1764 2837 άπειρον

986 2849 1038 2904 τῶν
1053 2851 1170 2925 μεγεθῶν
1185 2845 1283 2923 τομήν·
1300 2845 1377 2912 αὐτὸς
1391 2852 1453 2924 γοῦν
1468 2847 1609 2925 πολλαχῶς
1624 2847 1766 2927 συγχωρή-

987 2958 1034 2999 σας
1049 2935 1133 3014 τούτῳ
1151 2936 1242 3002 ἀληθεῖ
1256 2932 1328 3010 ὄντι,
1341 2934 1410 3010 όμως
1422 2934 1569 2994 ἐπελύσατο
1582 2939 1705 3014 μοναχῶς
1718 2932 1766 3008 τὴν

990 3021 1118 3101 ἀπορίαν,
1139 3026 1165 3082 ἐν
1188 3013 1224 3088 οἷς
1238 3023 1283 3080 καὶ
1298 3021 1375 3082 τοῦτό
1390 3045 1469 3103 φησιν
1490 3022 1600 3082 ὅτιτῶν
1616 3027 1731 3102 μεγεθῶν
1747 3029 1765 3096 ἡ

987 3110 1055 3188 τομὴ
1071 3111 1181 3188 δυνάμει
1198 3113 1245 3190 μέν
1264 3113 1333 3170 ἐστιν
1348 3110 1389 3170 ἐπ’
1408 3110 1530 3192 ἄπειρον,
1547 3111 1662 3192 ἐνιργείφ
1679 3114 1702 3170 δ’
1717 3111 1763 3187 ού,

988 3200 1114 3259 ἀδύνατον
1130 3198 1181 3280 γάρ
1194 3201 1310 3280 ἐνεργείᾳ
1325 3199 1445 3278 γενέσθαι
1458 3200 1487 3259 τὸ
1505 3200 1623 3280 ἄπειρον·
1636 3198 1704 3258 ὥστε
1720 3200 1765 3259 καλ

987 3297 1005 3363 η
1021 3289 1122 3362 κίνησις
1141 3288 1250 3366 δυνάμει
1273 3289 1320 3366 μὲν
1343 3290 1377 3346 δι’
1394 3288 1510 3367 ἀπείρων
1527 3287 1678 3362 ἐλεύσεται,
1693 3291 1764 3369 ἐνερ·

986 3377 1045 3459 γείφ
1062 3376 1089 3435 δὲ
1109 3375 1151 3434 διδι
1173 3377 1396 3457 πεπερασμένων·
1417 3374 1475 3435 οὐδὲ
1498 3375 1549 3455 γάρ
1570 3373 1639 3434 κατθι
1656 3377 1765 3452 σημεῖον

985 3572 1063 3622 critus
1074 3571 1172 3621 dicebat
1186 3572 1211 3621 ct
1227 3573 1375 3621 xenocrates
1399 3570 1541 3620 insecabiles
1557 3569 1634 3619 lineas
1645 3571 1765 3632 statuens,

985 3673 1000 3710 e
1015 3659 1138 3710 contrario
1151 3659 1330 3710 mathematicis
1342 3657 1515 3709 assimilentur.

1017 3753 1055 3798 25.
1073 3751 1221 3798 Xenocrates
1232 3747 1333 3810 quidem
1346 3747 1433 3796 contra
1450 3745 1585 3796 sectionem
1604 3743 1630 3791 in
1643 3743 1765 3792 infinitum

985 3836 1062 3886 lineas
1073 3837 1218 3888 insecabiles
1231 3837 1312 3898 ailcrt,
1325 3837 1355 3885 ut
1371 3835 1458 3885 caveat
1473 3833 1540 3882 idem
1555 3845 1632 3882 unum
1647 3833 1673 3881 et
1685 3831 1764 3881 inulta

986 3923 1080 3984 dicere,
1098 3939 1172 3988 quam
1185 3923 1404 3974 contradictionem
1415 3922 1479 3971 male
1491 3921 1655 3984 interpretans
1666 3919 1692 3967 in
1700 3917 1764 3968 alte·

985 4027 1038 4064 rem
1060 4013 1147 4073 incidit
1169 4013 1388 4062 contradictionem
1408 4023 1511 4074 eamque
1535 4008 1689 4073 graviorem,
1709 4008 1766 4070 quia

985 4101 1050 4152 idem
1067 4101 1143 4151 simul
1157 4099 1350 4164 magnitudinem
1367 4101 1395 4150 et
1413 4113 1461 4148 non
1483 4097 1676 4161 magnitudinem
1693 4095 1765 4148 lucia·

985 4191 1045 4242 bat:
1060 4190 1158 4240 tametsi
1178 4190 1243 4240 idem
1260 4189 1343 4239 dicero
1361 4203 1439 4238 unum
1458 4191 1483 4238 ct
1498 4187 1577 4238 multa
1597 4200 1646 4237 non
1669 4189 1707 4238 est
1721 4199 1765 4250 ea,

986 4293 1043 4343 quae
1059 4278 1171 4343 opposita
1192 4283 1258 4340 sunt,
1276 4278 1344 4328 idem
1366 4277 1503 4342 appellare,
1525 4275 1547 4327 si
1561 4274 1616 4339 quis
1630 4275 1766 4339 potentiam

986 4371 1011 4420 et
1023 4372 1107 4420 aetum
1121 4369 1267 4433 distmguat;
1280 4370 1307 4419 at
1320 4366 1386 4419 idem
1397 4369 1484 4433 putare
1495 4367 1584 4416 lineam
1598 4368 1623 4416 et
1638 4379 1690 4417 rem
1702 4365 1764 4414 inse·

986 4458 1087 4509 cabilem
1101 4461 1183 4522 aperte
1198 4461 1237 4508 est
1248 4457 1339 4508 lineam
1353 4471 1401 4507 nou
1411 4456 1502 4506 lincam
1516 4469 1571 4505 csse
1582 4453 1702 4518 lingentis.

1017 4556 1057 4600 itt.
1076 4553 1230 4614 Quapropter
1250 4551 1398 4600 xenocrates
1421 4547 1554 4597 sectionem
1572 4543 1767 4608 magnitudinum

985 4637 1010 4688 iu
1025 4637 1146 4688 inlinitum
1160 4638 1261 4688 sustultt
1278 4656 1284 4686 τ
1300 4638 1352 4701 ipse
1368 4636 1469 4699 quidem
1483 4631 1596 4697 quamvis
1614 4629 1767 4681 multimodis

987 4724 1046 4776 huic
1055 4727 1122 4790 quod
1134 4739 1220 4776 verum
1235 4729 1274 4777 est
1285 4738 1402 4776 assensus
1422 4725 1498 4784 esset,
1513 4723 1596 4771 tamen
1609 4719 1766 4768 auctentum

987 4815 1062 4865 modo
1076 4816 1240 4880 quaestionem
1255 4811 1389 4876 inscriptis
1405 4811 1495 4872 solvit,
1507 4809 1550 4859 ubi
1563 4804 1767 4867 ethooalfinuat,

986 4904 1184 4968 magnitudinum
1196 4903 1329 4954 sectionem
1346 4901 1371 4950 in
1394 4897 1518 4948 infinitum
1539 4895 1649 4960 potentia
1667 4892 1767 4954 quidem

987 5006 1050 5056 esse,
1063 4995 1120 5042 actu
1134 4993 1217 5042 autem
1228 5004 1276 5040 nou
1289 5003 1352 5049 esse,
1368 4987 1425 5051 quia
1438 4985 1490 5036 ieri
1501 4985 1606 5048 nequeat
1618 4985 1648 5033 ut
1662 4985 1721 5032 actu
1733 4981 1768 5032 sit

987 5081 1123 5138 ῖιιθτιῖιιιιιις
1152 5079 1315 5144 quamobrem
1336 5077 1410 5127 etiam
1433 5076 1516 5124 motus
1537 5071 1647 5152 potentia
1668 5071 1769 5135 quidem

989 5185 1033 5234 per
1055 5170 1149 5221 induite
1168 5168 1323 5233 penetrabit,
1342 5169 1400 5215 actu
1426 5177 1488 5214 vero
1507 5177 1552 5228 per
1577 5161 1661 5223 θτῖῑις
1688 5173 1769 5224 neque

988 5257 1052 5308 cuim
1071 5271 1113 5322 per
1126 5261 1244 5322 punctum
1261 5255 1290 5307 it
1306 5255 1401 5318 motus,
1413 5253 1458 5305 sed
1471 5267 1514 5318 per
1527 5251 1654 5306 delinitam
1669 5249 1768 5315 magni-
