3958 5942
775 407 1023 471 FRAGMENTA.
1271 457 1273 462 .
1642 407 1695 468 tot

98 539 248 619 Τεκμήριον
261 537 288 596 δὲ
312 542 448 596 ποιοῦνται
467 541 512 608 τῆς
529 536 636 616 γνώμης
656 542 702 596 τοῦ
719 537 822 617 ἀνδρός,
835 538 874 598 ότι
921 539 998 618 όντοι,
1030 538 1124 598 πάντα.
1157 571 1196 583 -
1223 537 1232 572 ¹
1255 537 1318 618 πρὸς
1350 545 1408 604 τοὺς
1442 534 1607 617 κρείττονας]
1634 555 1697 595 cum

98 629 184 686 αὐτῶν
202 629 289 708 ἀφεῖλε
312 626 360 698 τήν
381 626 444 704 πρὸς
462 628 533 702 ἡμᾶς
546 625 693 706 ἐνέργειαν,
709 624 737 693 ἐξ
749 617 782 694 ἧς
797 625 876 702 μόνης
920 629 1044 705 l'iger03
1066 627 1135 687 libri
1155 628 1217 708 πρὸς
1238 629 1287 684 τῶν
1302 623 1465 706 κρειττόνων.
1479 659 1518 671 -
1539 625 1699 690 ικάκείνους

97 715 128 774 τδ
149 707 214 774 εἶναι
228 715 285 780 τοθς
301 713 375 780 θεοὺς
396 712 490 791 ἔμελλε
512 714 559 788 τήν
577 714 679 774 δικαίαν
694 714 782 774 πίστιν
798 713 874 782 ἕξειν.
921 716 1002 794 μηδὲν
1035 716 1150 795 νομίσῃ]
1173 735 1189 774 e
1214 716 1310 791 vigeri
1345 713 1530 791 conjectura3
1554 713 1624 772 libri
1651 712 1697 771 καί

98 806 138 868 Τὸ
151 806 202 886 γὰρ
217 803 281 862 αθτθ
296 810 371 862 τοῦτο
385 801 430 861 καί
443 801 623 882 Ἀριστοτέλης
644 808 723 861 ποιεῖ.
742 801 877 873 Ἀποστή-
922 805 1002 880 μηδὲν
1024 803 1130 885 νομίσῃ.
1148 837 1188 851 -
1212 807 1225 842 '¹
1254 803 1318 883 πρδς
1343 802 1420 861 αὑτὸν
1444 803 1569 878 ἀνήκειν,
1593 801 1698 882 πόρρω]

99 917 146 960 σας
161 900 176 938 ¹³
191 891 244 972 γὰρ
261 890 319 957 τοὺς
339 889 488 970 κρείττονας
515 891 560 949 καὶ
583 891 714 971 παραδοθς
732 890 791 970 όήνει
810 890 876 968 μόνῃ
922 893 1004 951 codd.
1024 893 1086 972 πρὸς
1100 891 1192 966 σθτδν,
1205 889 1305 972 πόρρω.
1328 888 1387 938 —l
1412 892 1441 948 οὗ
1460 890 1511 968 μήν
1531 889 1694 964 ἀναγκαῖον]

97 981 145 1052 τήν
159 979 265 1055 πίστιν,
279 978 418 1060 πράγματι
439 977 535 1059 κρίνειν
551 983 653 1039 ἀσθενεῖ
665 979 697 1040 τδι
712 982 742 1038 ts
756 978 877 1039 τοσούτου
922 1001 985 1040 curn
1008 980 1104 1054 codd.;
1119 982 1148 1038 οθ
1173 981 1224 1057 μὴν
1238 981 1291 1039 οὐδ’
1315 980 1456 1057 ἀναγκαῖον
1478 977 1603 1054 conjecit
1616 975 1700 1052 llige·

98 1068 288 1144 διαστήματος,
315 1066 373 1146 τάχ’
402 1066 432 1123 ἂν
459 1067 527 1124 “idol
548 1066 635 1138 δοκοίη
658 1068 742 1146 λέγειν
767 1068 877 1125 ἐνταῦθα
923 1089 984 1131 rus.
999 1068 1182 1148 -¹xpeett
1200 1065 1324 1135 ἀδύνατός
1345 1065 1430 1148 ἐστιν]
1447 1066 1516 1125 libri
1537 1073 1639 1142 κρατεῖν
1656 1063 1699 1120 δυ·

97 1147 164 1214 εἶναι
189 1155 269 1221 θεοθς.
313 1155 353 1214 Οὐ
368 1155 420 1234 γδρ
438 1153 575 1214 ἀπολιπὼν
592 1154 641 1226 ἔξω
656 1179 682 1214 τι
700 1161 745 1216 τοῦ
760 1154 875 1233 κόσμου,
922 1157 995 1224 νατός
1013 1159 1096 1219 ἔστιν.
1112 1191 1150 1203 -
1166 1154 1172 1191 ¹
1195 1156 1300 1216 πλέκειν
1315 1155 1386 1222 ent:
1408 1153 1546 1234 μηχανδις]
1569 1152 1700 1228 evigeri

98 1244 157 1302 ἀλλ’
173 1243 231 1300 οὐδὲ
247 1241 300 1308 τοῖς
314 1241 357 1300 ἐπὶ
372 1245 420 1316 γῆς
430 1242 606 1322 προσαγαγὼν
619 1241 679 1310 τοὺς
693 1241 783 1316 θεοιίς,
798 1241 878 1320 ἀνοίγ-
922 1245 1105 1322 conjectum
1118 1246 1203 1306 codd.
1217 1245 1322 1304 πλέκειν
1335 1243 1405 1311 τινδς
1418 1245 1465 1322 μὲν
1479 1239 1608 1322 μηχανάς·
1626 1271 1666 1286 -·
1678 1249 1699 1278 ¹²¹

97 1353 146 1402 κην
160 1329 235 1408 ἔσχεν
252 1328 313 1400 ήτοι
337 1327 506 1388 παντάπασιν
523 1329 596 1396 ἄθεος
612 1319 678 1390 εἶναι
702 1327 877 1408 θμολογεῖν,ή
923 1335 949 1392 έν
966 1335 1087 1414 προνοίας
1107 1332 1267 1413 θπερμάχων
1289 1335 1454 1414 ἀριθμεῖσθαι
1475 1329 1564 1412 λόγῳ]
1580 1329 1651 1388 libri
1675 1334 1701 1390 ἐν

97 1426 144 1478 τοῦ
169 1417 289 1498 [δοκεῖν]
304 1419 443 1478 ἀπολιπεῖν
458 1427 471 1464 tt
484 1417 553 1486 θεοθς
568 1417 643 1488 δοἜαν
665 1420 822 1492 ἀνασώζειν,
838 1420 878 1476 έν·
922 1423 1043 1501 προνοίας
1056 1426 1219 1502 ἀριθμεῖσθαι
1234 1421 1313 1501 λόγῳ.
1332 1455 1372 1466 -
1383 1427 1397 1454 ¹¹
1419 1422 1477 1479 κατ’
1492 1415 1665 1499 Ἐπικούρου]
1685 1439 1701 1476 e

98 1507 185 1567 ταῦθά
206 1529 256 1565 που
281 1504 339 1572 τοθς
363 1504 434 1573 θεοθς
456 1507 604 1576 ἀποικίσας.
645 1506 680 1568 Ὁ
706 1506 733 1566 δὲ
756 1505 802 1578 τήν
826 1509 877 1564 τῶν
922 1510 1019 1584 vigeri
1046 1510 1228 1587 conjectura3
1243 1509 1328 1567 codd.
1352 1509 1410 1566 κατ’
1430 1505 1599 1585 Ἐπίκουρον,
1621 1536 1662 1551 -·
1687 1511 1700 1539 ⁰

98 1593 254 1673 κρειττόνων
267 1592 400 1674 ἀκρίθειαν
410 1593 638 1672 παραιτησάμενος
650 1600 682 1674 τῇ
694 1593 785 1674 ἀμιξία
796 1593 878 1654 ἔοικεν
924 1597 1077 1676 ἀπένειμεν]
1087 1598 1172 1658 codd.
1186 1595 1346 1671 κατένειμεν.
1355 1593 1572 1665 -Ράποστήοατ
1582 1593 1634 1676 γθιρ
1643 1591 1699 1658 τοὺς

99 1681 269 1762 εὐσχημόνως
293 1684 409 1740 ἀπιστεῖν
434 1690 487 1749 τοῖς
502 1686 578 1750 θεοῖς.
606 1686 699 1743 Ταῦτα
724 1687 738 1742 ό
763 1683 878 1750 Ἀττικὸς
923 1684 1069 1765 κρείττονας
1089 1685 1134 1743 καί
1157 1681 1305 1763 παραδοὺς]
1321 1683 1390 1743 libri
1410 1681 1560 1753 ἀποστήσας
1583 1702 1632 1759 γαρ
1656 1685 1699 1738 καῖ

97 1768 163 1848 πρὸς
190 1769 368 1848 Ἀριστοτέλην
391 1775 586 1849 χρεοκοποῖιντα
603 1768 647 1828 τὸν
670 1769 731 1850 περί
755 1770 877 1851 προνοίας
922 1773 1062 1852 παραδούς.
1088 1784 1153 1822 -l
1177 1778 1222 1832 τοῦ
1246 1772 1330 1830 δοκεῖν
1356 1775 1492 1833 ἀπολιπεῖν
1518 1768 1606 1847 θεοὺς]
1636 1787 1700 1827 cum

98 1854 185 1932 λόγον.
228 1855 263 1914 Ὁ
282 1856 306 1914 δ’
330 1857 406 1923 αὐτὸς
428 1856 470 1915 ἔτι
491 1859 536 1916 καί
559 1862 642 1917 ταῦτα
664 1866 718 1927 τοῖς
732 1859 877 1938 εἰρημένοις
925 1860 1091 1933 codicibus,
1109 1863 1178 1920 licet
1197 1862 1294 1931 δοκεῖν,
1317 1861 1427 1938 quoda
1449 1877 1494 1916 me
1509 1858 1592 1916 uncis
1607 1857 1701 1915 inclu-

98 1943 270 2022 προστίθησι,
284 1943 347 2022 πρὸς
370 1946 414 2004 τὸν
429 1945 505 2004 αθτθν
522 1946 740 2024 ἀποτεινόμενος,
756 1944 793 2024 μή
820 1951 878 2025 βου·
923 1969 986 2009 sum
1000 1962 1053 2022 est,
1070 1949 1165 2007 omitti
1180 1949 1281 2026 possit.
1292 1948 1433 2007 Ceterum
1445 1947 1586 2005 nonnulla
1597 1965 1699 2004 eorum

100 2032 207 2107 λόμινον
222 2031 344 2109 γεννητὸν
359 2021 427 2093 εἶναι
441 2033 485 2092 τὸν
501 2034 609 2104 κόσμον.
922 2057 987 2114 quae
1001 2037 1049 2096 bic
1062 2056 1150 2116 super
1160 2037 1286 2115 Epicuro
1302 2038 1450 2108 (licuntur,
1461 2047 1625 2110 congruunt
1635 2055 1699 2094 curn

143 2119 304 2197 (Eusebius
325 2121 451 2200 l’raepar.
482 2121 593 2200 Evang.
618 2121 671 2182 lib.
691 2121 754 2190 llll,
774 2143 838 2201 cap.
860 2125 876 2182 5
923 2125 955 2184 (¹
948 2145 1072 2184 tceronrs
1084 2127 1120 2183 de
1133 2125 1233 2184 eodem
1250 2124 1426 2203 philosopho
1443 2123 1628 2181 testimoniis.
1645 2122 1700 2181 Sed

98 2214 144 2266 τοῦ
164 2212 240 2268 αὐτοῦ
261 2231 364 2288 προςτ
348 2208 391 2268 τδν
418 2209 513 2284 αὐτόν,
538 2208 699 2290 διενεχθέντα
725 2214 810 2290 Μωσῇ
833 2210 878 2271 καί
924 2228 955 2272 ιιι
967 2215 1041 2273 altos
1063 2233 1127 2290 ejus
1136 2214 1216 2272 locos
1238 2215 1472 2316 praetermittam,
1488 2212 1525 2268 de
1543 2223 1600 2269 nat.
1616 2210 1696 2272 deor.

101 2296 226 2356 Πλάτωνι
242 2297 268 2355 ἐν
287 2295 398 2376 τωπερλ
417 2297 537 2377 προνοίας
551 2298 629 2378 λόγον
650 2298 812 2378 Scripsit·
826 2323 879 2360 πε-
924 2302 975 2364 lib.
994 2303 1094 2381 1,.σορ
1112 2305 1148 2362 30
1161 2322 1223 2380 seq
1237 2303 1278 2360 tte
1287 2302 1413 2362 scribit
1430 2287 1702 2378 quamquamvideo

100 2384 219 2464 ριγράρει
241 2385 271 2444 ἐκ
292 2388 338 2456 τῆς
353 2407 396 2443 του
416 2389 471 2444 θεοῦ
488 2387 652 2463 διοικήσεως]
678 2399 709 2444 ut
724 2387 801 2464 nputl
826 2387 878 2445 AE-
923 2391 1071 2448 nonnullis
1091 2389 1185 2447 videri
1205 2390 1383 2467 Epicurum,
1402 2407 1437 2446 ue
1457 2389 1488 2446 in
1507 2387 1699 2445 offensionem

99 2475 228 2532 scltinem
245 2473 312 2532 adv.
330 2472 406 2534 Ctes.
430 2495 492 2552 cap.
508 2496 554 2547 γε,
576 2497 604 2554 p.
619 2483 676 2542 ito
694 2474 875 2557 περιγράψατέ
925 2477 1138 2538 Atheniensium
1151 2477 1283 2548 caderet,
1301 2476 1400 2536 verbis
1412 2475 1566 2552 reliquisse
1577 2474 1658 2546 deos,
1671 2495 1702 2533 re

102 2587 136 2640 με
151 2567 181 2623 ἐκ
193 2567 240 2636 τῆς
254 2563 398 2638 πολιτείας,
417 2563 501 2624 codd.
519 2565 673 2644 περιγράφει
694 2567 740 2635 τῆς
757 2571 801 2623 τοῦ
821 2569 878 2625 θεοῦ
923 2565 1082 2626 sustulisse.
1099 2564 1199 2642 ltaque
1216 2565 1247 2624 in
1264 2565 1325 2622 illis
1339 2565 1452 2622 selectis
1467 2565 1531 2640 ejus
1547 2561 1701 2620 breuibus-

100 2651 264 2723 διοικήσεως.
281 2649 342 2696 -l
357 2649 463 2725 ὕπτιον]
477 2673 541 2710 curn
561 2652 685 2729 Viger03
706 2651 775 2712 libri
791 2651 876 2732 θθιον.
924 2673 980 2729 que
998 2654 1147 2712 sententiis
1159 2697 1167 2726 ‚
1179 2672 1251 2730 quas
1261 2653 1414 2731 appellatis
1429 2651 1518 2731 κυρίας
1533 2649 1616 2723 δόξας,
1628 2651 1701 2724 haec,

101 2739 308 2818 -ttptatvnt
323 2739 498 2800 membranae
513 2739 659 2800 ἀναὸαίνει.
687 2736 752 2786 ‚t
774 2739 817 2799 καὶ
833 2765 879 2800 εει.
923 2755 955 2800 ut
971 2742 1088 2820 opinor,
1103 2742 1424 2820 primasententinest:
1449 2742 1532 2812 Quod
1549 2742 1659 2797 θεαιαπι
1674 2755 1704 2797 et

100 2827 217 2910 λευτήν]
230 2830 313 2887 Plato
327 2829 363 2888 de
383 2829 458 2906 legg.
476 2827 524 2901 lv,
543 2850 573 2907 p.
596 2829 652 2902 715
667 2833 680 2887 θ
698 2823 744 2904 μέν
763 2828 795 2901 δὴ
809 2831 876 2906 θεός,
925 2834 1082 2887 immortale
1094 2844 1144 2898 est,
1163 2834 1195 2886 iil
1208 2851 1259 2886 nec
1275 2830 1363 2886 babet
1375 2849 1426 2886 nec
1440 2830 1555 2885 exhibet
1573 2837 1701 2905 cuiquam

99 2919 191 2998 ὥσπερ
203 2917 276 2977 καὶὸ
299 2918 407 2983 παλαιὸς
432 2915 521 2995 λόγος,
540 2915 624 2996 ἀρχήν
644 2939 672 2974 τε
692 2917 738 2974 καί
757 2916 880 2991 τελευτήν
924 2925 1077 2995 negotium.
1093 2917 1125 2976 ln
1141 2917 1196 2976 hnc
1207 2919 1248 2976 ita
1267 2917 1550 2996 expositosenteutin
1571 2929 1638 2976 sunt
1652 2916 1704 2994 qui

101 3005 147 3066 καὶ
171 3005 240 3081 μέσα
265 3029 316 3064 των
337 3005 417 3064 ὄντων
442 3005 593 3065 ἁπάντων
579 3003 744 3084 εχωνεύθεία
764 3005 880 3084 περαίνει
925 3007 1091 3065 existiment
1100 3008 1200 3083 quod
1211 3006 1283 3064 tlle
1275 3007 1391 3065 tnscrtte
1401 3006 1487 3084 plane
1501 3005 1641 3082 loquendi
1659 3007 1700 3064 le·

100 3119 152 3153 κα.
154 3093 260 3175 ltpdeu
282 3094 513 3202 περιπορευόμενος
528 3096 587 3152 κτλ.
605 3125 645 3139 -
664 3099 786 3153 ’τοῦτον
801 3091 874 3152 δὲ
848 3117 881 3152 τοι
927 3095 1016 3168 ecrit,
1035 3095 1137 3154 iecisse
1156 3093 1314 3184 cousultp.
1336 3094 1371 3151 de
1386 3094 1637 3152 hominemininte
1653 3115 1702 3152 va·

100 3183 173 3250 ίκτὸς
199 3185 277 3242 αἰτοῖ
307 3181 369 3240 ὄντα
398 3182 500 3258 πάντα]
527 3181 612 3244 codd.
632 3179 768 3244 cedreni
754 3179 781 3240 ll
808 3183 881 3251 ἐκτὸς
930 3183 973 3240 iro
990 3184 1065 3242 anule
1086 3183 1261 3244 existimant.
1269 3157 1410 3240 Dubium
1432 3195 1474 3240 est
1494 3182 1582 3255 enini,
1605 3196 1701 3242 utrum

1508 3320 1693 3332 -u—-—.

101 3396 125 3444 Si
140 3396 206 3444 cuim
229 3395 261 3444 de
285 3395 383 3458 Epicurl
405 3396 540 3456 sententio,
565 3396 680 3459 (litaturis
704 3395 764 3445 deos
783 3409 879 3446 omnem
900 3367 905 3428 l
923 3397 958 3445 ita
972 3396 1087 3456 sentiret,
1103 3396 1146 3445 sed
1160 3395 1227 3458 quod
1243 3395 1369 3444 bominum
1385 3393 1416 3443 de
1438 3406 1464 3444 ee
1485 3393 1578 3457 judicia
1593 3393 1700 3444 extime-

103 3483 225 3534 commin
236 3482 356 3534 bonorum
370 3497 470 3534 suorum
483 3485 668 3534 conservatione
680 3483 796 3537 adhibere
810 3484 870 3534 vetit
924 3487 1014 3544 sceret,
1028 3485 1075 3534 hoc
1089 3484 1115 3534 in
1126 3483 1242 3534 universo
1250 3483 1307 3543 diis,
1321 3485 1439 3546 tanquam
1455 3482 1478 3532 in
1493 3483 1605 3546 theatro,
1621 3483 1702 3534 locunt

101 3573 215 3624 funditus
229 3576 310 3623 tunteu
326 3572 480 3637 providentia
492 3573 585 3623 tollitur
602 3593 608 3622 ι
624 3587 678 3624 eum
698 3575 771 3624 etium
785 3587 875 3624 sccun-
925 3573 1169 3638 spectandiuliquem
1181 3573 1305 3626 tribuisse.
1339 3575 1418 3630 Quum
1430 3567 1461 3620 od
1473 3571 1580 3621 hominis
1596 3575 1701 3622 mentem

98 3661 160 3711 dum
182 3661 323 3712 Aristotelis
344 3661 444 3712 decretu
470 3660 523 3711 tolli
547 3674 648 3712 necesse
670 3663 723 3724 est,
744 3662 842 3713 etiarnsi
856 3662 881 3712 in
924 3662 972 3714 ltac
993 3663 1134 3726 conjectum
1149 3660 1365 3724 ducuntur,quotl
1379 3660 1445 3710 omni
1466 3673 1510 3710 eos
1526 3658 1551 3708 iu
1574 3661 1698 3709 rebusno-

100 3763 184 3800 rernm
203 3750 342 3800 cutesttum
367 3749 532 3800 moderatione
551 3749 642 3800 ordinis
654 3750 745 3812 aliquid
764 3754 880 3802 ornatus·
926 3749 985 3800 stris
999 3749 1023 3799 rt
1037 3753 1063 3799 et
1079 3749 1169 3799 ellectu
1184 3749 1333 3812 privaverit,
1357 3761 1388 3798 ex
1410 3761 1460 3810 quo
1481 3749 1563 3796 tamen
1576 3759 1625 3793 nno
1642 3745 1702 3794 «teos

99 3851 150 3902 quo
167 3841 290 3890 cernatur.
324 3837 583 3901 ltintirumuoseam,
600 3853 656 3902 que
679 3841 761 3890 nostra
775 3839 870 3890 intersit
925 3853 979 3890 esse
995 3838 1074 3902 colligi
1085 3839 1175 3890 merito
1184 3836 1301 3900 credique
1318 3835 1452 3886 debuisset.
1486 3833 1556 3884 idem
1578 3831 1641 3882 enirn
1656 3833 1702 3882 Ιιοο

102 3925 284 3992 providentium
299 3926 446 3989 querneus,
464 3939 513 3989 quo
530 3940 589 3977 sone
604 3930 688 3977 careat
711 3929 823 3992 oportet,
838 3923 881 3988 qui
901 3939 905 3975 ι
925 3928 999 3978 etium
1010 3927 1155 3978 Aristoteles
1167 3921 1248 3976 lucit'
1268 3923 1386 3986 Numqui
1403 3921 1476 3972 simul
1496 3924 1524 3972 et
1537 3921 1596 3972 deos
1612 3921 1697 3985 procul

100 4029 147 4066 nec
163 4014 248 4078 genios
260 4018 304 4065 aut
319 4015 420 4077 heroes,
436 4028 481 4066 nec
495 4005 591 4066 enimes
603 4017 703 4066 omnino
718 4017 881 4080 sempiternos
925 4016 982 4067 hinc
994 4015 1096 4080 ableget,
1116 4018 1141 4066 et
1151 4013 1193 4064 uui
1204 4017 1288 4065 tamen
1301 4013 1430 4062 oculorum
1444 4010 1529 4062 sensui
1540 4011 1613 4061 tidem
1628 4011 1702 4062 relin-

101 4117 157 4156 csse
181 4104 338 4156 concesserit.
384 4103 448 4154 titud
469 4117 529 4155 vero
549 4119 588 4154 tna
610 4103 693 4166 judice
715 4105 880 4158 verecundius
901 4165 907 4182 1
926 4108 1000 4170 quat,
1013 4103 1055 4168 qui
1070 4117 1156 4154 sensus
1168 4101 1199 4152 ed
1209 4100 1357 4167 judicandos
1371 4113 1411 4151 res
1425 4099 1561 4163 tamlongo
1573 4099 1704 4152 intervallo

101 4193 178 4244 ctiam
195 4194 252 4244 tecit
265 4193 397 4258 Epicurus,
419 4195 462 4256 qui
479 4193 545 4258 quod
563 4193 615 4244 iteri
638 4208 711 4258 posse
726 4194 881 4260 desperaret,
926 4191 1062 4258 disjunctus
1081 4206 1169 4258 pamm
1183 4189 1248 4242 valet
1272 4203 1279 4234 τ
1301 4191 1336 4252 is,
1360 4189 1456 4253 opinor,
1471 4189 1565 4253 pudore
1586 4190 1705 4241 duntaxat

104 4285 133 4331 ut
147 4295 175 4332 se
188 4282 218 4332 οΙι
231 4281 358 4332 hominum
373 4295 448 4344 cura,
464 4281 487 4332 si
501 4282 576 4333 semel
590 4295 646 4334 cum
667 4281 698 4332 iis
710 4285 881 4346 versarentur,
926 4286 1063 4334 commotus
1086 4280 1148 4332 deos
1168 4279 1204 4332 ibi
1224 4292 1280 4331 esse
1296 4278 1421 4330 stlirnuue
1442 4277 1564 4329 rideatur.
1609 4278 1704 4343 Quippe

99 4369 182 4432 superi
207 4369 371 4428 abstinerent,
399 4383 441 4420 eos
463 4373 580 4433 tanlquam
607 4369 631 4422 in
658 4371 811 4435 peregrinum
837 4371 882 4422 ali·
929 4392 1004 4442 quum
1019 4393 1065 4429 nec
1081 4381 1154 4428 extra
1171 4369 1288 4430 mundum
1303 4375 1437 4441 quidquem
1450 4388 1505 4426 esse
1522 4375 1592 4437 velit,
1609 4379 1633 4426 et
1646 4376 1705 4426 deos

99 4457 167 4521 qttotl
182 4457 259 4508 solum
271 4459 391 4523 relegatos
407 4461 478 4510 extra
498 4459 719 4512 nutndumaticubi
738 4460 869 4512 collocarit
926 4479 1035 4516 ererum
1051 4465 1203 4517 terrestrium
1225 4463 1369 4528 σοπίορῖοπο
1385 4467 1514 4513 sevocatus
1529 4465 1625 4514 statuat
1640 4478 1646 4508 ι
1659 4475 1703 4513 ne-

100 4560 199 4597 omnem
214 4546 245 4596 ab
258 4545 288 4596 iis
305 4547 493 4599 inhumanitatis
507 4548 668 4612 suspicionem
690 4549 736 4598 troc
755 4551 884 4602 intervallo
928 4569 997 4604 resse
1013 4553 1059 4605 luit
1070 4557 1115 4604 aut
1128 4553 1228 4605 omnino
1240 4567 1267 4604 se
1278 4553 1379 4604 atlteum
1397 4552 1562 4616 profiteretur,
1577 4553 1622 4601 eut
1635 4565 1703 4601 suern

98 4637 279 4700 atquelteceb
294 4638 411 4689 universo
435 4641 589 4702 separatione
612 4640 746 4704 depellens.
780 4645 884 4691 tltvero
927 4643 959 4694 de
975 4643 1054 4694 diisu
1075 4657 1102 4694 se
1114 4645 1203 4706 agnitis
1220 4643 1381 4704 oenuutam,
1400 4655 1442 4692 eos
1457 4641 1523 4692 istuc
1535 4639 1703 4696 emundando,

100 4739 214 4776 summus
234 4725 273 4776 bic
295 4729 390 4777 nature
411 4727 563 4791 speculator,
589 4741 721 4793 rerumque
744 4729 883 4780 divinarunt
928 4733 1068 4784 constanter
1082 4735 1203 4784 tueretur.
1236 4737 1344 4783 Altero
1365 4729 1485 4782 alterille
1504 4731 1547 4792 qui
1567 4728 1705 4779 ctetltesob

99 4813 207 4876 diligens
222 4815 387 4878 existimator,
401 4816 443 4866 ubi
458 4831 500 4868 res
514 4817 634 4868 humanas
657 4819 680 4868 in
702 4819 756 4880 ipso
780 4819 884 4870 deorum
929 4823 986 4872 vitre
1008 4835 1084 4885 genus
1101 4821 1168 4872 omni
1195 4834 1252 4871 curn
1276 4819 1420 4870 mortalibus
1441 4817 1589 4868 commercio
1615 4828 1702 4865 cerens

99 4907 234 4968 conspectu
246 4907 344 4970 posuit,
358 4907 414 4958 illas
425 4908 495 4958 nobis
512 4910 579 4958 omni
600 4923 687 4960 eorum
706 4923 766 4960 cura
787 4913 813 4961 et
825 4925 881 4975 pro·
928 4924 988 4960 cura
1000 4913 1025 4960 et
1040 4910 1165 4974 diligentia
1180 4909 1306 4967 liberavit,
1322 4909 1424 4958 noneste
1440 4906 1487 4956 diis
1506 4903 1618 4954 diffidere
1633 4903 1699 4953 ride

100 4995 196 5046 visione
211 4993 342 5046 destitutos
357 4997 469 5061 reliquit,
486 5011 516 5047 oc
527 5000 615 5048 nature
629 4998 710 5048 nescio
724 5013 771 5062 qua
790 5000 881 5063 pitius,
928 5001 976 5049 tur.
1010 5001 1069 5048 ileo
1085 4998 1179 5048 Atticus
1201 4996 1319 5047 adversus
1340 4993 1495 5044 Aristotelem
1517 4991 1568 5041 tim
1590 4992 1701 5054 precept

100 5097 176 5144 quom
189 5082 271 5132 divina
287 5084 439 5134 ulleretione
453 5085 603 5148 consilioque
618 5085 775 5148 gubernatas.
793 5092 885 5146 Quam·
928 5085 959 5138 de
971 5087 1053 5138 divine
1071 5084 1223 5150 providentia
1233 5083 1283 5133 deti
1301 5081 1449 5132 eludentem.
1471 5079 1538 5128 ltlem
1559 5091 1619 5127 vcro
1639 5089 1704 5140 prae-

100 5170 188 5220 obretn
207 5184 239 5220 ne
252 5169 310 5220 iliud
331 5173 431 5235 quidem
451 5172 544 5222 crimen
559 5175 585 5223 et
601 5173 654 5238 ipse
669 5175 759 5225 merito
771 5175 881 5240 ellugint,
929 5179 994 5226 terea
1006 5175 1081 5225 etiarn
1094 5175 1147 5224 hec
1164 5169 1332 5235 superioribus
1350 5168 1488 5232 subjungit,
1505 5167 1530 5218 io
1544 5165 1648 5219 eundem
1669 5167 1705 5216 in-

101 5255 168 5321 quotl
184 5255 215 5308 tle
226 5259 332 5322 Epicuro
347 5259 457 5310 nonnulli
471 5260 589 5325 suspicati
602 5265 668 5322 sunt,
683 5277 739 5313 eum
755 5277 805 5314 non
818 5264 883 5327 quod
931 5261 1036 5324 vehens,
1048 5261 1116 5325 quoti
1132 5259 1250 5311 mundum
1263 5259 1345 5306 ortmn
1360 5270 1414 5308 esse
1427 5255 1494 5308 nolit.
