<?xml version="1.0" encoding="UTF-8"?>
<!DOCTYPE html PUBLIC "-//W3C//DTD XHTML 1.0 Transitional//EN"
    "http://www.w3.org/TR/xhtml1/DTD/xhtml1-transitional.dtd">
<html xmlns="http://www.w3.org/1999/xhtml" xml:lang="en" lang="en">
 <head>
  <title>
</title>
<meta http-equiv="Content-Type" content="text/html;charset=utf-8" />
  <meta name='ocr-system' content='tesseract 3.04.00' />
  <meta name='ocr-capabilities' content='ocr_page ocr_carea ocr_par ocr_line ocrx_word'/>
</head>
<body>
  <div class='ocr_page' id='page_1' title='image "./fragmentaphilos01mullgoog/fragmentaphilos01mullgoog_0275.png"; bbox 0 0 3958 5942; ppageno 0'>
   <div class='ocr_carea' id='block_1_1' title="bbox 246 380 1346 452">
    <p class='ocr_par' dir='ltr' id='par_1_1' title="bbox 246 380 1346 452">
     <span class='ocr_line' id='line_1_1' title="bbox 246 380 1346 452; baseline -0.003 0"><span class='ocrx_word' id='word_1_1' title='bbox 246 389 306 452; x_wconf 73' lang='lat'><strong>258</strong></span> <span class='ocrx_word' id='word_1_2' title='bbox 751 385 899 450; x_wconf 79' lang='lat' dir='ltr'><strong>Euuutss</strong></span> <span class='ocrx_word' id='word_1_3' title='bbox 919 384 1054 446; x_wconf 82' lang='lat' dir='ltr'><strong>RHODll</strong></span> <span class='ocrx_word' id='word_1_4' title='bbox 1078 380 1346 449; x_wconf 75' lang='lat' dir='ltr'><strong>PERlPA&#39;l’ETlGl</strong></span> 
     </span>
    </p>
   </div>
   <div class='ocr_carea' id='block_1_2' title="bbox 244 517 1856 1483">
    <p class='ocr_par' dir='ltr' id='par_1_2' title="bbox 244 517 1856 1483">
     <span class='ocr_line' id='line_1_2' title="bbox 246 517 1845 602; baseline 0.003 -24"><span class='ocrx_word' id='word_1_5' title='bbox 246 527 301 600; x_wconf 87' lang='grc' dir='ltr'><strong>χεῑς</strong></span> <span class='ocrx_word' id='word_1_6' title='bbox 312 527 364 587; x_wconf 79' lang='grc' dir='ltr'><strong>τοῖς</strong></span> <span class='ocrx_word' id='word_1_7' title='bbox 377 523 410 581; x_wconf 89' lang='lat' dir='ltr'><strong>B.</strong></span> <span class='ocrx_word' id='word_1_8' title='bbox 434 518 580 595; x_wconf 69' lang='grc' dir='ltr'><strong>Σνμῦαίνει</strong></span> <span class='ocrx_word' id='word_1_9' title='bbox 594 517 627 593; x_wconf 87' lang='grc' dir='ltr'><strong>δή</strong></span> <span class='ocrx_word' id='word_1_10' title='bbox 639 519 669 580; x_wconf 87' lang='grc' dir='ltr'><strong>τδ</strong></span> <span class='ocrx_word' id='word_1_11' title='bbox 683 522 785 598; x_wconf 82' lang='grc' dir='ltr'><strong>πρῶτον</strong></span> <span class='ocrx_word' id='word_1_12' title='bbox 807 523 829 580; x_wconf 84' lang='grc' dir='ltr'>Β</span> <span class='ocrx_word' id='word_1_13' title='bbox 846 519 902 595; x_wconf 78' lang='grc' dir='ltr'><strong>ἅμα</strong></span> <span class='ocrx_word' id='word_1_14' title='bbox 923 518 967 578; x_wconf 77' lang='grc' dir='ltr'><strong>ἐπὶ</strong></span> <span class='ocrx_word' id='word_1_15' title='bbox 983 520 1021 598; x_wconf 77' lang='grc' dir='ltr'><strong>τῷ</strong></span> <span class='ocrx_word' id='word_1_16' title='bbox 1111 518 1296 596; x_wconf 80' lang='lat' dir='ltr'><strong>(Aristotcles</strong></span> <span class='ocrx_word' id='word_1_17' title='bbox 1311 521 1403 598; x_wconf 82' lang='lat' dir='ltr'>Phys.</span> <span class='ocrx_word' id='word_1_18' title='bbox 1417 520 1470 581; x_wconf 91' lang='lat' dir='ltr'><strong>lib.</strong></span> <span class='ocrx_word' id='word_1_19' title='bbox 1492 519 1542 594; x_wconf 85' lang='lat' dir='ltr'><strong>Vl,</strong></span> <span class='ocrx_word' id='word_1_20' title='bbox 1566 540 1619 600; x_wconf 82' lang='lat' dir='ltr'><strong>cup</strong></span> <span class='ocrx_word' id='word_1_21' title='bbox 1632 543 1663 598; x_wconf 87' lang='lat'><strong>9.</strong></span> <span class='ocrx_word' id='word_1_22' title='bbox 1683 544 1714 602; x_wconf 84' lang='lat' dir='ltr'><strong>p.</strong></span> <span class='ocrx_word' id='word_1_23' title='bbox 1733 533 1803 593; x_wconf 79' lang='grc' dir='ltr'><strong>οθο.</strong></span> <span class='ocrx_word' id='word_1_24' title='bbox 1817 547 1845 589; x_wconf 77' lang='lat' dir='ltr'><strong>a.</strong></span> 
     </span>
     <span class='ocr_line' id='line_1_3' title="bbox 248 599 1845 691; baseline 0.003 -22"><span class='ocrx_word' id='word_1_25' title='bbox 248 609 351 690; x_wconf 79' lang='grc' dir='ltr'>ἐσχάτῳ</span> <span class='ocrx_word' id='word_1_26' title='bbox 376 599 441 666; x_wconf 75' lang='grc' dir='ltr'><strong>εἶναι</strong></span> <span class='ocrx_word' id='word_1_27' title='bbox 464 607 509 666; x_wconf 86' lang='grc' dir='ltr'><strong>καλ</strong></span> <span class='ocrx_word' id='word_1_28' title='bbox 528 609 558 668; x_wconf 86' lang='grc' dir='ltr'><strong>τὸ</strong></span> <span class='ocrx_word' id='word_1_29' title='bbox 571 611 807 690; x_wconf 81' lang='grc' dir='ltr'><strong>πρῶτονΓ,παρ’</strong></span> <span class='ocrx_word' id='word_1_30' title='bbox 821 609 925 680; x_wconf 83' lang='grc' dir='ltr'><strong>ἄλληλα</strong></span> <span class='ocrx_word' id='word_1_31' title='bbox 940 629 1023 666; x_wconf 87' lang='grc' dir='ltr'><strong>κινου-</strong></span> <span class='ocrx_word' id='word_1_32' title='bbox 1071 629 1107 684; x_wconf 81' lang='lat'><strong>29</strong></span> <span class='ocrx_word' id='word_1_33' title='bbox 1137 609 1183 669; x_wconf 84' lang='lat' dir='ltr'><strong>ed.</strong></span> <span class='ocrx_word' id='word_1_34' title='bbox 1206 609 1326 668; x_wconf 66' lang='grc' dir='ltr'><strong>Βελίτταν.</strong></span> <span class='ocrx_word' id='word_1_35' title='bbox 1360 609 1529 687; x_wconf 82' lang='lat' dir='ltr'><strong>Simplicius</strong></span> <span class='ocrx_word' id='word_1_36' title='bbox 1558 610 1607 671; x_wconf 84' lang='lat' dir='ltr'><strong>sol.</strong></span> <span class='ocrx_word' id='word_1_37' title='bbox 1643 615 1709 672; x_wconf 79' lang='lat'>238.</span> <span class='ocrx_word' id='word_1_38' title='bbox 1732 613 1764 673; x_wconf 91' lang='lat' dir='ltr'><strong>b.</strong></span> <span class='ocrx_word' id='word_1_39' title='bbox 1790 616 1845 691; x_wconf 82' lang='grc' dir='ltr'><strong>(τί.</strong></span> 
     </span>
     <span class='ocr_line' id='line_1_4' title="bbox 248 693 1849 776; baseline 0.002 -21"><span class='ocrx_word' id='word_1_40' title='bbox 248 699 343 774; x_wconf 88' lang='grc' dir='ltr'><strong>μένων.</strong></span> <span class='ocrx_word' id='word_1_41' title='bbox 388 696 535 772; x_wconf 85' lang='grc' dir='ltr'><strong>Συμθαίνει</strong></span> <span class='ocrx_word' id='word_1_42' title='bbox 550 695 581 766; x_wconf 82' lang='grc' dir='ltr'><strong>δὴ</strong></span> <span class='ocrx_word' id='word_1_43' title='bbox 596 694 854 774; x_wconf 77' lang='grc' dir='ltr'><strong>τδΓπαρδίποίντα</strong></span> <span class='ocrx_word' id='word_1_44' title='bbox 868 693 1024 761; x_wconf 75' lang='grc' dir='ltr'><strong>τδιίθδιεξε-</strong></span> <span class='ocrx_word' id='word_1_45' title='bbox 1055 696 1225 756; x_wconf 78' lang='lat' dir='ltr'><strong>&#39;Schollin</strong></span> <span class='ocrx_word' id='word_1_46' title='bbox 1241 699 1359 756; x_wconf 75' lang='lat' dir='ltr'><strong>Aristot.</strong></span> <span class='ocrx_word' id='word_1_47' title='bbox 1377 719 1406 776; x_wconf 89' lang='lat' dir='ltr'><strong>p.</strong></span> <span class='ocrx_word' id='word_1_48' title='bbox 1431 706 1499 765; x_wconf 69' lang='lat' dir='ltr'><strong>itt..</strong></span> <span class='ocrx_word' id='word_1_49' title='bbox 1523 697 1554 758; x_wconf 93' lang='lat' dir='ltr'><strong>b.</strong></span> <span class='ocrx_word' id='word_1_50' title='bbox 1571 699 1618 760; x_wconf 86' lang='lat' dir='ltr'><strong>ed.</strong></span> <span class='ocrx_word' id='word_1_51' title='bbox 1634 700 1792 775; x_wconf 80' lang='lat' dir='ltr'><strong>Brundis.)</strong></span> <span class='ocrx_word' id='word_1_52' title='bbox 1810 697 1849 768; x_wconf 74' lang='grc' dir='ltr'><strong>ὅτι</strong></span> 
     </span>
     <span class='ocr_line' id='line_1_5' title="bbox 246 774 1850 869; baseline 0.002 -27"><span class='ocrx_word' id='word_1_53' title='bbox 246 786 396 859; x_wconf 89' lang='grc' dir='ltr'><strong>ληλυθένοι,</strong></span> <span class='ocrx_word' id='word_1_54' title='bbox 412 786 444 844; x_wconf 80' lang='grc' dir='ltr'><strong>τὰ</strong></span> <span class='ocrx_word' id='word_1_55' title='bbox 456 785 603 864; x_wconf 77' lang='grc' dir='ltr'><strong>δδΒπαρά</strong></span> <span class='ocrx_word' id='word_1_56' title='bbox 612 783 646 842; x_wconf 86' lang='grc' dir='ltr'><strong>τδι</strong></span> <span class='ocrx_word' id='word_1_57' title='bbox 657 784 755 862; x_wconf 78' lang='grc' dir='ltr'><strong>ἡμίση·</strong></span> <span class='ocrx_word' id='word_1_58' title='bbox 770 776 838 845; x_wconf 84' lang='grc' dir='ltr'><strong>ὥστε</strong></span> <span class='ocrx_word' id='word_1_59' title='bbox 849 783 947 860; x_wconf 87' lang='grc' dir='ltr'><strong>ἠμισυν</strong></span> <span class='ocrx_word' id='word_1_60' title='bbox 958 774 1025 841; x_wconf 74' lang='grc' dir='ltr'><strong>ε’ίναι</strong></span> <span class='ocrx_word' id='word_1_61' title='bbox 1071 786 1118 863; x_wconf 83' lang='grc' dir='ltr'><strong>μὲν</strong></span> <span class='ocrx_word' id='word_1_62' title='bbox 1129 785 1168 844; x_wconf 84' lang='grc' dir='ltr'><strong>ἔτι</strong></span> <span class='ocrx_word' id='word_1_63' title='bbox 1190 786 1344 866; x_wconf 85' lang='grc' dir='ltr'><strong>πρδςλύγον</strong></span> <span class='ocrx_word' id='word_1_64' title='bbox 1369 786 1503 846; x_wconf 72' lang='grc' dir='ltr'><strong>ἀνίσταταί</strong></span> <span class='ocrx_word' id='word_1_65' title='bbox 1528 811 1587 846; x_wconf 92' lang='grc' dir='ltr'><strong>τινα</strong></span> <span class='ocrx_word' id='word_1_66' title='bbox 1602 793 1653 847; x_wconf 87' lang='grc' dir='ltr'><strong>τῦιν</strong></span> <span class='ocrx_word' id='word_1_67' title='bbox 1673 791 1850 869; x_wconf 73' lang='grc' dir='ltr'><strong>ἀναιρούντων</strong></span> 
     </span>
     <span class='ocr_line' id='line_1_6' title="bbox 245 870 1849 956; baseline 0.002 -23"><span class='ocrx_word' id='word_1_68' title='bbox 245 874 288 933; x_wconf 81' lang='grc' dir='ltr'><strong>τόν</strong></span> <span class='ocrx_word' id='word_1_69' title='bbox 309 875 416 954; x_wconf 88' lang='grc' dir='ltr'><strong>χρόνον·</strong></span> <span class='ocrx_word' id='word_1_70' title='bbox 433 875 488 934; x_wconf 84' lang='grc' dir='ltr'><strong>ίσον</strong></span> <span class='ocrx_word' id='word_1_71' title='bbox 517 872 569 952; x_wconf 74' lang='grc' dir='ltr'><strong>γὰρ</strong></span> <span class='ocrx_word' id='word_1_72' title='bbox 590 871 712 952; x_wconf 84' lang='grc' dir='ltr'><strong>έκότερόν</strong></span> <span class='ocrx_word' id='word_1_73' title='bbox 735 875 791 931; x_wconf 84' lang='grc' dir='ltr'><strong>έστι</strong></span> <span class='ocrx_word' id='word_1_74' title='bbox 816 875 879 952; x_wconf 89' lang='grc' dir='ltr'><strong>παρ’</strong></span> <span class='ocrx_word' id='word_1_75' title='bbox 901 870 1019 930; x_wconf 75' lang='grc' dir='ltr'><strong>ἕκαστον.</strong></span> <span class='ocrx_word' id='word_1_76' title='bbox 1069 874 1117 945; x_wconf 82' lang='grc' dir='ltr'><strong>τήν</strong></span> <span class='ocrx_word' id='word_1_77' title='bbox 1132 873 1244 947; x_wconf 87' lang='grc' dir='ltr'><strong>κίνησιν,</strong></span> <span class='ocrx_word' id='word_1_78' title='bbox 1261 875 1337 946; x_wconf 83' lang='grc' dir='ltr'><strong>δῆλον</strong></span> <span class='ocrx_word' id='word_1_79' title='bbox 1354 877 1384 934; x_wconf 78' lang='grc' dir='ltr'><strong>ἐκ</strong></span> <span class='ocrx_word' id='word_1_80' title='bbox 1398 881 1443 934; x_wconf 88' lang='grc' dir='ltr'><strong>τοῦ</strong></span> <span class='ocrx_word' id='word_1_81' title='bbox 1466 873 1554 934; x_wconf 85' lang='grc' dir='ltr'><strong>καλτδ</strong></span> <span class='ocrx_word' id='word_1_82' title='bbox 1577 876 1628 953; x_wconf 83' lang='grc' dir='ltr'><strong>πρὸ</strong></span> <span class='ocrx_word' id='word_1_83' title='bbox 1640 877 1732 936; x_wconf 87' lang='grc' dir='ltr'><strong>τούτου</strong></span> <span class='ocrx_word' id='word_1_84' title='bbox 1745 879 1849 956; x_wconf 74' lang='grc' dir='ltr'><strong>ἐπιχεί-</strong></span> 
     </span>
     <span class='ocr_line' id='line_1_7' title="bbox 244 957 1854 1044; baseline 0.002 -24"><span class='ocrx_word' id='word_1_85' title='bbox 244 957 317 1036; x_wconf 78' lang='grc' dir='ltr'><strong>Ἄμα</strong></span> <span class='ocrx_word' id='word_1_86' title='bbox 335 961 362 1021; x_wconf 81' lang='grc' dir='ltr'><strong>δί</strong></span> <span class='ocrx_word' id='word_1_87' title='bbox 375 960 515 1038; x_wconf 81' lang='grc' dir='ltr'><strong>συμῦαίνει</strong></span> <span class='ocrx_word' id='word_1_88' title='bbox 536 960 569 1019; x_wconf 78' lang='grc' dir='ltr'><strong>τὰ</strong></span> <span class='ocrx_word' id='word_1_89' title='bbox 585 963 607 1020; x_wconf 87' lang='grc' dir='ltr'><em>Β</em></span> <span class='ocrx_word' id='word_1_90' title='bbox 621 959 695 1041; x_wconf 87' lang='grc' dir='ltr'><strong>παρδι</strong></span> <span class='ocrx_word' id='word_1_91' title='bbox 716 961 805 1020; x_wconf 75' lang='grc' dir='ltr'><strong>πάντα</strong></span> <span class='ocrx_word' id='word_1_92' title='bbox 820 960 854 1020; x_wconf 86' lang='grc' dir='ltr'><strong>τιλ</strong></span> <span class='ocrx_word' id='word_1_93' title='bbox 874 962 896 1020; x_wconf 85' lang='grc' dir='ltr'><strong>Γ</strong></span> <span class='ocrx_word' id='word_1_94' title='bbox 907 960 1025 1038; x_wconf 87' lang='grc' dir='ltr'><strong>παρελη-</strong></span> <span class='ocrx_word' id='word_1_95' title='bbox 1072 987 1145 1044; x_wconf 89' lang='grc' dir='ltr'><strong>ρημα</strong></span> <span class='ocrx_word' id='word_1_96' title='bbox 1161 967 1197 1030; x_wconf 78' lang='grc' dir='ltr'><strong>ὡς</strong></span> <span class='ocrx_word' id='word_1_97' title='bbox 1216 962 1355 1024; x_wconf 77' lang='grc' dir='ltr'><strong>ἀκόλουθον</strong></span> <span class='ocrx_word' id='word_1_98' title='bbox 1365 967 1419 1030; x_wconf 85' lang='grc' dir='ltr'><strong>τοῖς</strong></span> <span class='ocrx_word' id='word_1_99' title='bbox 1435 963 1498 1044; x_wconf 82' lang='grc' dir='ltr'><strong>πρὸς</strong></span> <span class='ocrx_word' id='word_1_100' title='bbox 1511 963 1555 1023; x_wconf 75' lang='grc' dir='ltr'><strong>τόν</strong></span> <span class='ocrx_word' id='word_1_101' title='bbox 1573 965 1684 1036; x_wconf 89' lang='grc' dir='ltr'><strong>Ζήνωνα</strong></span> <span class='ocrx_word' id='word_1_102' title='bbox 1705 969 1854 1044; x_wconf 70' lang='grc' dir='ltr'><strong>εἰρημένοι.</strong></span> 
     </span>
     <span class='ocr_line' id='line_1_8' title="bbox 245 1045 1854 1134; baseline 0.005 -28"><span class='ocrx_word' id='word_1_103' title='bbox 245 1048 364 1108; x_wconf 85' lang='grc' dir='ltr'><strong>λυθέναι·</strong></span> <span class='ocrx_word' id='word_1_104' title='bbox 381 1048 437 1124; x_wconf 79' lang='grc' dir='ltr'><strong>ἄμα</strong></span> <span class='ocrx_word' id='word_1_105' title='bbox 451 1051 503 1128; x_wconf 78' lang='grc' dir='ltr'><strong>γὰρ</strong></span> <span class='ocrx_word' id='word_1_106' title='bbox 518 1045 596 1107; x_wconf 75' lang='grc' dir='ltr'><strong>ἔσται</strong></span> <span class='ocrx_word' id='word_1_107' title='bbox 615 1049 761 1130; x_wconf 82' lang='grc' dir='ltr'><strong>τὸπρῶτον</strong></span> <span class='ocrx_word' id='word_1_108' title='bbox 777 1050 800 1108; x_wconf 87' lang='grc' dir='ltr'>Γ</span> <span class='ocrx_word' id='word_1_109' title='bbox 819 1047 864 1107; x_wconf 80' lang='grc' dir='ltr'><strong>καί</strong></span> <span class='ocrx_word' id='word_1_110' title='bbox 877 1046 907 1106; x_wconf 89' lang='grc' dir='ltr'><strong>τδ</strong></span> <span class='ocrx_word' id='word_1_111' title='bbox 921 1051 1024 1126; x_wconf 80' lang='grc' dir='ltr'><strong>πρῶτον</strong></span> <span class='ocrx_word' id='word_1_112' title='bbox 1071 1052 1151 1118; x_wconf 72' lang='grc' dir='ltr'><strong>οὕτως</strong></span> <span class='ocrx_word' id='word_1_113' title='bbox 1166 1050 1301 1130; x_wconf 73' lang='grc' dir='ltr'><strong>ἄρξασθαι·</strong></span> <span class='ocrx_word' id='word_1_114' title='bbox 1316 1080 1328 1105; x_wconf 82' lang='grc' dir='ltr'><strong>ι</strong></span> <span class='ocrx_word' id='word_1_115' title='bbox 1344 1051 1402 1112; x_wconf 77' lang='grc' dir='ltr'><strong>οὐδὲ</strong></span> <span class='ocrx_word' id='word_1_116' title='bbox 1418 1051 1449 1125; x_wconf 88' lang='grc' dir='ltr'><strong>δή</strong></span> <span class='ocrx_word' id='word_1_117' title='bbox 1463 1053 1532 1114; x_wconf 86' lang='grc' dir='ltr'><strong>κατδι</strong></span> <span class='ocrx_word' id='word_1_118' title='bbox 1547 1051 1595 1126; x_wconf 89' lang='grc' dir='ltr'><strong>τήν</strong></span> <span class='ocrx_word' id='word_1_119' title='bbox 1610 1057 1637 1114; x_wconf 83' lang='grc' dir='ltr'><strong>έν</strong></span> <span class='ocrx_word' id='word_1_120' title='bbox 1651 1056 1788 1134; x_wconf 72' lang='grc' dir='ltr'><strong>ἀντιφάσει</strong></span> <span class='ocrx_word' id='word_1_121' title='bbox 1806 1079 1854 1130; x_wconf 82' lang='grc' dir='ltr'><strong>με·</strong></span> 
     </span>
     <span class='ocr_line' id='line_1_9' title="bbox 244 1133 1854 1219; baseline 0.002 -23"><span class='ocrx_word' id='word_1_122' title='bbox 244 1138 317 1196; x_wconf 61' lang='lat' dir='ltr'><strong>Birt</strong></span> <span class='ocrx_word' id='word_1_123' title='bbox 327 1135 509 1206; x_wconf 83' lang='grc' dir='ltr'><strong>τοῖςέναντίσις</strong></span> <span class='ocrx_word' id='word_1_124' title='bbox 521 1136 654 1215; x_wconf 77' lang='grc' dir='ltr'><strong>έσχότοις,</strong></span> <span class='ocrx_word' id='word_1_125' title='bbox 668 1136 722 1196; x_wconf 88' lang='grc' dir='ltr'><strong>ίσον</strong></span> <span class='ocrx_word' id='word_1_126' title='bbox 735 1137 827 1218; x_wconf 85' lang='grc' dir='ltr'><strong>χρόνον</strong></span> <span class='ocrx_word' id='word_1_127' title='bbox 838 1140 902 1216; x_wconf 89' lang='grc' dir='ltr'><strong>παρ’</strong></span> <span class='ocrx_word' id='word_1_128' title='bbox 915 1135 1024 1196; x_wconf 84' lang='grc' dir='ltr'><strong>ἕκαστον</strong></span> <span class='ocrx_word' id='word_1_129' title='bbox 1071 1139 1187 1211; x_wconf 82' lang='grc' dir='ltr'><strong>ταύολήν</strong></span> <span class='ocrx_word' id='word_1_130' title='bbox 1202 1137 1276 1198; x_wconf 81' lang='grc' dir='ltr'><strong>οὐδὲν</strong></span> <span class='ocrx_word' id='word_1_131' title='bbox 1291 1145 1356 1216; x_wconf 83' lang='grc' dir='ltr'><strong>ἡμῖν</strong></span> <span class='ocrx_word' id='word_1_132' title='bbox 1372 1137 1410 1197; x_wconf 82' lang='grc' dir='ltr'><strong>ἔτι</strong></span> <span class='ocrx_word' id='word_1_133' title='bbox 1425 1139 1500 1199; x_wconf 81' lang='grc' dir='ltr'><strong>ἔσται</strong></span> <span class='ocrx_word' id='word_1_134' title='bbox 1514 1139 1640 1199; x_wconf 85' lang='grc' dir='ltr'><strong>ἀδύνατον</strong></span> <span class='ocrx_word' id='word_1_135' title='bbox 1657 1141 1722 1219; x_wconf 74' lang='grc' dir='ltr'><strong>πρὸς</strong></span> <span class='ocrx_word' id='word_1_136' title='bbox 1736 1141 1767 1200; x_wconf 84' lang='grc' dir='ltr'><strong>τδ</strong></span> <span class='ocrx_word' id='word_1_137' title='bbox 1784 1133 1854 1200; x_wconf 75' lang='grc' dir='ltr'><strong>εἶναι</strong></span> 
     </span>
     <span class='ocr_line' id='line_1_10' title="bbox 245 1217 1855 1308; baseline 0.002 -24"><span class='ocrx_word' id='word_1_138' title='bbox 245 1227 378 1303; x_wconf 90' lang='grc' dir='ltr'><strong>γινόμενον</strong></span> <span class='ocrx_word' id='word_1_139' title='bbox 394 1230 446 1286; x_wconf 84' lang='grc' dir='ltr'><strong>τῶν</strong></span> <span class='ocrx_word' id='word_1_140' title='bbox 470 1229 494 1288; x_wconf 88' lang='grc' dir='ltr'><strong>Β</strong></span> <span class='ocrx_word' id='word_1_141' title='bbox 521 1227 633 1307; x_wconf 81' lang='grc' dir='ltr'><strong>ύσονπερ</strong></span> <span class='ocrx_word' id='word_1_142' title='bbox 652 1229 705 1284; x_wconf 84' lang='grc' dir='ltr'><strong>τῶν</strong></span> <span class='ocrx_word' id='word_1_143' title='bbox 722 1225 805 1298; x_wconf 82' lang='grc' dir='ltr'><strong>Α,όις</strong></span> <span class='ocrx_word' id='word_1_144' title='bbox 832 1247 907 1308; x_wconf 89' lang='grc' dir='ltr'><strong>φησι,</strong></span> <span class='ocrx_word' id='word_1_145' title='bbox 932 1222 974 1283; x_wconf 79' lang='grc' dir='ltr'><strong>διδ</strong></span> <span class='ocrx_word' id='word_1_146' title='bbox 996 1223 1026 1282; x_wconf 87' lang='grc' dir='ltr'><strong>τδ</strong></span> <span class='ocrx_word' id='word_1_147' title='bbox 1070 1227 1209 1300; x_wconf 76' lang='grc' dir='ltr'><strong>κίνησιν.»</strong></span> <span class='ocrx_word' id='word_1_148' title='bbox 1251 1231 1337 1299; x_wconf 85' lang='grc' dir='ltr'><strong>Δῆλον</strong></span> <span class='ocrx_word' id='word_1_149' title='bbox 1360 1217 1404 1286; x_wconf 82' lang='grc' dir='ltr'><strong>οῦν</strong></span> <span class='ocrx_word' id='word_1_150' title='bbox 1418 1227 1458 1288; x_wconf 83' lang='grc' dir='ltr'><strong>ὅτι</strong></span> <span class='ocrx_word' id='word_1_151' title='bbox 1471 1227 1517 1286; x_wconf 81' lang='grc' dir='ltr'><strong>καὶ</strong></span> <span class='ocrx_word' id='word_1_152' title='bbox 1529 1234 1573 1287; x_wconf 84' lang='grc' dir='ltr'><strong>νῦν</strong></span> <span class='ocrx_word' id='word_1_153' title='bbox 1589 1231 1624 1296; x_wconf 82' lang='grc' dir='ltr'><strong>ὡς</strong></span> <span class='ocrx_word' id='word_1_154' title='bbox 1637 1229 1699 1308; x_wconf 79' lang='grc' dir='ltr'><strong>περὶ</strong></span> <span class='ocrx_word' id='word_1_155' title='bbox 1714 1232 1796 1288; x_wconf 79' lang='grc' dir='ltr'><strong>αὐτοῦ</strong></span> <span class='ocrx_word' id='word_1_156' title='bbox 1811 1230 1855 1287; x_wconf 83' lang='grc' dir='ltr'><strong>λε’-</strong></span> 
     </span>
     <span class='ocr_line' id='line_1_11' title="bbox 246 1311 1854 1398; baseline 0.002 -26"><span class='ocrx_word' id='word_1_157' title='bbox 246 1315 382 1396; x_wconf 80' lang='grc' dir='ltr'><strong>ἀμφότερα</strong></span> <span class='ocrx_word' id='word_1_158' title='bbox 400 1315 456 1375; x_wconf 87' lang='grc' dir='ltr'><strong>ίσον</strong></span> <span class='ocrx_word' id='word_1_159' title='bbox 471 1314 563 1395; x_wconf 80' lang='grc' dir='ltr'><strong>χρόνον</strong></span> <span class='ocrx_word' id='word_1_160' title='bbox 577 1313 696 1395; x_wconf 84' lang='grc' dir='ltr'><strong>παρδιτδι</strong></span> <span class='ocrx_word' id='word_1_161' title='bbox 712 1313 888 1392; x_wconf 73' lang='grc' dir='ltr'><strong>Ᾱγίγνεσθαι.</strong></span> <span class='ocrx_word' id='word_1_162' title='bbox 931 1311 965 1376; x_wconf 92' lang='grc' dir='ltr'><strong>Ὁ</strong></span> <span class='ocrx_word' id='word_1_163' title='bbox 978 1313 1025 1390; x_wconf 80' lang='grc' dir='ltr'><strong>μὲν</strong></span> <span class='ocrx_word' id='word_1_164' title='bbox 1071 1341 1124 1396; x_wconf 88' lang='grc' dir='ltr'><strong>γων</strong></span> <span class='ocrx_word' id='word_1_165' title='bbox 1138 1317 1218 1376; x_wconf 80' lang='grc' dir='ltr'><strong>πόλιν</strong></span> <span class='ocrx_word' id='word_1_166' title='bbox 1234 1315 1313 1396; x_wconf 88' lang='grc' dir='ltr'><strong>φησίν</strong></span> <span class='ocrx_word' id='word_1_167' title='bbox 1326 1316 1369 1376; x_wconf 66' lang='lat' dir='ltr'><strong>ist</strong></span> <span class='ocrx_word' id='word_1_168' title='bbox 1384 1322 1430 1376; x_wconf 88' lang='grc' dir='ltr'><strong>τοῦ</strong></span> <span class='ocrx_word' id='word_1_169' title='bbox 1444 1315 1543 1377; x_wconf 89' lang='grc' dir='ltr'><strong>κύκλου</strong></span> <span class='ocrx_word' id='word_1_170' title='bbox 1557 1317 1602 1377; x_wconf 83' lang='grc' dir='ltr'><strong>καί</strong></span> <span class='ocrx_word' id='word_1_171' title='bbox 1618 1322 1665 1389; x_wconf 76' lang='grc' dir='ltr'><strong>τῆς</strong></span> <span class='ocrx_word' id='word_1_172' title='bbox 1677 1318 1793 1398; x_wconf 85' lang='grc' dir='ltr'><strong>σφαίρας</strong></span> <span class='ocrx_word' id='word_1_173' title='bbox 1809 1320 1854 1376; x_wconf 75' lang='grc' dir='ltr'><strong>καὶ</strong></span> 
     </span>
     <span class='ocr_line' id='line_1_12' title="bbox 244 1395 1856 1483; baseline 0.002 -22"><span class='ocrx_word' id='word_1_174' title='bbox 244 1395 288 1462; x_wconf 80' lang='grc' dir='ltr'><strong>οῦν</strong></span> <span class='ocrx_word' id='word_1_175' title='bbox 304 1405 379 1482; x_wconf 83' lang='grc' dir='ltr'><strong>λόγος</strong></span> <span class='ocrx_word' id='word_1_176' title='bbox 392 1396 466 1474; x_wconf 76' lang='grc' dir='ltr'><strong>οῦτός</strong></span> <span class='ocrx_word' id='word_1_177' title='bbox 481 1407 560 1478; x_wconf 80' lang='grc' dir='ltr'><strong>ἐστιν,</strong></span> <span class='ocrx_word' id='word_1_178' title='bbox 582 1404 722 1482; x_wconf 83' lang='grc' dir='ltr'><strong>συμῦαίνει</strong></span> <span class='ocrx_word' id='word_1_179' title='bbox 746 1403 773 1462; x_wconf 80' lang='grc' dir='ltr'><strong>δὲ</strong></span> <span class='ocrx_word' id='word_1_180' title='bbox 788 1407 861 1483; x_wconf 81' lang='grc' dir='ltr'><strong>παρὰ</strong></span> <span class='ocrx_word' id='word_1_181' title='bbox 875 1403 905 1463; x_wconf 88' lang='grc' dir='ltr'><strong>τδ</strong></span> <span class='ocrx_word' id='word_1_182' title='bbox 921 1403 1025 1482; x_wconf 86' lang='grc' dir='ltr'><strong>είρημέ·</strong></span> <span class='ocrx_word' id='word_1_183' title='bbox 1071 1407 1122 1462; x_wconf 85' lang='grc' dir='ltr'><strong>τῶν</strong></span> <span class='ocrx_word' id='word_1_184' title='bbox 1137 1407 1162 1462; x_wconf 83' lang='grc' dir='ltr'><strong>έν</strong></span> <span class='ocrx_word' id='word_1_185' title='bbox 1178 1404 1265 1470; x_wconf 78' lang='grc' dir='ltr'><strong>αὐτοῖς</strong></span> <span class='ocrx_word' id='word_1_186' title='bbox 1279 1405 1449 1482; x_wconf 82' lang='grc' dir='ltr'><strong>κινουμένων,</strong></span> <span class='ocrx_word' id='word_1_187' title='bbox 1466 1403 1506 1462; x_wconf 84' lang='grc' dir='ltr'><strong>ότι</strong></span> <span class='ocrx_word' id='word_1_188' title='bbox 1518 1404 1687 1482; x_wconf 84' lang='grc' dir='ltr'><strong>συμθήσεται</strong></span> <span class='ocrx_word' id='word_1_189' title='bbox 1709 1405 1781 1464; x_wconf 85' lang='grc' dir='ltr'><strong>αθτδι</strong></span> <span class='ocrx_word' id='word_1_190' title='bbox 1793 1409 1856 1483; x_wconf 81' lang='grc' dir='ltr'><strong>ἠρε-</strong></span> 
     </span>
    </p>
   </div>
   <div class='ocr_carea' id='block_1_3' title="bbox 149 1491 1854 1573">
    <p class='ocr_par' dir='ltr' id='par_1_3' title="bbox 149 1491 1854 1573">
     <span class='ocr_line' id='line_1_13' title="bbox 149 1491 1854 1573; baseline -0.001 -22"><span class='ocrx_word' id='word_1_191' title='bbox 149 1497 152 1504; x_wconf 85' lang='grc'><strong>’</strong></span> <span class='ocrx_word' id='word_1_192' title='bbox 244 1516 286 1552; x_wconf 92' lang='grc' dir='ltr'><strong>νον</strong></span> <span class='ocrx_word' id='word_1_193' title='bbox 301 1495 407 1573; x_wconf 82' lang='grc' dir='ltr'><strong>ψεῦδος.</strong></span> <span class='ocrx_word' id='word_1_194' title='bbox 1073 1497 1144 1571; x_wconf 84' lang='grc' dir='ltr'><strong>μεῖν,</strong></span> <span class='ocrx_word' id='word_1_195' title='bbox 1157 1495 1192 1560; x_wconf 82' lang='grc' dir='ltr'><strong>ὡς</strong></span> <span class='ocrx_word' id='word_1_196' title='bbox 1207 1491 1306 1552; x_wconf 88' lang='grc' dir='ltr'><strong>οίονται</strong></span> <span class='ocrx_word' id='word_1_197' title='bbox 1318 1495 1341 1551; x_wconf 84' lang='lat' dir='ltr'><strong>oi</strong></span> <span class='ocrx_word' id='word_1_198' title='bbox 1356 1492 1535 1573; x_wconf 74' lang='grc' dir='ltr'><strong>σοφιζόμενον</strong></span> <span class='ocrx_word' id='word_1_199' title='bbox 1558 1493 1617 1552; x_wconf 82' lang='grc' dir='ltr'><strong>οὐδὲ</strong></span> <span class='ocrx_word' id='word_1_200' title='bbox 1632 1499 1708 1552; x_wconf 88' lang='grc' dir='ltr'><strong>τοῦτο</strong></span> <span class='ocrx_word' id='word_1_201' title='bbox 1724 1495 1854 1553; x_wconf 79' lang='grc' dir='ltr'><strong>ἀδύνατόν</strong></span> 
     </span>
    </p>
   </div>
   <div class='ocr_carea' id='block_1_4' title="bbox 244 1573 1863 4317">
    <p class='ocr_par' dir='ltr' id='par_1_4' title="bbox 244 1573 1863 3254">
     <span class='ocr_line' id='line_1_14' title="bbox 285 1573 1855 1662; baseline 0.001 -24"><span class='ocrx_word' id='word_1_202' title='bbox 285 1582 475 1655; x_wconf 79' lang='lat' dir='ltr'><strong>(Aristoteles</strong></span> <span class='ocrx_word' id='word_1_203' title='bbox 491 1581 579 1658; x_wconf 85' lang='lat' dir='ltr'>Phys.</span> <span class='ocrx_word' id='word_1_204' title='bbox 595 1581 646 1640; x_wconf 92' lang='lat' dir='ltr'><strong>lib.</strong></span> <span class='ocrx_word' id='word_1_205' title='bbox 663 1581 710 1638; x_wconf 86' lang='lat' dir='ltr'><strong>Vl.</strong></span> <span class='ocrx_word' id='word_1_206' title='bbox 736 1601 797 1660; x_wconf 82' lang='lat' dir='ltr'><strong>cup.</strong></span> <span class='ocrx_word' id='word_1_207' title='bbox 816 1602 845 1658; x_wconf 89' lang='lat'><strong>9,</strong></span> <span class='ocrx_word' id='word_1_208' title='bbox 872 1601 900 1660; x_wconf 89' lang='lat' dir='ltr'><strong>p.</strong></span> <span class='ocrx_word' id='word_1_209' title='bbox 917 1582 975 1656; x_wconf 76' lang='lat'><strong>239</strong></span> <span class='ocrx_word' id='word_1_210' title='bbox 995 1579 1025 1639; x_wconf 91' lang='lat' dir='ltr'><strong>b.</strong></span> <span class='ocrx_word' id='word_1_211' title='bbox 1072 1607 1097 1641; x_wconf 92' lang='grc' dir='ltr'><strong>τι</strong></span> <span class='ocrx_word' id='word_1_212' title='bbox 1123 1583 1214 1661; x_wconf 79' lang='grc' dir='ltr'><strong>ἐπείγει</strong></span> <span class='ocrx_word' id='word_1_213' title='bbox 1228 1586 1266 1662; x_wconf 80' lang='grc' dir='ltr'><strong>τῷ</strong></span> <span class='ocrx_word' id='word_1_214' title='bbox 1286 1573 1353 1641; x_wconf 76' lang='grc' dir='ltr'><strong>εἶναι</strong></span> <span class='ocrx_word' id='word_1_215' title='bbox 1379 1583 1495 1653; x_wconf 81' lang='grc' dir='ltr'><strong>κίνησιν.</strong></span> <span class='ocrx_word' id='word_1_216' title='bbox 1537 1581 1593 1642; x_wconf 75' lang='grc' dir='ltr'><strong>Καὶ</strong></span> <span class='ocrx_word' id='word_1_217' title='bbox 1620 1584 1634 1639; x_wconf 85' lang='grc' dir='ltr'><strong>θ</strong></span> <span class='ocrx_word' id='word_1_218' title='bbox 1658 1581 1807 1647; x_wconf 78' lang='grc' dir='ltr'><strong>’λσποίσισς</strong></span> <span class='ocrx_word' id='word_1_219' title='bbox 1828 1582 1855 1640; x_wconf 82' lang='grc' dir='ltr'><strong>δὲ</strong></span> 
     </span>
     <span class='ocr_line' id='line_1_15' title="bbox 246 1668 1857 1750; baseline 0.002 -24"><span class='ocrx_word' id='word_1_220' title='bbox 246 1670 283 1727; x_wconf 81' lang='grc'><strong>33</strong></span> <span class='ocrx_word' id='word_1_221' title='bbox 310 1671 346 1728; x_wconf 79' lang='lat' dir='ltr'><strong>etl</strong></span> <span class='ocrx_word' id='word_1_222' title='bbox 380 1670 501 1730; x_wconf 82' lang='lat' dir='ltr'><strong>Bekker.</strong></span> <span class='ocrx_word' id='word_1_223' title='bbox 533 1671 702 1748; x_wconf 88' lang='lat' dir='ltr'><strong>Simplicius</strong></span> <span class='ocrx_word' id='word_1_224' title='bbox 727 1671 778 1729; x_wconf 84' lang='lat' dir='ltr'><strong>sol.</strong></span> <span class='ocrx_word' id='word_1_225' title='bbox 817 1679 887 1743; x_wconf 73' lang='lat'><strong>247.</strong></span> <span class='ocrx_word' id='word_1_226' title='bbox 908 1669 938 1731; x_wconf 91' lang='lat' dir='ltr'><strong>b.</strong></span> <span class='ocrx_word' id='word_1_227' title='bbox 970 1669 1025 1746; x_wconf 83' lang='lat' dir='ltr'><strong>(cf.</strong></span> <span class='ocrx_word' id='word_1_228' title='bbox 1072 1675 1161 1729; x_wconf 86' lang='grc' dir='ltr'><strong>τοῦτον</strong></span> <span class='ocrx_word' id='word_1_229' title='bbox 1186 1670 1242 1750; x_wconf 82' lang='grc' dir='ltr'><strong>ἔχει</strong></span> <span class='ocrx_word' id='word_1_230' title='bbox 1263 1669 1418 1730; x_wconf 81' lang='grc' dir='ltr'><strong>τδνσιιοπδν</strong></span> <span class='ocrx_word' id='word_1_231' title='bbox 1446 1669 1492 1728; x_wconf 84' lang='grc' dir='ltr'><strong>καί</strong></span> <span class='ocrx_word' id='word_1_232' title='bbox 1506 1668 1595 1729; x_wconf 86' lang='grc' dir='ltr'><strong>τοῦτόν</strong></span> <span class='ocrx_word' id='word_1_233' title='bbox 1611 1693 1676 1750; x_wconf 88' lang='grc' dir='ltr'><strong>φησι</strong></span> <span class='ocrx_word' id='word_1_234' title='bbox 1697 1669 1742 1728; x_wconf 85' lang='grc' dir='ltr'><strong>τδν</strong></span> <span class='ocrx_word' id='word_1_235' title='bbox 1765 1673 1857 1748; x_wconf 87' lang='grc' dir='ltr'><strong>λόγον,</strong></span> 
     </span>
     <span class='ocr_line' id='line_1_16' title="bbox 245 1755 1857 1837; baseline 0.001 -23"><span class='ocrx_word' id='word_1_236' title='bbox 245 1755 355 1818; x_wconf 88' lang='lat' dir='ltr'><strong>Scholl.</strong></span> <span class='ocrx_word' id='word_1_237' title='bbox 376 1758 408 1816; x_wconf 92' lang='lat' dir='ltr'><strong>in</strong></span> <span class='ocrx_word' id='word_1_238' title='bbox 423 1759 543 1816; x_wconf 77' lang='lat' dir='ltr'><strong>Aristot.</strong></span> <span class='ocrx_word' id='word_1_239' title='bbox 559 1777 626 1834; x_wconf 75' lang='lat' dir='ltr'><strong>pag.</strong></span> <span class='ocrx_word' id='word_1_240' title='bbox 651 1761 708 1826; x_wconf 77' lang='lat'><strong>413</strong></span> <span class='ocrx_word' id='word_1_241' title='bbox 724 1777 804 1836; x_wconf 86' lang='lat' dir='ltr'>seqq.</span> <span class='ocrx_word' id='word_1_242' title='bbox 825 1758 871 1816; x_wconf 80' lang='lat' dir='ltr'><strong>ed.</strong></span> <span class='ocrx_word' id='word_1_243' title='bbox 892 1757 1025 1816; x_wconf 72' lang='lat' dir='ltr'><strong>mandis.</strong></span> <span class='ocrx_word' id='word_1_244' title='bbox 1073 1757 1309 1837; x_wconf 85' lang='grc' dir='ltr'><strong>καλπρδαῦτοῦθ</strong></span> <span class='ocrx_word' id='word_1_245' title='bbox 1335 1757 1469 1834; x_wconf 81' lang='grc' dir='ltr'><strong>Εὔδημος.</strong></span> <span class='ocrx_word' id='word_1_246' title='bbox 1512 1757 1547 1819; x_wconf 88' lang='lat'><strong>‘0</strong></span> <span class='ocrx_word' id='word_1_247' title='bbox 1572 1757 1661 1832; x_wconf 88' lang='grc' dir='ltr'><strong>μέντοι</strong></span> <span class='ocrx_word' id='word_1_248' title='bbox 1683 1758 1857 1836; x_wconf 76' lang='grc' dir='ltr'><strong>Ἀλέξανδρος</strong></span> 
     </span>
     <span class='ocr_line' id='line_1_17' title="bbox 244 1845 1859 1926; baseline 0.002 -24"><span class='ocrx_word' id='word_1_249' title='bbox 244 1859 274 1903; x_wconf 89' lang='lat' dir='ltr'><strong>et</strong></span> <span class='ocrx_word' id='word_1_250' title='bbox 297 1845 371 1904; x_wconf 85' lang='lat' dir='ltr'><strong>Phil.</strong></span> <span class='ocrx_word' id='word_1_251' title='bbox 387 1845 482 1906; x_wconf 87' lang='lat' dir='ltr'><strong>Graec.</strong></span> <span class='ocrx_word' id='word_1_252' title='bbox 498 1845 609 1921; x_wconf 81' lang='lat' dir='ltr'><strong>Fragm.</strong></span> <span class='ocrx_word' id='word_1_253' title='bbox 624 1847 685 1906; x_wconf 85' lang='lat' dir='ltr'><strong>vol.</strong></span> <span class='ocrx_word' id='word_1_254' title='bbox 708 1846 733 1906; x_wconf 91' lang='lat' dir='ltr'><strong>l.</strong></span> <span class='ocrx_word' id='word_1_255' title='bbox 758 1866 788 1924; x_wconf 90' lang='lat' dir='ltr'><strong>p.</strong></span> <span class='ocrx_word' id='word_1_256' title='bbox 812 1848 869 1919; x_wconf 76' lang='lat'><strong>267</strong></span> <span class='ocrx_word' id='word_1_257' title='bbox 893 1866 954 1924; x_wconf 78' lang='lat' dir='ltr'><strong>seq.</strong></span> <span class='ocrx_word' id='word_1_258' title='bbox 973 1845 1026 1904; x_wconf 89' lang='lat' dir='ltr'><strong>ubi</strong></span> <span class='ocrx_word' id='word_1_259' title='bbox 1072 1847 1169 1924; x_wconf 75' lang='grc' dir='ltr'><strong>νομίζει</strong></span> <span class='ocrx_word' id='word_1_260' title='bbox 1195 1847 1225 1907; x_wconf 85' lang='grc' dir='ltr'><strong>τδ</strong></span> <span class='ocrx_word' id='word_1_261' title='bbox 1243 1853 1287 1905; x_wconf 86' lang='grc' dir='ltr'><strong>νῦν</strong></span> <span class='ocrx_word' id='word_1_262' title='bbox 1301 1846 1440 1926; x_wconf 86' lang='grc' dir='ltr'><strong>λεγόμενον</strong></span> <span class='ocrx_word' id='word_1_263' title='bbox 1465 1846 1600 1926; x_wconf 82' lang='grc' dir='ltr'><strong>πρθςτοθς</strong></span> <span class='ocrx_word' id='word_1_264' title='bbox 1626 1851 1794 1926; x_wconf 76' lang='grc' dir='ltr'><strong>ἀναιροῦντας</strong></span> <span class='ocrx_word' id='word_1_265' title='bbox 1810 1848 1859 1906; x_wconf 82' lang='grc' dir='ltr'><strong>τὸν</strong></span> 
     </span>
     <span class='ocr_line' id='line_1_18' title="bbox 245 1934 1861 2016; baseline 0 -24"><span class='ocrx_word' id='word_1_266' title='bbox 245 1934 390 2011; x_wconf 84' lang='lat' dir='ltr'><strong>integrum</strong></span> <span class='ocrx_word' id='word_1_267' title='bbox 407 1936 504 1994; x_wconf 87' lang='lat' dir='ltr'><strong>locum</strong></span> <span class='ocrx_word' id='word_1_268' title='bbox 534 1936 635 2011; x_wconf 80' lang='lat' dir='ltr'><strong>attuli)</strong></span> <span class='ocrx_word' id='word_1_269' title='bbox 656 1935 703 1993; x_wconf 88' lang='grc' dir='ltr'><strong>καί</strong></span> <span class='ocrx_word' id='word_1_270' title='bbox 719 1939 733 1994; x_wconf 88' lang='grc' dir='ltr'><strong>θ</strong></span> <span class='ocrx_word' id='word_1_271' title='bbox 753 1935 877 2015; x_wconf 80' lang='grc' dir='ltr'><strong>τέταρτος</strong></span> <span class='ocrx_word' id='word_1_272' title='bbox 895 1939 947 1994; x_wconf 85' lang='grc' dir='ltr'><strong>τῶν</strong></span> <span class='ocrx_word' id='word_1_273' title='bbox 967 1936 1027 2016; x_wconf 85' lang='grc' dir='ltr'><strong>περὶ</strong></span> <span class='ocrx_word' id='word_1_274' title='bbox 1073 1935 1229 2002; x_wconf 75' lang='grc' dir='ltr'><strong>ὑποτιθέντα</strong></span> <span class='ocrx_word' id='word_1_275' title='bbox 1251 1937 1296 1994; x_wconf 70' lang='grc' dir='ltr'><strong>ὑπ’</strong></span> <span class='ocrx_word' id='word_1_276' title='bbox 1312 1939 1390 1996; x_wconf 80' lang='grc' dir='ltr'><strong>αὐτοῦ</strong></span> <span class='ocrx_word' id='word_1_277' title='bbox 1404 1936 1511 2015; x_wconf 80' lang='grc' dir='ltr'><strong>ὁρισμὸν</strong></span> <span class='ocrx_word' id='word_1_278' title='bbox 1525 1940 1571 2006; x_wconf 82' lang='grc' dir='ltr'><strong>τῆς</strong></span> <span class='ocrx_word' id='word_1_279' title='bbox 1586 1936 1698 2015; x_wconf 81' lang='grc' dir='ltr'><strong>ἠρεμίας</strong></span> <span class='ocrx_word' id='word_1_280' title='bbox 1710 1936 1841 2014; x_wconf 84' lang='grc' dir='ltr'><strong>λέγεσθαι</strong></span> <span class='ocrx_word' id='word_1_281' title='bbox 1855 1959 1861 1970; x_wconf 94' lang='grc'><strong><em>·</em></strong></span> 
     </span>
     <span class='ocr_line' id='line_1_19' title="bbox 247 2013 1857 2106; baseline -0.001 -25"><span class='ocrx_word' id='word_1_282' title='bbox 247 2025 372 2094; x_wconf 86' lang='grc' dir='ltr'><strong>κινήσιως</strong></span> <span class='ocrx_word' id='word_1_283' title='bbox 386 2029 432 2082; x_wconf 83' lang='grc' dir='ltr'><strong>τοῦ</strong></span> <span class='ocrx_word' id='word_1_284' title='bbox 451 2023 570 2094; x_wconf 83' lang='grc' dir='ltr'><strong>Ζήνωνος</strong></span> <span class='ocrx_word' id='word_1_285' title='bbox 597 2023 691 2102; x_wconf 88' lang='grc' dir='ltr'><strong>λόγων,</strong></span> <span class='ocrx_word' id='word_1_286' title='bbox 710 2025 745 2090; x_wconf 84' lang='grc' dir='ltr'><strong>εἰς</strong></span> <span class='ocrx_word' id='word_1_287' title='bbox 769 2023 894 2082; x_wconf 85' lang='grc' dir='ltr'><strong>ἀδύνατον</strong></span> <span class='ocrx_word' id='word_1_288' title='bbox 917 2023 1026 2102; x_wconf 74' lang='grc' dir='ltr'><strong>ἀπάγων</strong></span> <span class='ocrx_word' id='word_1_289' title='bbox 1073 2023 1162 2095; x_wconf 83' lang='grc' dir='ltr'><strong>έπειδή</strong></span> <span class='ocrx_word' id='word_1_290' title='bbox 1176 2024 1227 2106; x_wconf 79' lang='grc' dir='ltr'><strong>γδρ</strong></span> <span class='ocrx_word' id='word_1_291' title='bbox 1241 2025 1349 2104; x_wconf 79' lang='grc' dir='ltr'><strong>ἠρεμεῖν</strong></span> <span class='ocrx_word' id='word_1_292' title='bbox 1364 2013 1421 2082; x_wconf 76' lang='grc' dir='ltr'><strong>εἷπε</strong></span> <span class='ocrx_word' id='word_1_293' title='bbox 1435 2025 1465 2082; x_wconf 82' lang='grc' dir='ltr'><strong>τὸ</strong></span> <span class='ocrx_word' id='word_1_294' title='bbox 1478 2025 1504 2081; x_wconf 86' lang='grc' dir='ltr'><strong>έν</strong></span> <span class='ocrx_word' id='word_1_295' title='bbox 1521 2026 1609 2103; x_wconf 79' lang='grc' dir='ltr'><strong>ταύτῷ</strong></span> <span class='ocrx_word' id='word_1_296' title='bbox 1621 2023 1714 2102; x_wconf 85' lang='grc' dir='ltr'><strong>χρόνον</strong></span> <span class='ocrx_word' id='word_1_297' title='bbox 1729 2025 1791 2082; x_wconf 87' lang='grc' dir='ltr'><strong>τινδι</strong></span> <span class='ocrx_word' id='word_1_298' title='bbox 1806 2023 1857 2097; x_wconf 81' lang='grc' dir='ltr'><strong>όν,</strong></span> 
     </span>
     <span class='ocr_line' id='line_1_20' title="bbox 247 2102 1860 2192; baseline 0.001 -25"><span class='ocrx_word' id='word_1_299' title='bbox 247 2109 292 2167; x_wconf 82' lang='grc' dir='ltr'><strong>καὶ</strong></span> <span class='ocrx_word' id='word_1_300' title='bbox 304 2102 376 2176; x_wconf 67' lang='grc' dir='ltr'><strong>οὗτος</strong></span> <span class='ocrx_word' id='word_1_301' title='bbox 392 2111 422 2169; x_wconf 81' lang='grc' dir='ltr'><strong>τό</strong></span> <span class='ocrx_word' id='word_1_302' title='bbox 441 2102 506 2169; x_wconf 74' lang='grc' dir='ltr'><strong>εἶναι</strong></span> <span class='ocrx_word' id='word_1_303' title='bbox 518 2111 631 2184; x_wconf 89' lang='grc' dir='ltr'><strong>κίνησιν,</strong></span> <span class='ocrx_word' id='word_1_304' title='bbox 644 2110 760 2177; x_wconf 85' lang='grc' dir='ltr'><strong>τοιοῦτός</strong></span> <span class='ocrx_word' id='word_1_305' title='bbox 774 2134 813 2178; x_wconf 91' lang='grc' dir='ltr'><strong>τις</strong></span> <span class='ocrx_word' id='word_1_306' title='bbox 834 2103 876 2182; x_wconf 86' lang='grc' dir='ltr'><strong>ἠν.</strong></span> <span class='ocrx_word' id='word_1_307' title='bbox 920 2111 1040 2171; x_wconf 87' lang='grc' dir='ltr'><strong>Τούτων·</strong></span> <span class='ocrx_word' id='word_1_308' title='bbox 1074 2113 1119 2173; x_wconf 88' lang='grc' dir='ltr'><strong>καί</strong></span> <span class='ocrx_word' id='word_1_309' title='bbox 1134 2115 1198 2173; x_wconf 82' lang='grc' dir='ltr'><strong>αθτδ</strong></span> <span class='ocrx_word' id='word_1_310' title='bbox 1209 2111 1254 2172; x_wconf 89' lang='grc' dir='ltr'><strong>καί</strong></span> <span class='ocrx_word' id='word_1_311' title='bbox 1267 2113 1301 2173; x_wconf 90' lang='grc' dir='ltr'><strong>τδι</strong></span> <span class='ocrx_word' id='word_1_312' title='bbox 1317 2113 1396 2192; x_wconf 85' lang='grc' dir='ltr'><strong>μέρη,</strong></span> <span class='ocrx_word' id='word_1_313' title='bbox 1413 2112 1541 2172; x_wconf 87' lang='grc' dir='ltr'><strong>δείκνυσιν</strong></span> <span class='ocrx_word' id='word_1_314' title='bbox 1555 2109 1597 2171; x_wconf 84' lang='grc' dir='ltr'><strong>δτι</strong></span> <span class='ocrx_word' id='word_1_315' title='bbox 1611 2111 1670 2170; x_wconf 80' lang='grc' dir='ltr'><strong>ούδδ</strong></span> <span class='ocrx_word' id='word_1_316' title='bbox 1685 2118 1764 2171; x_wconf 89' lang='grc' dir='ltr'><strong>τοῦτο</strong></span> <span class='ocrx_word' id='word_1_317' title='bbox 1781 2115 1860 2170; x_wconf 79' lang='grc' dir='ltr'><strong>εἶναι·</strong></span> 
     </span>
     <span class='ocr_line' id='line_1_21' title="bbox 247 2191 1863 2282; baseline 0.003 -27"><span class='ocrx_word' id='word_1_318' title='bbox 247 2199 566 2280; x_wconf 87' lang='grc' dir='ltr'><strong>προληφθέντωνστοίδιον</strong></span> <span class='ocrx_word' id='word_1_319' title='bbox 584 2199 806 2278; x_wconf 84' lang='grc' dir='ltr'><strong>θποτίθεται,ίφ’</strong></span> <span class='ocrx_word' id='word_1_320' title='bbox 825 2191 854 2258; x_wconf 78' lang='grc' dir='ltr'><strong>οῦ</strong></span> <span class='ocrx_word' id='word_1_321' title='bbox 876 2199 968 2260; x_wconf 63' lang='lat' dir='ltr'><strong>vluit</strong></span> <span class='ocrx_word' id='word_1_322' title='bbox 982 2201 1027 2260; x_wconf 76' lang='grc' dir='ltr'><strong>καὶ</strong></span> <span class='ocrx_word' id='word_1_323' title='bbox 1075 2211 1158 2282; x_wconf 85' lang='grc' dir='ltr'><strong>ρεῐται</strong></span> <span class='ocrx_word' id='word_1_324' title='bbox 1187 2202 1229 2260; x_wconf 88' lang='grc' dir='ltr'><strong>διδι</strong></span> <span class='ocrx_word' id='word_1_325' title='bbox 1255 2205 1308 2260; x_wconf 81' lang='grc' dir='ltr'><strong>τῶν</strong></span> <span class='ocrx_word' id='word_1_326' title='bbox 1326 2204 1353 2260; x_wconf 83' lang='grc' dir='ltr'><strong>έν</strong></span> <span class='ocrx_word' id='word_1_327' title='bbox 1375 2205 1413 2278; x_wconf 79' lang='grc' dir='ltr'><strong>τῷ</strong></span> <span class='ocrx_word' id='word_1_328' title='bbox 1435 2203 1507 2281; x_wconf 77' lang='grc' dir='ltr'><strong>αὐτῷ</strong></span> <span class='ocrx_word' id='word_1_329' title='bbox 1532 2201 1606 2282; x_wconf 81' lang='grc' dir='ltr'><strong>τόπιμ</strong></span> <span class='ocrx_word' id='word_1_330' title='bbox 1633 2202 1805 2278; x_wconf 86' lang='grc' dir='ltr'><strong>κινουμένων,</strong></span> <span class='ocrx_word' id='word_1_331' title='bbox 1825 2207 1863 2268; x_wconf 78' lang='grc' dir='ltr'><strong>ὣς</strong></span> 
     </span>
     <span class='ocr_line' id='line_1_22' title="bbox 247 2286 1861 2372; baseline 0.002 -27"><span class='ocrx_word' id='word_1_332' title='bbox 247 2287 362 2367; x_wconf 90' lang='grc' dir='ltr'><strong>τέσσαρα</strong></span> <span class='ocrx_word' id='word_1_333' title='bbox 390 2292 485 2366; x_wconf 82' lang='grc' dir='ltr'><strong>μεγέθη</strong></span> <span class='ocrx_word' id='word_1_334' title='bbox 506 2286 633 2358; x_wconf 88' lang='grc' dir='ltr'><strong>ἠδσασῦν</strong></span> <span class='ocrx_word' id='word_1_335' title='bbox 653 2287 731 2368; x_wconf 81' lang='grc' dir='ltr'><strong>ἀρτια</strong></span> <span class='ocrx_word' id='word_1_336' title='bbox 753 2289 843 2366; x_wconf 90' lang='grc' dir='ltr'><strong>μόνον,</strong></span> <span class='ocrx_word' id='word_1_337' title='bbox 864 2287 933 2347; x_wconf 78' lang='grc' dir='ltr'><strong>ὥστε</strong></span> <span class='ocrx_word' id='word_1_338' title='bbox 958 2286 1028 2368; x_wconf 77' lang='grc' dir='ltr'><strong>ἔχειν</strong></span> <span class='ocrx_word' id='word_1_339' title='bbox 1074 2289 1172 2347; x_wconf 83' lang='grc' dir='ltr'><strong>οἴονταί</strong></span> <span class='ocrx_word' id='word_1_340' title='bbox 1187 2312 1266 2355; x_wconf 89' lang='grc' dir='ltr'><strong>τινες.</strong></span> <span class='ocrx_word' id='word_1_341' title='bbox 1308 2291 1429 2348; x_wconf 86' lang='grc' dir='ltr'><strong>Τοιαῦτα</strong></span> <span class='ocrx_word' id='word_1_342' title='bbox 1449 2289 1477 2347; x_wconf 92' lang='grc' dir='ltr'><strong>δέ</strong></span> <span class='ocrx_word' id='word_1_343' title='bbox 1492 2287 1598 2347; x_wconf 85' lang='grc' dir='ltr'><strong>έστιτδι</strong></span> <span class='ocrx_word' id='word_1_344' title='bbox 1613 2289 1861 2372; x_wconf 80' lang='grc' dir='ltr'><strong>περιφερόμενα,θ</strong></span> 
     </span>
     <span class='ocr_line' id='line_1_23' title="bbox 244 2367 1863 2458; baseline 0 -24"><span class='ocrx_word' id='word_1_345' title='bbox 244 2377 339 2453; x_wconf 77' lang='grc' dir='ltr'><strong>ἡμίση,</strong></span> <span class='ocrx_word' id='word_1_346' title='bbox 354 2376 472 2454; x_wconf 87' lang='grc' dir='ltr'><strong>ίσόσγκα,</strong></span> <span class='ocrx_word' id='word_1_347' title='bbox 488 2381 522 2443; x_wconf 82' lang='grc' dir='ltr'><strong>ὡς</strong></span> <span class='ocrx_word' id='word_1_348' title='bbox 534 2375 561 2434; x_wconf 79' lang='lat' dir='ltr'><strong>ii</strong></span> <span class='ocrx_word' id='word_1_349' title='bbox 578 2379 591 2434; x_wconf 85' lang='grc' dir='ltr'><strong>δ</strong></span> <span class='ocrx_word' id='word_1_350' title='bbox 607 2375 727 2452; x_wconf 82' lang='grc' dir='ltr'><strong>Εὕδημός</strong></span> <span class='ocrx_word' id='word_1_351' title='bbox 742 2399 830 2458; x_wconf 89' lang='grc' dir='ltr'><strong>φησιν,</strong></span> <span class='ocrx_word' id='word_1_352' title='bbox 844 2376 950 2444; x_wconf 77' lang='grc' dir='ltr'><strong>κύῦους.</strong></span> <span class='ocrx_word' id='word_1_353' title='bbox 993 2376 1027 2436; x_wconf 89' lang='grc' dir='ltr'><strong>Ὁ</strong></span> <span class='ocrx_word' id='word_1_354' title='bbox 1074 2378 1144 2436; x_wconf 87' lang='grc' dir='ltr'><strong>δοκεῖ</strong></span> <span class='ocrx_word' id='word_1_355' title='bbox 1157 2379 1183 2435; x_wconf 88' lang='grc' dir='ltr'><strong>έν</strong></span> <span class='ocrx_word' id='word_1_356' title='bbox 1206 2381 1244 2457; x_wconf 83' lang='grc' dir='ltr'><strong>τῷ</strong></span> <span class='ocrx_word' id='word_1_357' title='bbox 1260 2377 1333 2454; x_wconf 81' lang='grc' dir='ltr'><strong>αὐτῷ</strong></span> <span class='ocrx_word' id='word_1_358' title='bbox 1348 2367 1415 2434; x_wconf 77' lang='grc' dir='ltr'><strong>εἶναι</strong></span> <span class='ocrx_word' id='word_1_359' title='bbox 1430 2375 1523 2455; x_wconf 83' lang='grc' dir='ltr'><strong>χρόνον</strong></span> <span class='ocrx_word' id='word_1_360' title='bbox 1539 2375 1597 2435; x_wconf 87' lang='grc' dir='ltr'><strong>τινδι</strong></span> <span class='ocrx_word' id='word_1_361' title='bbox 1611 2377 1655 2436; x_wconf 81' lang='grc' dir='ltr'><strong>καί</strong></span> <span class='ocrx_word' id='word_1_362' title='bbox 1671 2377 1739 2435; x_wconf 84' lang='grc' dir='ltr'><strong>αύτδι</strong></span> <span class='ocrx_word' id='word_1_363' title='bbox 1756 2377 1805 2434; x_wconf 85' lang='grc' dir='ltr'><strong>καλ</strong></span> <span class='ocrx_word' id='word_1_364' title='bbox 1828 2379 1863 2435; x_wconf 80' lang='grc' dir='ltr'><strong>τδι</strong></span> 
     </span>
     <span class='ocr_line' id='line_1_24' title="bbox 247 2455 1863 2546; baseline 0.002 -25"><span class='ocrx_word' id='word_1_365' title='bbox 247 2463 294 2542; x_wconf 77' lang='grc' dir='ltr'><strong>μὲν</strong></span> <span class='ocrx_word' id='word_1_366' title='bbox 312 2455 356 2522; x_wconf 82' lang='grc' dir='ltr'><strong>οῦν</strong></span> <span class='ocrx_word' id='word_1_367' title='bbox 384 2463 459 2538; x_wconf 87' lang='grc' dir='ltr'><strong>λόγος</strong></span> <span class='ocrx_word' id='word_1_368' title='bbox 479 2463 591 2532; x_wconf 88' lang='grc' dir='ltr'><strong>τοιοῦτός</strong></span> <span class='ocrx_word' id='word_1_369' title='bbox 618 2466 697 2539; x_wconf 84' lang='grc' dir='ltr'><strong>έοτιν,</strong></span> <span class='ocrx_word' id='word_1_370' title='bbox 720 2460 893 2538; x_wconf 71' lang='grc' dir='ltr'><strong>εὐηθέστατος</strong></span> <span class='ocrx_word' id='word_1_371' title='bbox 915 2466 962 2540; x_wconf 83' lang='grc' dir='ltr'><strong>ὧν,</strong></span> <span class='ocrx_word' id='word_1_372' title='bbox 993 2466 1028 2536; x_wconf 77' lang='grc' dir='ltr'><strong>ὥς</strong></span> <span class='ocrx_word' id='word_1_373' title='bbox 1075 2465 1142 2546; x_wconf 90' lang='grc' dir='ltr'><strong>μέρη</strong></span> <span class='ocrx_word' id='word_1_374' title='bbox 1165 2465 1251 2526; x_wconf 92' lang='grc' dir='ltr'><strong>καίτοι</strong></span> <span class='ocrx_word' id='word_1_375' title='bbox 1266 2464 1416 2541; x_wconf 89' lang='grc' dir='ltr'><strong>κινούμενα.</strong></span> <span class='ocrx_word' id='word_1_376' title='bbox 1462 2465 1601 2524; x_wconf 82' lang='grc' dir='ltr'><strong>Δείκνυσιν</strong></span> <span class='ocrx_word' id='word_1_377' title='bbox 1616 2457 1673 2541; x_wconf 82' lang='grc' dir='ltr'><strong>οῦν,</strong></span> <span class='ocrx_word' id='word_1_378' title='bbox 1700 2465 1796 2546; x_wconf 88' lang='grc' dir='ltr'><strong>φησίν,</strong></span> <span class='ocrx_word' id='word_1_379' title='bbox 1821 2467 1863 2524; x_wconf 79' lang='grc' dir='ltr'><strong>ὅτι</strong></span> 
     </span>
     <span class='ocr_line' id='line_1_25' title="bbox 246 2549 1862 2634; baseline 0 -24"><span class='ocrx_word' id='word_1_380' title='bbox 246 2575 324 2631; x_wconf 89' lang='grc' dir='ltr'><strong>φησιν</strong></span> <span class='ocrx_word' id='word_1_381' title='bbox 349 2549 484 2626; x_wconf 80' lang='grc' dir='ltr'><strong>Εὔδημος,</strong></span> <span class='ocrx_word' id='word_1_382' title='bbox 501 2551 543 2610; x_wconf 86' lang='grc' dir='ltr'><strong>διδι</strong></span> <span class='ocrx_word' id='word_1_383' title='bbox 562 2551 592 2610; x_wconf 89' lang='grc' dir='ltr'><strong>τδ</strong></span> <span class='ocrx_word' id='word_1_384' title='bbox 618 2558 739 2632; x_wconf 82' lang='grc' dir='ltr'><strong>προφανῆ</strong></span> <span class='ocrx_word' id='word_1_385' title='bbox 760 2554 803 2613; x_wconf 82' lang='grc' dir='ltr'><strong>τόν</strong></span> <span class='ocrx_word' id='word_1_386' title='bbox 826 2557 1027 2634; x_wconf 87' lang='grc' dir='ltr'><strong>παραλογισμδν</strong></span> <span class='ocrx_word' id='word_1_387' title='bbox 1074 2556 1124 2632; x_wconf 81' lang='grc' dir='ltr'><strong>οὐχ</strong></span> <span class='ocrx_word' id='word_1_388' title='bbox 1148 2552 1291 2612; x_wconf 76' lang='grc' dir='ltr'><strong>ὑποπίπτει</strong></span> <span class='ocrx_word' id='word_1_389' title='bbox 1317 2557 1401 2610; x_wconf 86' lang='grc' dir='ltr'><strong>ταῦτα</strong></span> <span class='ocrx_word' id='word_1_390' title='bbox 1417 2555 1455 2632; x_wconf 83' lang='grc' dir='ltr'><strong>τῷ</strong></span> <span class='ocrx_word' id='word_1_391' title='bbox 1481 2558 1527 2624; x_wconf 80' lang='grc' dir='ltr'><strong>τῆς</strong></span> <span class='ocrx_word' id='word_1_392' title='bbox 1541 2554 1652 2633; x_wconf 86' lang='grc' dir='ltr'><strong>ἠρεμίας</strong></span> <span class='ocrx_word' id='word_1_393' title='bbox 1667 2557 1783 2632; x_wconf 79' lang='grc' dir='ltr'><strong>ὁρισμῷ.</strong></span> <span class='ocrx_word' id='word_1_394' title='bbox 1807 2555 1862 2613; x_wconf 83' lang='grc' dir='ltr'><strong>Καὶ</strong></span> 
     </span>
     <span class='ocr_line' id='line_1_26' title="bbox 246 2639 1863 2727; baseline 0.001 -29"><span class='ocrx_word' id='word_1_395' title='bbox 246 2643 325 2720; x_wconf 83' lang='grc' dir='ltr'><strong>ἱχειν,</strong></span> <span class='ocrx_word' id='word_1_396' title='bbox 335 2640 409 2721; x_wconf 86' lang='grc' dir='ltr'><strong>εἴπερ</strong></span> <span class='ocrx_word' id='word_1_397' title='bbox 422 2640 489 2708; x_wconf 76' lang='grc' dir='ltr'><strong>ἀξιοῖ</strong></span> <span class='ocrx_word' id='word_1_398' title='bbox 502 2639 589 2700; x_wconf 87' lang='grc' dir='ltr'><strong>τδιίσα</strong></span> <span class='ocrx_word' id='word_1_399' title='bbox 604 2642 648 2700; x_wconf 81' lang='grc' dir='ltr'><strong>καί</strong></span> <span class='ocrx_word' id='word_1_400' title='bbox 661 2643 785 2722; x_wconf 83' lang='grc' dir='ltr'><strong>ἰσοταχῆ,</strong></span> <span class='ocrx_word' id='word_1_401' title='bbox 797 2640 841 2702; x_wconf 81' lang='grc' dir='ltr'><strong>έθν</strong></span> <span class='ocrx_word' id='word_1_402' title='bbox 856 2643 885 2702; x_wconf 89' lang='grc' dir='ltr'><strong>τθ</strong></span> <span class='ocrx_word' id='word_1_403' title='bbox 897 2643 944 2721; x_wconf 83' lang='grc' dir='ltr'><strong>μίν</strong></span> <span class='ocrx_word' id='word_1_404' title='bbox 956 2646 1028 2727; x_wconf 86' lang='grc' dir='ltr'><strong>παρδι</strong></span> <span class='ocrx_word' id='word_1_405' title='bbox 1074 2640 1114 2701; x_wconf 81' lang='grc' dir='ltr'><strong>ότι</strong></span> <span class='ocrx_word' id='word_1_406' title='bbox 1131 2640 1177 2717; x_wconf 79' lang='grc' dir='ltr'><strong>μὲν</strong></span> <span class='ocrx_word' id='word_1_407' title='bbox 1201 2647 1279 2700; x_wconf 82' lang='grc' dir='ltr'><strong>τοῦτο</strong></span> <span class='ocrx_word' id='word_1_408' title='bbox 1295 2642 1422 2714; x_wconf 87' lang='grc' dir='ltr'><strong>δείκνυσι,</strong></span> <span class='ocrx_word' id='word_1_409' title='bbox 1450 2642 1543 2712; x_wconf 84' lang='grc' dir='ltr'><strong>δῆλον·</strong></span> <span class='ocrx_word' id='word_1_410' title='bbox 1566 2641 1681 2700; x_wconf 87' lang='grc' dir='ltr'><strong>δείκνυσι</strong></span> <span class='ocrx_word' id='word_1_411' title='bbox 1705 2642 1731 2699; x_wconf 82' lang='grc' dir='ltr'><strong>δὲ</strong></span> <span class='ocrx_word' id='word_1_412' title='bbox 1749 2641 1817 2700; x_wconf 79' lang='grc' dir='ltr'><strong>αὐτὸ</strong></span> <span class='ocrx_word' id='word_1_413' title='bbox 1833 2646 1863 2700; x_wconf 88' lang='grc' dir='ltr'><strong>ού</strong></span> 
     </span>
     <span class='ocr_line' id='line_1_27' title="bbox 246 2729 1862 2810; baseline 0 -23"><span class='ocrx_word' id='word_1_414' title='bbox 246 2729 396 2806; x_wconf 87' lang='grc' dir='ltr'><strong>κινούμενον</strong></span> <span class='ocrx_word' id='word_1_415' title='bbox 415 2734 529 2805; x_wconf 82' lang='grc' dir='ltr'><strong>κινῆται,</strong></span> <span class='ocrx_word' id='word_1_416' title='bbox 552 2730 582 2789; x_wconf 87' lang='grc' dir='ltr'><strong>τδ</strong></span> <span class='ocrx_word' id='word_1_417' title='bbox 608 2729 635 2788; x_wconf 76' lang='grc' dir='ltr'><strong>δέ</strong></span> <span class='ocrx_word' id='word_1_418' title='bbox 650 2730 723 2810; x_wconf 87' lang='grc' dir='ltr'><strong>παρθι</strong></span> <span class='ocrx_word' id='word_1_419' title='bbox 735 2731 764 2790; x_wconf 86' lang='grc' dir='ltr'><strong>τδ</strong></span> <span class='ocrx_word' id='word_1_420' title='bbox 787 2735 913 2810; x_wconf 85' lang='grc' dir='ltr'><strong>ἠρεμοῦν,</strong></span> <span class='ocrx_word' id='word_1_421' title='bbox 928 2733 959 2791; x_wconf 86' lang='grc' dir='ltr'><strong>τδ</strong></span> <span class='ocrx_word' id='word_1_422' title='bbox 974 2734 1027 2793; x_wconf 85' lang='grc' dir='ltr'><strong>ίοον</strong></span> <span class='ocrx_word' id='word_1_423' title='bbox 1075 2729 1119 2788; x_wconf 87' lang='grc' dir='ltr'><strong>τδν</strong></span> <span class='ocrx_word' id='word_1_424' title='bbox 1132 2734 1178 2800; x_wconf 75' lang='grc' dir='ltr'><strong>τῆς</strong></span> <span class='ocrx_word' id='word_1_425' title='bbox 1190 2729 1303 2808; x_wconf 88' lang='grc' dir='ltr'><strong>ἠρεμίας</strong></span> <span class='ocrx_word' id='word_1_426' title='bbox 1317 2729 1425 2809; x_wconf 84' lang='grc' dir='ltr'><strong>ὁρισμὸν</strong></span> <span class='ocrx_word' id='word_1_427' title='bbox 1442 2729 1645 2810; x_wconf 82' lang='grc' dir='ltr'><strong>βεῦαιούμενος,</strong></span> <span class='ocrx_word' id='word_1_428' title='bbox 1661 2729 1731 2788; x_wconf 81' lang='grc' dir='ltr'><strong>ἀλλά</strong></span> <span class='ocrx_word' id='word_1_429' title='bbox 1746 2729 1778 2787; x_wconf 82' lang='grc' dir='ltr'><strong>τδ</strong></span> <span class='ocrx_word' id='word_1_430' title='bbox 1793 2729 1862 2805; x_wconf 82' lang='grc' dir='ltr'><strong>μηδὲ</strong></span> 
     </span>
     <span class='ocr_line' id='line_1_28' title="bbox 247 2816 1860 2910; baseline 0.003 -35"><span class='ocrx_word' id='word_1_431' title='bbox 247 2817 380 2892; x_wconf 80' lang='grc' dir='ltr'><strong>διάστημα</strong></span> <span class='ocrx_word' id='word_1_432' title='bbox 396 2819 423 2874; x_wconf 78' lang='lat' dir='ltr'><strong>lv</strong></span> <span class='ocrx_word' id='word_1_433' title='bbox 433 2816 481 2897; x_wconf 88' lang='grc' dir='ltr'><strong>ίσῳ</strong></span> <span class='ocrx_word' id='word_1_434' title='bbox 492 2816 579 2896; x_wconf 78' lang='grc' dir='ltr'><strong>χρόνῳ</strong></span> <span class='ocrx_word' id='word_1_435' title='bbox 595 2819 732 2894; x_wconf 84' lang='grc' dir='ltr'><strong>κινεῖσθαι,</strong></span> <span class='ocrx_word' id='word_1_436' title='bbox 748 2817 814 2901; x_wconf 79' lang='grc' dir='ltr'><strong>ὅπερ</strong></span> <span class='ocrx_word' id='word_1_437' title='bbox 829 2822 899 2880; x_wconf 78' lang='grc' dir='ltr'><strong>ἐστὶν</strong></span> <span class='ocrx_word' id='word_1_438' title='bbox 915 2824 1029 2910; x_wconf 84' lang='grc' dir='ltr'><strong>ίναργῶς</strong></span> <span class='ocrx_word' id='word_1_439' title='bbox 1075 2825 1104 2880; x_wconf 80' lang='grc' dir='ltr'><strong>ἐκ</strong></span> <span class='ocrx_word' id='word_1_440' title='bbox 1132 2817 1230 2891; x_wconf 80' lang='grc' dir='ltr'><strong>ταύτης</strong></span> <span class='ocrx_word' id='word_1_441' title='bbox 1252 2823 1299 2890; x_wconf 82' lang='grc' dir='ltr'><strong>τῆς</strong></span> <span class='ocrx_word' id='word_1_442' title='bbox 1325 2819 1439 2899; x_wconf 80' lang='grc' dir='ltr'><strong>ἀπορίας</strong></span> <span class='ocrx_word' id='word_1_443' title='bbox 1467 2821 1633 2897; x_wconf 87' lang='grc' dir='ltr'><strong>ἀναιρεῖσθαι</strong></span> <span class='ocrx_word' id='word_1_444' title='bbox 1661 2819 1711 2888; x_wconf 81' lang='grc' dir='ltr'><strong>τὴν</strong></span> <span class='ocrx_word' id='word_1_445' title='bbox 1738 2817 1860 2887; x_wconf 88' lang='grc' dir='ltr'><strong>κίνησιν.</strong></span> 
     </span>
     <span class='ocr_line' id='line_1_29' title="bbox 247 2897 1862 2990; baseline 0.007 -27"><span class='ocrx_word' id='word_1_446' title='bbox 247 2903 398 2963; x_wconf 79' lang='grc' dir='ltr'><strong>ἄτοπον·τδι</strong></span> <span class='ocrx_word' id='word_1_447' title='bbox 409 2904 459 2986; x_wconf 85' lang='grc' dir='ltr'><strong>γδιρ</strong></span> <span class='ocrx_word' id='word_1_448' title='bbox 470 2905 669 2985; x_wconf 83' lang='grc' dir='ltr'><strong>ἀντικινούμινα</strong></span> <span class='ocrx_word' id='word_1_449' title='bbox 679 2907 801 2979; x_wconf 82' lang='grc' dir='ltr'><strong>ἀλλήλοις</strong></span> <span class='ocrx_word' id='word_1_450' title='bbox 813 2911 925 2990; x_wconf 84' lang='grc' dir='ltr'><strong>ίσοταχή</strong></span> <span class='ocrx_word' id='word_1_451' title='bbox 934 2911 1028 2970; x_wconf 90' lang='grc' dir='ltr'><strong>διπλα-</strong></span> <span class='ocrx_word' id='word_1_452' title='bbox 1075 2905 1171 2988; x_wconf 81' lang='grc' dir='ltr'><strong>Ἐᾠκει</strong></span> <span class='ocrx_word' id='word_1_453' title='bbox 1187 2906 1213 2965; x_wconf 76' lang='grc' dir='ltr'><strong>δὲ</strong></span> <span class='ocrx_word' id='word_1_454' title='bbox 1226 2906 1334 2980; x_wconf 84' lang='grc' dir='ltr'><strong>τοιαύτη</strong></span> <span class='ocrx_word' id='word_1_455' title='bbox 1348 2932 1388 2975; x_wconf 91' lang='grc' dir='ltr'><strong>τις</strong></span> <span class='ocrx_word' id='word_1_456' title='bbox 1400 2897 1465 2966; x_wconf 74' lang='grc' dir='ltr'><strong>εἶναι</strong></span> <span class='ocrx_word' id='word_1_457' title='bbox 1479 2913 1495 2980; x_wconf 83' lang='grc' dir='ltr'><strong>ἠ</strong></span> <span class='ocrx_word' id='word_1_458' title='bbox 1512 2908 1621 2988; x_wconf 80' lang='grc' dir='ltr'><strong>ἀπορία.</strong></span> <span class='ocrx_word' id='word_1_459' title='bbox 1663 2907 1759 2975; x_wconf 60' lang='lat' dir='ltr'><strong>Mlius</strong></span> <span class='ocrx_word' id='word_1_460' title='bbox 1772 2908 1800 2966; x_wconf 66' lang='grc' dir='ltr'><strong>δὲ</strong></span> <span class='ocrx_word' id='word_1_461' title='bbox 1817 2909 1862 2968; x_wconf 71' lang='grc' dir='ltr'><strong>ἐπὶ</strong></span> 
     </span>
     <span class='ocr_line' id='line_1_30' title="bbox 247 2989 1860 3082; baseline 0.001 -30"><span class='ocrx_word' id='word_1_462' title='bbox 247 2993 306 3052; x_wconf 91' lang='grc' dir='ltr'><strong>σίαν</strong></span> <span class='ocrx_word' id='word_1_463' title='bbox 323 2994 464 3073; x_wconf 80' lang='grc' dir='ltr'><strong>ἀφίσταται</strong></span> <span class='ocrx_word' id='word_1_464' title='bbox 485 2995 621 3056; x_wconf 85' lang='grc' dir='ltr'><strong>διάστασιν</strong></span> <span class='ocrx_word' id='word_1_465' title='bbox 637 2999 663 3056; x_wconf 83' lang='grc' dir='ltr'><strong>έν</strong></span> <span class='ocrx_word' id='word_1_466' title='bbox 676 3001 713 3078; x_wconf 82' lang='grc' dir='ltr'><strong>τῷ</strong></span> <span class='ocrx_word' id='word_1_467' title='bbox 725 2999 795 3078; x_wconf 78' lang='grc' dir='ltr'><strong>αὐτῷ</strong></span> <span class='ocrx_word' id='word_1_468' title='bbox 808 2997 905 3079; x_wconf 80' lang='grc' dir='ltr'><strong>χρόνῳ,</strong></span> <span class='ocrx_word' id='word_1_469' title='bbox 917 2989 979 3082; x_wconf 58' lang='lat' dir='ltr'><strong>ivri)</strong></span> <span class='ocrx_word' id='word_1_470' title='bbox 999 2999 1029 3060; x_wconf 87' lang='grc' dir='ltr'><strong>τδ</strong></span> <span class='ocrx_word' id='word_1_471' title='bbox 1075 3001 1120 3054; x_wconf 84' lang='grc' dir='ltr'><strong>τοῦ</strong></span> <span class='ocrx_word' id='word_1_472' title='bbox 1142 2994 1239 3054; x_wconf 92' lang='grc' dir='ltr'><strong>κύκλου</strong></span> <span class='ocrx_word' id='word_1_473' title='bbox 1252 2995 1282 3054; x_wconf 87' lang='grc' dir='ltr'><strong>τδ</strong></span> <span class='ocrx_word' id='word_1_474' title='bbox 1297 2996 1366 3074; x_wconf 87' lang='grc' dir='ltr'><strong>μήτε</strong></span> <span class='ocrx_word' id='word_1_475' title='bbox 1380 2995 1411 3054; x_wconf 88' lang='grc' dir='ltr'><strong>τδ</strong></span> <span class='ocrx_word' id='word_1_476' title='bbox 1426 2994 1485 3054; x_wconf 83' lang='grc' dir='ltr'><strong>δλον</strong></span> <span class='ocrx_word' id='word_1_477' title='bbox 1502 2996 1570 3073; x_wconf 77' lang='grc' dir='ltr'><strong>μήτε</strong></span> <span class='ocrx_word' id='word_1_478' title='bbox 1588 2995 1622 3054; x_wconf 84' lang='grc' dir='ltr'><strong>τίι</strong></span> <span class='ocrx_word' id='word_1_479' title='bbox 1647 2995 1716 3076; x_wconf 87' lang='grc' dir='ltr'><strong>μέρη</strong></span> <span class='ocrx_word' id='word_1_480' title='bbox 1731 2999 1860 3076; x_wconf 83' lang='grc' dir='ltr'><strong>ἠρεμεῖν,</strong></span> 
     </span>
     <span class='ocr_line' id='line_1_31' title="bbox 247 3083 1861 3164; baseline 0.001 -24"><span class='ocrx_word' id='word_1_481' title='bbox 247 3083 310 3162; x_wconf 89' lang='grc' dir='ltr'><strong>παρ’</strong></span> <span class='ocrx_word' id='word_1_482' title='bbox 339 3085 452 3160; x_wconf 87' lang='grc' dir='ltr'><strong>ἠρεμοῦν</strong></span> <span class='ocrx_word' id='word_1_483' title='bbox 475 3083 626 3162; x_wconf 89' lang='grc' dir='ltr'><strong>κινούμενον</strong></span> <span class='ocrx_word' id='word_1_484' title='bbox 647 3086 677 3145; x_wconf 89' lang='grc' dir='ltr'><strong>τδ</strong></span> <span class='ocrx_word' id='word_1_485' title='bbox 692 3084 775 3163; x_wconf 79' lang='grc' dir='ltr'><strong>ἥμισυ</strong></span> <span class='ocrx_word' id='word_1_486' title='bbox 804 3083 949 3164; x_wconf 85' lang='grc' dir='ltr'><strong>διίσταται,</strong></span> <span class='ocrx_word' id='word_1_487' title='bbox 979 3087 1029 3149; x_wconf 75' lang='grc' dir='ltr'><strong>κᾶν</strong></span> <span class='ocrx_word' id='word_1_488' title='bbox 1075 3083 1142 3161; x_wconf 79' lang='grc' dir='ltr'><strong>μηδὲ</strong></span> <span class='ocrx_word' id='word_1_489' title='bbox 1156 3083 1208 3164; x_wconf 85' lang='grc' dir='ltr'><strong>γδιρ</strong></span> <span class='ocrx_word' id='word_1_490' title='bbox 1222 3086 1248 3142; x_wconf 80' lang='grc' dir='ltr'><strong>ἐν</strong></span> <span class='ocrx_word' id='word_1_491' title='bbox 1263 3089 1301 3164; x_wconf 87' lang='grc' dir='ltr'><strong>τῷ</strong></span> <span class='ocrx_word' id='word_1_492' title='bbox 1321 3087 1393 3162; x_wconf 80' lang='grc' dir='ltr'><strong>αὐτῷ</strong></span> <span class='ocrx_word' id='word_1_493' title='bbox 1410 3083 1508 3161; x_wconf 86' lang='grc' dir='ltr'><strong>μένειν,</strong></span> <span class='ocrx_word' id='word_1_494' title='bbox 1524 3085 1569 3142; x_wconf 80' lang='grc' dir='ltr'><strong>τὸν</strong></span> <span class='ocrx_word' id='word_1_495' title='bbox 1592 3084 1670 3144; x_wconf 84' lang='grc' dir='ltr'><strong>αιίτθν</strong></span> <span class='ocrx_word' id='word_1_496' title='bbox 1684 3087 1764 3162; x_wconf 89' lang='grc' dir='ltr'><strong>λόγον</strong></span> <span class='ocrx_word' id='word_1_497' title='bbox 1780 3085 1861 3164; x_wconf 78' lang='grc' dir='ltr'><strong>φησίν</strong></span> 
     </span>
     <span class='ocr_line' id='line_1_32' title="bbox 246 3163 1861 3254; baseline 0.002 -27"><span class='ocrx_word' id='word_1_498' title='bbox 246 3170 368 3250; x_wconf 81' lang='grc' dir='ltr'><strong>ίσοταχίς</strong></span> <span class='ocrx_word' id='word_1_499' title='bbox 392 3171 497 3239; x_wconf 78' lang='grc' dir='ltr'><strong>ἐκείνοις</strong></span> <span class='ocrx_word' id='word_1_500' title='bbox 510 3163 557 3252; x_wconf 76' lang='grc' dir='ltr'><strong>ᾖ.)</strong></span> <span class='ocrx_word' id='word_1_501' title='bbox 1074 3169 1179 3230; x_wconf 79' lang='grc' dir='ltr'><strong>ἔσεσθαι</strong></span> <span class='ocrx_word' id='word_1_502' title='bbox 1191 3173 1235 3231; x_wconf 82' lang='grc' dir='ltr'><strong>καὶ</strong></span> <span class='ocrx_word' id='word_1_503' title='bbox 1250 3172 1294 3230; x_wconf 63' lang='lat' dir='ltr'><strong>tut</strong></span> <span class='ocrx_word' id='word_1_504' title='bbox 1321 3176 1367 3244; x_wconf 84' lang='grc' dir='ltr'><strong>τῆς</strong></span> <span class='ocrx_word' id='word_1_505' title='bbox 1391 3171 1500 3254; x_wconf 84' lang='grc' dir='ltr'><strong>σφαίρας</strong></span> <span class='ocrx_word' id='word_1_506' title='bbox 1516 3173 1561 3232; x_wconf 84' lang='grc' dir='ltr'><strong>καί</strong></span> <span class='ocrx_word' id='word_1_507' title='bbox 1575 3171 1619 3230; x_wconf 81' lang='grc' dir='ltr'><strong>ἐπί</strong></span> <span class='ocrx_word' id='word_1_508' title='bbox 1631 3177 1684 3231; x_wconf 87' lang='grc' dir='ltr'><strong>τῶν</strong></span> <span class='ocrx_word' id='word_1_509' title='bbox 1701 3173 1790 3231; x_wconf 80' lang='grc' dir='ltr'><strong>ἄλλων</strong></span> <span class='ocrx_word' id='word_1_510' title='bbox 1804 3177 1861 3231; x_wconf 81' lang='grc' dir='ltr'><strong>τῶν</strong></span> 
     </span>
    </p>

    <p class='ocr_par' dir='ltr' id='par_1_5' title="bbox 246 3259 1862 4317">
     <span class='ocr_line' id='line_1_33' title="bbox 288 3259 1862 3346; baseline -0.003 -22"><span class='ocrx_word' id='word_1_511' title='bbox 288 3279 325 3321; x_wconf 81' lang='lat' dir='ltr'><strong>st.</strong></span> <span class='ocrx_word' id='word_1_512' title='bbox 340 3259 425 3318; x_wconf 70' lang='lat' dir='ltr'><strong>titis</strong></span> <span class='ocrx_word' id='word_1_513' title='bbox 442 3259 485 3318; x_wconf 77' lang='grc' dir='ltr'><strong>ἕπί</strong></span> <span class='ocrx_word' id='word_1_514' title='bbox 500 3267 545 3319; x_wconf 75' lang='grc' dir='ltr'><strong>τοῦ</strong></span> <span class='ocrx_word' id='word_1_515' title='bbox 559 3261 657 3322; x_wconf 75' lang='grc' dir='ltr'><strong>κύκλου</strong></span> <span class='ocrx_word' id='word_1_516' title='bbox 670 3261 716 3322; x_wconf 81' lang='grc' dir='ltr'><strong>καί</strong></span> <span class='ocrx_word' id='word_1_517' title='bbox 731 3262 775 3322; x_wconf 70' lang='lat' dir='ltr'><strong>tul</strong></span> <span class='ocrx_word' id='word_1_518' title='bbox 786 3265 833 3334; x_wconf 76' lang='grc' dir='ltr'><strong>τῆς</strong></span> <span class='ocrx_word' id='word_1_519' title='bbox 847 3263 970 3346; x_wconf 87' lang='grc' dir='ltr'><strong>σφαίρας,</strong></span> <span class='ocrx_word' id='word_1_520' title='bbox 984 3265 1029 3324; x_wconf 82' lang='grc' dir='ltr'><strong>καὶ</strong></span> <span class='ocrx_word' id='word_1_521' title='bbox 1074 3261 1099 3319; x_wconf 84' lang='grc' dir='ltr'><strong>ίν</strong></span> <span class='ocrx_word' id='word_1_522' title='bbox 1122 3265 1208 3326; x_wconf 85' lang='grc' dir='ltr'><strong>αὑτοῖς</strong></span> <span class='ocrx_word' id='word_1_523' title='bbox 1223 3260 1381 3337; x_wconf 87' lang='grc' dir='ltr'><strong>κινουμένων</strong></span> <span class='ocrx_word' id='word_1_524' title='bbox 1397 3259 1443 3318; x_wconf 83' lang='grc' dir='ltr'><strong>καί</strong></span> <span class='ocrx_word' id='word_1_525' title='bbox 1459 3259 1496 3336; x_wconf 89' lang='grc' dir='ltr'><strong>μή</strong></span> <span class='ocrx_word' id='word_1_526' title='bbox 1513 3259 1684 3337; x_wconf 78' lang='grc' dir='ltr'><strong>ἐξισταμένων</strong></span> <span class='ocrx_word' id='word_1_527' title='bbox 1697 3265 1744 3320; x_wconf 90' lang='grc' dir='ltr'><strong>τοῦ</strong></span> <span class='ocrx_word' id='word_1_528' title='bbox 1760 3265 1862 3320; x_wconf 74' lang='grc' dir='ltr'><strong>ἑαυτῶν</strong></span> 
     </span>
     <span class='ocr_line' id='line_1_34' title="bbox 246 3339 1861 3430; baseline 0.001 -24"><span class='ocrx_word' id='word_1_529' title='bbox 246 3345 313 3414; x_wconf 77' lang='grc' dir='ltr'><strong>δλως</strong></span> <span class='ocrx_word' id='word_1_530' title='bbox 323 3350 375 3405; x_wconf 83' lang='grc' dir='ltr'><strong>τῶν</strong></span> <span class='ocrx_word' id='word_1_531' title='bbox 391 3349 417 3406; x_wconf 82' lang='grc' dir='ltr'><strong>έν</strong></span> <span class='ocrx_word' id='word_1_532' title='bbox 433 3349 521 3416; x_wconf 78' lang='grc' dir='ltr'><strong>αὑτοῖς</strong></span> <span class='ocrx_word' id='word_1_533' title='bbox 534 3349 703 3428; x_wconf 85' lang='grc' dir='ltr'><strong>κινουμένων,</strong></span> <span class='ocrx_word' id='word_1_534' title='bbox 719 3351 759 3409; x_wconf 83' lang='grc' dir='ltr'><strong>ότι</strong></span> <span class='ocrx_word' id='word_1_535' title='bbox 778 3351 945 3427; x_wconf 84' lang='grc' dir='ltr'><strong>συμῦήσεται</strong></span> <span class='ocrx_word' id='word_1_536' title='bbox 962 3351 1028 3410; x_wconf 85' lang='grc' dir='ltr'><strong>αύτδι</strong></span> <span class='ocrx_word' id='word_1_537' title='bbox 1074 3346 1174 3423; x_wconf 85' lang='grc' dir='ltr'><strong>τόπου,</strong></span> <span class='ocrx_word' id='word_1_538' title='bbox 1189 3339 1237 3407; x_wconf 75' lang='grc' dir='ltr'><strong>οἷοι</strong></span> <span class='ocrx_word' id='word_1_539' title='bbox 1253 3348 1298 3407; x_wconf 85' lang='grc' dir='ltr'><strong>καί</strong></span> <span class='ocrx_word' id='word_1_540' title='bbox 1312 3351 1337 3407; x_wconf 83' lang='grc' dir='ltr'><strong>οἷ</strong></span> <span class='ocrx_word' id='word_1_541' title='bbox 1349 3345 1476 3426; x_wconf 79' lang='grc' dir='ltr'><strong>στρόμθοι</strong></span> <span class='ocrx_word' id='word_1_542' title='bbox 1489 3346 1549 3420; x_wconf 88' lang='grc' dir='ltr'><strong>ιίσί,</strong></span> <span class='ocrx_word' id='word_1_543' title='bbox 1564 3349 1609 3405; x_wconf 85' lang='grc' dir='ltr'><strong>καί</strong></span> <span class='ocrx_word' id='word_1_544' title='bbox 1624 3347 1649 3406; x_wconf 87' lang='grc' dir='ltr'><strong>εί</strong></span> <span class='ocrx_word' id='word_1_545' title='bbox 1661 3371 1687 3406; x_wconf 90' lang='grc' dir='ltr'><strong>τι</strong></span> <span class='ocrx_word' id='word_1_546' title='bbox 1704 3349 1771 3408; x_wconf 81' lang='grc' dir='ltr'><strong>ἀλλο</strong></span> <span class='ocrx_word' id='word_1_547' title='bbox 1786 3373 1861 3430; x_wconf 86' lang='grc' dir='ltr'><strong>περι·</strong></span> 
     </span>
     <span class='ocr_line' id='line_1_35' title="bbox 247 3433 1862 3519; baseline 0.014 -47"><span class='ocrx_word' id='word_1_548' title='bbox 247 3437 367 3515; x_wconf 43' lang='grc' dir='ltr'><strong>,γρῳεῑἉ</strong></span> <span class='ocrx_word' id='word_1_549' title='bbox 410 3433 1028 3519; x_wconf 42' lang='lat' dir='ltr'><strong>’Ewip1133&amp;sptdnwivomviimi</strong></span> <span class='ocrx_word' id='word_1_550' title='bbox 1075 3435 1192 3497; x_wconf 86' lang='grc' dir='ltr'><strong>διντῖται.</strong></span> <span class='ocrx_word' id='word_1_551' title='bbox 1235 3433 1337 3497; x_wconf 86' lang='grc' dir='ltr'><strong>Ἰστίον</strong></span> <span class='ocrx_word' id='word_1_552' title='bbox 1361 3434 1390 3494; x_wconf 82' lang='grc' dir='ltr'><strong>δέ</strong></span> <span class='ocrx_word' id='word_1_553' title='bbox 1402 3434 1441 3492; x_wconf 86' lang='grc' dir='ltr'><strong>ότι</strong></span> <span class='ocrx_word' id='word_1_554' title='bbox 1454 3439 1500 3494; x_wconf 85' lang='grc' dir='ltr'><strong>τοῦ</strong></span> <span class='ocrx_word' id='word_1_555' title='bbox 1524 3433 1719 3515; x_wconf 78' lang='grc' dir='ltr'><strong>Ἀριστοτέλους</strong></span> <span class='ocrx_word' id='word_1_556' title='bbox 1738 3436 1862 3503; x_wconf 80' lang='grc' dir='ltr'><strong>εἰπόντος</strong></span> 
     </span>
     <span class='ocr_line' id='line_1_36' title="bbox 247 3513 1861 3605; baseline -0.002 -21"><span class='ocrx_word' id='word_1_557' title='bbox 247 3523 293 3584; x_wconf 80' lang='grc' dir='ltr'><strong>καὶ</strong></span> <span class='ocrx_word' id='word_1_558' title='bbox 308 3527 375 3584; x_wconf 82' lang='grc' dir='ltr'><strong>αύτθ</strong></span> <span class='ocrx_word' id='word_1_559' title='bbox 391 3525 435 3582; x_wconf 82' lang='grc' dir='ltr'><strong>καί</strong></span> <span class='ocrx_word' id='word_1_560' title='bbox 455 3523 489 3582; x_wconf 80' lang='grc' dir='ltr'><strong>τδ</strong></span> <span class='ocrx_word' id='word_1_561' title='bbox 506 3523 584 3604; x_wconf 87' lang='grc' dir='ltr'><strong>μέρη,</strong></span> <span class='ocrx_word' id='word_1_562' title='bbox 602 3525 664 3586; x_wconf 76' lang='grc' dir='ltr'><strong>ὥστ’</strong></span> <span class='ocrx_word' id='word_1_563' title='bbox 678 3525 807 3605; x_wconf 88' lang='grc' dir='ltr'><strong>ἠρεμήτει</strong></span> <span class='ocrx_word' id='word_1_564' title='bbox 822 3525 879 3603; x_wconf 72' lang='grc' dir='ltr'><strong>ἅμα</strong></span> <span class='ocrx_word' id='word_1_565' title='bbox 891 3525 937 3584; x_wconf 85' lang='grc' dir='ltr'><strong>καί</strong></span> <span class='ocrx_word' id='word_1_566' title='bbox 951 3527 1027 3600; x_wconf 87' lang='grc' dir='ltr'><strong>κινή-</strong></span> <span class='ocrx_word' id='word_1_567' title='bbox 1075 3529 1112 3600; x_wconf 86' lang='grc' dir='ltr'><strong>μή</strong></span> <span class='ocrx_word' id='word_1_568' title='bbox 1126 3523 1174 3595; x_wconf 88' lang='grc' dir='ltr'><strong>τήν</strong></span> <span class='ocrx_word' id='word_1_569' title='bbox 1190 3524 1271 3595; x_wconf 83' lang='grc' dir='ltr'><strong>αύτήν</strong></span> <span class='ocrx_word' id='word_1_570' title='bbox 1287 3513 1354 3582; x_wconf 80' lang='grc' dir='ltr'><strong>είναι</strong></span> <span class='ocrx_word' id='word_1_571' title='bbox 1370 3523 1539 3605; x_wconf 89' lang='grc' dir='ltr'><strong>περιφέρειαν</strong></span> <span class='ocrx_word' id='word_1_572' title='bbox 1561 3527 1666 3604; x_wconf 80' lang='grc' dir='ltr'><strong>πρῶτον</strong></span> <span class='ocrx_word' id='word_1_573' title='bbox 1680 3523 1728 3596; x_wconf 83' lang='grc' dir='ltr'><strong>τήν</strong></span> <span class='ocrx_word' id='word_1_574' title='bbox 1744 3524 1800 3584; x_wconf 78' lang='grc' dir='ltr'><strong>ἀπδ</strong></span> <span class='ocrx_word' id='word_1_575' title='bbox 1815 3531 1861 3583; x_wconf 90' lang='grc' dir='ltr'><strong>τοῦ</strong></span> 
     </span>
     <span class='ocr_line' id='line_1_37' title="bbox 247 3610 1861 3697; baseline 0.002 -23"><span class='ocrx_word' id='word_1_576' title='bbox 247 3637 331 3674; x_wconf 89' lang='grc' dir='ltr'><strong>σεται.</strong></span> <span class='ocrx_word' id='word_1_577' title='bbox 375 3615 487 3692; x_wconf 83' lang='grc' dir='ltr'><strong>Πρῶτον</strong></span> <span class='ocrx_word' id='word_1_578' title='bbox 499 3613 546 3694; x_wconf 76' lang='grc' dir='ltr'><strong>μέν</strong></span> <span class='ocrx_word' id='word_1_579' title='bbox 555 3615 605 3695; x_wconf 82' lang='grc' dir='ltr'><strong>γθρ</strong></span> <span class='ocrx_word' id='word_1_580' title='bbox 616 3615 650 3674; x_wconf 88' lang='grc' dir='ltr'><strong>τδι</strong></span> <span class='ocrx_word' id='word_1_581' title='bbox 662 3616 728 3695; x_wconf 92' lang='grc' dir='ltr'><strong>μέρη</strong></span> <span class='ocrx_word' id='word_1_582' title='bbox 739 3617 788 3674; x_wconf 77' lang='grc' dir='ltr'><strong>οὐκ</strong></span> <span class='ocrx_word' id='word_1_583' title='bbox 800 3614 870 3675; x_wconf 75' lang='grc' dir='ltr'><strong>ἔστιν</strong></span> <span class='ocrx_word' id='word_1_584' title='bbox 878 3617 904 3673; x_wconf 82' lang='grc' dir='ltr'><strong>έν</strong></span> <span class='ocrx_word' id='word_1_585' title='bbox 912 3619 949 3695; x_wconf 82' lang='grc' dir='ltr'><strong>τῷ</strong></span> <span class='ocrx_word' id='word_1_586' title='bbox 958 3619 1028 3697; x_wconf 77' lang='grc' dir='ltr'><strong>αὐτῷ</strong></span> <span class='ocrx_word' id='word_1_587' title='bbox 1074 3613 1098 3673; x_wconf 81' lang='grc' dir='ltr'><strong>Α</strong></span> <span class='ocrx_word' id='word_1_588' title='bbox 1113 3610 1359 3691; x_wconf 80' lang='grc' dir='ltr'><strong>λαμύανσμένηντῇ</strong></span> <span class='ocrx_word' id='word_1_589' title='bbox 1372 3613 1481 3672; x_wconf 82' lang='grc' dir='ltr'><strong>ἀπὸτοῦ</strong></span> <span class='ocrx_word' id='word_1_590' title='bbox 1498 3615 1531 3689; x_wconf 85' lang='grc' dir='ltr'><strong>Β,</strong></span> <span class='ocrx_word' id='word_1_591' title='bbox 1548 3611 1718 3693; x_wconf 80' lang='grc' dir='ltr'><strong>θφιλαλήθητ</strong></span> <span class='ocrx_word' id='word_1_592' title='bbox 1733 3611 1861 3689; x_wconf 63' lang='grc' dir='ltr'><strong>Εὔδημος</strong></span> 
     </span>
     <span class='ocr_line' id='line_1_38' title="bbox 248 3691 1860 3783; baseline -0.003 -20"><span class='ocrx_word' id='word_1_593' title='bbox 248 3701 341 3764; x_wconf 86' lang='grc' dir='ltr'><strong>οίιθίνα</strong></span> <span class='ocrx_word' id='word_1_594' title='bbox 354 3702 465 3783; x_wconf 85' lang='grc' dir='ltr'><strong>χρόνον,</strong></span> <span class='ocrx_word' id='word_1_595' title='bbox 479 3693 537 3761; x_wconf 77' lang='grc' dir='ltr'><strong>εἶτα</strong></span> <span class='ocrx_word' id='word_1_596' title='bbox 553 3703 599 3763; x_wconf 82' lang='grc' dir='ltr'><strong>καί</strong></span> <span class='ocrx_word' id='word_1_597' title='bbox 627 3704 656 3763; x_wconf 86' lang='grc' dir='ltr'><strong>τδ</strong></span> <span class='ocrx_word' id='word_1_598' title='bbox 673 3703 733 3764; x_wconf 73' lang='grc' dir='ltr'><strong>θ’λον</strong></span> <span class='ocrx_word' id='word_1_599' title='bbox 751 3703 913 3781; x_wconf 79' lang='grc' dir='ltr'><strong>μιταύσίλλει</strong></span> <span class='ocrx_word' id='word_1_600' title='bbox 936 3705 976 3763; x_wconf 78' lang='grc' dir='ltr'><strong>ἀεὶ</strong></span> <span class='ocrx_word' id='word_1_601' title='bbox 993 3708 1028 3774; x_wconf 85' lang='grc' dir='ltr'><strong>εἷς</strong></span> <span class='ocrx_word' id='word_1_602' title='bbox 1073 3700 1182 3776; x_wconf 87' lang='grc' dir='ltr'><strong>πότερόν</strong></span> <span class='ocrx_word' id='word_1_603' title='bbox 1199 3725 1262 3782; x_wconf 88' lang='grc' dir='ltr'><strong>φησι</strong></span> <span class='ocrx_word' id='word_1_604' title='bbox 1275 3701 1322 3772; x_wconf 84' lang='grc' dir='ltr'><strong>τὴν</strong></span> <span class='ocrx_word' id='word_1_605' title='bbox 1335 3701 1417 3772; x_wconf 85' lang='grc' dir='ltr'><strong>αύτήν</strong></span> <span class='ocrx_word' id='word_1_606' title='bbox 1433 3702 1527 3782; x_wconf 87' lang='grc' dir='ltr'><strong>φατέον</strong></span> <span class='ocrx_word' id='word_1_607' title='bbox 1543 3691 1610 3760; x_wconf 78' lang='grc' dir='ltr'><strong>εἶναι</strong></span> <span class='ocrx_word' id='word_1_608' title='bbox 1622 3703 1798 3782; x_wconf 87' lang='grc' dir='ltr'><strong>περιφέρειαν</strong></span> <span class='ocrx_word' id='word_1_609' title='bbox 1811 3702 1860 3772; x_wconf 90' lang='grc' dir='ltr'><strong>τήν</strong></span> 
     </span>
     <span class='ocr_line' id='line_1_39' title="bbox 246 3788 1797 3872; baseline 0.005 -22"><span class='ocrx_word' id='word_1_610' title='bbox 246 3790 346 3872; x_wconf 72' lang='grc' dir='ltr'><strong>ἕτερον·</strong></span> <span class='ocrx_word' id='word_1_611' title='bbox 359 3793 388 3850; x_wconf 88' lang='grc' dir='ltr'><strong>ού</strong></span> <span class='ocrx_word' id='word_1_612' title='bbox 408 3791 460 3872; x_wconf 89' lang='grc' dir='ltr'><strong>γδιρ</strong></span> <span class='ocrx_word' id='word_1_613' title='bbox 481 3797 497 3866; x_wconf 82' lang='grc' dir='ltr'><strong>ἠ</strong></span> <span class='ocrx_word' id='word_1_614' title='bbox 523 3791 589 3866; x_wconf 87' lang='grc' dir='ltr'><strong>αιίτή</strong></span> <span class='ocrx_word' id='word_1_615' title='bbox 606 3795 675 3852; x_wconf 78' lang='grc' dir='ltr'><strong>ἔστιν</strong></span> <span class='ocrx_word' id='word_1_616' title='bbox 692 3797 709 3865; x_wconf 87' lang='grc' dir='ltr'><strong>ἠ</strong></span> <span class='ocrx_word' id='word_1_617' title='bbox 727 3792 780 3850; x_wconf 79' lang='grc' dir='ltr'><strong>ἀπὸ</strong></span> <span class='ocrx_word' id='word_1_618' title='bbox 793 3797 839 3852; x_wconf 87' lang='grc' dir='ltr'><strong>τοῦ</strong></span> <span class='ocrx_word' id='word_1_619' title='bbox 852 3798 877 3851; x_wconf 85' lang='grc' dir='ltr'><strong>Α</strong></span> <span class='ocrx_word' id='word_1_620' title='bbox 892 3794 1028 3870; x_wconf 80' lang='grc' dir='ltr'><strong>λαμόανο-</strong></span> <span class='ocrx_word' id='word_1_621' title='bbox 1074 3791 1137 3863; x_wconf 75' lang='grc' dir='ltr'><strong>ίλην</strong></span> <span class='ocrx_word' id='word_1_622' title='bbox 1148 3793 1286 3850; x_wconf 78' lang='grc' dir='ltr'><strong>ὁποθενοῦν</strong></span> <span class='ocrx_word' id='word_1_623' title='bbox 1301 3788 1448 3868; x_wconf 67' lang='grc' dir='ltr'><strong>ἀρξαμένην</strong></span> <span class='ocrx_word' id='word_1_624' title='bbox 1460 3789 1576 3867; x_wconf 55' lang='lat' dir='ltr'><strong>litim</strong></span> <span class='ocrx_word' id='word_1_625' title='bbox 1591 3789 1646 3868; x_wconf 71' lang='grc' dir='ltr'><strong>ἕχῑῑ</strong></span> <span class='ocrx_word' id='word_1_626' title='bbox 1664 3789 1797 3866; x_wconf 59' lang='lat' dir='ltr'><strong>(immi-l</strong></span> 
     </span>
     <span class='ocr_line' id='line_1_40' title="bbox 249 3875 1860 3962; baseline -0.001 -24"><span class='ocrx_word' id='word_1_627' title='bbox 249 3881 315 3957; x_wconf 90' lang='grc' dir='ltr'><strong>μένη</strong></span> <span class='ocrx_word' id='word_1_628' title='bbox 328 3881 482 3962; x_wconf 85' lang='grc' dir='ltr'><strong>περιφέρεια</strong></span> <span class='ocrx_word' id='word_1_629' title='bbox 500 3880 573 3953; x_wconf 77' lang='grc' dir='ltr'><strong>καλή</strong></span> <span class='ocrx_word' id='word_1_630' title='bbox 593 3880 646 3942; x_wconf 86' lang='grc' dir='ltr'><strong>ἀπθ</strong></span> <span class='ocrx_word' id='word_1_631' title='bbox 660 3887 705 3942; x_wconf 84' lang='grc' dir='ltr'><strong>τοῦ</strong></span> <span class='ocrx_word' id='word_1_632' title='bbox 720 3885 743 3942; x_wconf 85' lang='grc' dir='ltr'><strong>Β</strong></span> <span class='ocrx_word' id='word_1_633' title='bbox 757 3881 860 3942; x_wconf 79' lang='grc' dir='ltr'><strong>καὶτοῦ</strong></span> <span class='ocrx_word' id='word_1_634' title='bbox 875 3885 897 3942; x_wconf 89' lang='grc' dir='ltr'><strong>Γ</strong></span> <span class='ocrx_word' id='word_1_635' title='bbox 911 3882 956 3940; x_wconf 83' lang='grc' dir='ltr'><strong>καί</strong></span> <span class='ocrx_word' id='word_1_636' title='bbox 976 3885 1027 3940; x_wconf 81' lang='grc' dir='ltr'><strong>τῶν</strong></span> <span class='ocrx_word' id='word_1_637' title='bbox 1114 3899 1154 3940; x_wconf 79' lang='lat'><strong>70.</strong></span> <span class='ocrx_word' id='word_1_638' title='bbox 1167 3877 1267 3940; x_wconf 87' lang='grc' dir='ltr'><strong>Ἰστέον</strong></span> <span class='ocrx_word' id='word_1_639' title='bbox 1283 3877 1310 3936; x_wconf 78' lang='lat' dir='ltr'><strong>it</strong></span> <span class='ocrx_word' id='word_1_640' title='bbox 1324 3877 1364 3937; x_wconf 81' lang='grc' dir='ltr'><strong>δτι</strong></span> <span class='ocrx_word' id='word_1_641' title='bbox 1378 3881 1430 3937; x_wconf 85' lang='grc' dir='ltr'><strong>τῶν</strong></span> <span class='ocrx_word' id='word_1_642' title='bbox 1445 3880 1470 3936; x_wconf 84' lang='grc' dir='ltr'><strong>έν</strong></span> <span class='ocrx_word' id='word_1_643' title='bbox 1487 3879 1524 3958; x_wconf 82' lang='grc' dir='ltr'><strong>τῷ</strong></span> <span class='ocrx_word' id='word_1_644' title='bbox 1536 3875 1641 3958; x_wconf 81' lang='grc' dir='ltr'><strong>ἑῦδόμιμ</strong></span> <span class='ocrx_word' id='word_1_645' title='bbox 1660 3878 1746 3958; x_wconf 84' lang='grc' dir='ltr'><strong>τούτῳ</strong></span> <span class='ocrx_word' id='word_1_646' title='bbox 1764 3877 1860 3958; x_wconf 79' lang='grc' dir='ltr'><strong>βιόλίῳ</strong></span> 
     </span>
     <span class='ocr_line' id='line_1_41' title="bbox 249 3965 1860 4050; baseline -0.002 -23"><span class='ocrx_word' id='word_1_647' title='bbox 249 3968 334 4028; x_wconf 83' lang='grc' dir='ltr'><strong>ἄλλων</strong></span> <span class='ocrx_word' id='word_1_648' title='bbox 350 3970 462 4028; x_wconf 84' lang='grc' dir='ltr'><strong>ίκοίστου</strong></span> <span class='ocrx_word' id='word_1_649' title='bbox 478 3970 604 4047; x_wconf 84' lang='grc' dir='ltr'><strong>σημείων,</strong></span> <span class='ocrx_word' id='word_1_650' title='bbox 617 3971 686 4042; x_wconf 88' lang='grc' dir='ltr'><strong>πλήν</strong></span> <span class='ocrx_word' id='word_1_651' title='bbox 707 3975 742 4038; x_wconf 82' lang='grc' dir='ltr'><strong>ὡς</strong></span> <span class='ocrx_word' id='word_1_652' title='bbox 756 3974 770 4028; x_wconf 86' lang='grc' dir='ltr'>ὁ</span> <span class='ocrx_word' id='word_1_653' title='bbox 785 3971 909 4048; x_wconf 87' lang='grc' dir='ltr'><strong>μουσικὸς</strong></span> <span class='ocrx_word' id='word_1_654' title='bbox 927 3970 1027 4050; x_wconf 82' lang='grc' dir='ltr'><strong>ἀνθρω-</strong></span> <span class='ocrx_word' id='word_1_655' title='bbox 1074 3967 1199 4044; x_wconf 84' lang='grc' dir='ltr'><strong>κειμένων</strong></span> <span class='ocrx_word' id='word_1_656' title='bbox 1211 3965 1409 4046; x_wconf 81' lang='grc' dir='ltr'><strong>προύλημότοιν</strong></span> <span class='ocrx_word' id='word_1_657' title='bbox 1432 3965 1466 4026; x_wconf 86' lang='grc' dir='ltr'><strong>τδι</strong></span> <span class='ocrx_word' id='word_1_658' title='bbox 1487 3965 1632 4044; x_wconf 75' lang='grc' dir='ltr'><strong>κυριώτερα</strong></span> <span class='ocrx_word' id='word_1_659' title='bbox 1648 3965 1693 4024; x_wconf 83' lang='grc' dir='ltr'><strong>καί</strong></span> <span class='ocrx_word' id='word_1_660' title='bbox 1715 3967 1784 4046; x_wconf 77' lang='grc' dir='ltr'><strong>πρὸς</strong></span> <span class='ocrx_word' id='word_1_661' title='bbox 1808 3967 1860 4036; x_wconf 88' lang='grc' dir='ltr'><strong>τήν</strong></span> 
     </span>
     <span class='ocr_line' id='line_1_42' title="bbox 248 4051 1859 4136; baseline -0.003 -22"><span class='ocrx_word' id='word_1_662' title='bbox 248 4057 351 4122; x_wconf 81' lang='grc' dir='ltr'><strong>ποςκαί</strong></span> <span class='ocrx_word' id='word_1_663' title='bbox 365 4058 511 4135; x_wconf 81' lang='grc' dir='ltr'><strong>ἄνθρωπος,</strong></span> <span class='ocrx_word' id='word_1_664' title='bbox 524 4058 564 4116; x_wconf 79' lang='grc' dir='ltr'><strong>ὅτι</strong></span> <span class='ocrx_word' id='word_1_665' title='bbox 578 4059 753 4136; x_wconf 77' lang='grc' dir='ltr'><strong>ουμόέύηκεν.</strong></span> <span class='ocrx_word' id='word_1_666' title='bbox 795 4057 884 4120; x_wconf 79' lang='grc' dir='ltr'><strong>Ὥστε</strong></span> <span class='ocrx_word' id='word_1_667' title='bbox 895 4059 1028 4134; x_wconf 77' lang='grc' dir='ltr'><strong>μεταόοίλ·</strong></span> <span class='ocrx_word' id='word_1_668' title='bbox 1074 4053 1249 4135; x_wconf 87' lang='grc' dir='ltr'><strong>προκειμένην</strong></span> <span class='ocrx_word' id='word_1_669' title='bbox 1281 4052 1467 4136; x_wconf 89' lang='grc' dir='ltr'><strong>πραγματείαν</strong></span> <span class='ocrx_word' id='word_1_670' title='bbox 1496 4051 1639 4130; x_wconf 80' lang='grc' dir='ltr'><strong>οἰκειότερα</strong></span> <span class='ocrx_word' id='word_1_671' title='bbox 1661 4054 1688 4112; x_wconf 79' lang='grc' dir='ltr'><strong>έν</strong></span> <span class='ocrx_word' id='word_1_672' title='bbox 1711 4055 1751 4130; x_wconf 78' lang='grc' dir='ltr'><strong>τῷ</strong></span> <span class='ocrx_word' id='word_1_673' title='bbox 1789 4051 1859 4129; x_wconf 65' lang='grc' dir='ltr'><strong>μετὰ</strong></span> 
     </span>
     <span class='ocr_line' id='line_1_43' title="bbox 248 4137 1861 4228; baseline -0.001 -29"><span class='ocrx_word' id='word_1_674' title='bbox 248 4143 288 4200; x_wconf 94' lang='grc' dir='ltr'><strong>λει</strong></span> <span class='ocrx_word' id='word_1_675' title='bbox 302 4143 460 4222; x_wconf 78' lang='grc' dir='ltr'><strong>ἀελήἑτέρα</strong></span> <span class='ocrx_word' id='word_1_676' title='bbox 474 4147 510 4212; x_wconf 82' lang='grc' dir='ltr'><strong>εἰς</strong></span> <span class='ocrx_word' id='word_1_677' title='bbox 521 4147 569 4218; x_wconf 82' lang='grc' dir='ltr'><strong>τήν</strong></span> <span class='ocrx_word' id='word_1_678' title='bbox 584 4146 684 4227; x_wconf 82' lang='grc' dir='ltr'><strong>ἑτέραν,</strong></span> <span class='ocrx_word' id='word_1_679' title='bbox 696 4146 741 4206; x_wconf 86' lang='grc' dir='ltr'><strong>καί</strong></span> <span class='ocrx_word' id='word_1_680' title='bbox 751 4148 875 4207; x_wconf 84' lang='grc' dir='ltr'><strong>οὐδέποτε</strong></span> <span class='ocrx_word' id='word_1_681' title='bbox 888 4147 1026 4228; x_wconf 81' lang='grc' dir='ltr'><strong>ἠρεμήσαι.</strong></span> <span class='ocrx_word' id='word_1_682' title='bbox 1074 4149 1151 4203; x_wconf 88' lang='grc' dir='ltr'><strong>τοῦτο</strong></span> <span class='ocrx_word' id='word_1_683' title='bbox 1175 4143 1322 4224; x_wconf 76' lang='grc' dir='ltr'><strong>βιῦλίιρτῷ</strong></span> <span class='ocrx_word' id='word_1_684' title='bbox 1349 4139 1491 4220; x_wconf 85' lang='grc' dir='ltr'><strong>τελευταίῳ</strong></span> <span class='ocrx_word' id='word_1_685' title='bbox 1513 4144 1560 4212; x_wconf 77' lang='grc' dir='ltr'><strong>τῆς</strong></span> <span class='ocrx_word' id='word_1_686' title='bbox 1588 4137 1651 4213; x_wconf 72' lang='grc' dir='ltr'><strong>ὅλης</strong></span> <span class='ocrx_word' id='word_1_687' title='bbox 1672 4141 1861 4220; x_wconf 82' lang='grc' dir='ltr'><strong>πραγματείας</strong></span> 
     </span>
     <span class='ocr_line' id='line_1_44' title="bbox 249 4229 1861 4317; baseline -0.002 -27"><span class='ocrx_word' id='word_1_688' title='bbox 249 4229 302 4290; x_wconf 85' lang='grc' dir='ltr'><strong>Τθν</strong></span> <span class='ocrx_word' id='word_1_689' title='bbox 327 4229 404 4288; x_wconf 86' lang='grc' dir='ltr'><strong>αύτδν</strong></span> <span class='ocrx_word' id='word_1_690' title='bbox 433 4231 460 4289; x_wconf 79' lang='grc' dir='ltr'><strong>δὲ</strong></span> <span class='ocrx_word' id='word_1_691' title='bbox 481 4232 637 4312; x_wconf 83' lang='grc' dir='ltr'><strong>τρόπονκαὶ</strong></span> <span class='ocrx_word' id='word_1_692' title='bbox 655 4235 698 4294; x_wconf 81' lang='grc' dir='ltr'><strong>ἐπί</strong></span> <span class='ocrx_word' id='word_1_693' title='bbox 715 4241 761 4308; x_wconf 81' lang='grc' dir='ltr'><strong>τῆς</strong></span> <span class='ocrx_word' id='word_1_694' title='bbox 789 4235 900 4317; x_wconf 84' lang='grc' dir='ltr'><strong>σφαίρας</strong></span> <span class='ocrx_word' id='word_1_695' title='bbox 914 4235 959 4296; x_wconf 82' lang='grc' dir='ltr'><strong>καί</strong></span> <span class='ocrx_word' id='word_1_696' title='bbox 986 4234 1029 4296; x_wconf 67' lang='lat' dir='ltr'><strong>ini</strong></span> <span class='ocrx_word' id='word_1_697' title='bbox 1074 4242 1160 4292; x_wconf 86' lang='grc' dir='ltr'><strong>κεῖται</strong></span> <span class='ocrx_word' id='word_1_698' title='bbox 1188 4231 1256 4309; x_wconf 86' lang='grc' dir='ltr'><strong>μετδι</strong></span> <span class='ocrx_word' id='word_1_699' title='bbox 1288 4229 1444 4299; x_wconf 80' lang='grc' dir='ltr'><strong>ἀποδείξεων</strong></span> <span class='ocrx_word' id='word_1_700' title='bbox 1470 4229 1682 4310; x_wconf 83' lang='grc' dir='ltr'><strong>ἀσφαλεστέρων.</strong></span> <span class='ocrx_word' id='word_1_701' title='bbox 1725 4231 1775 4290; x_wconf 84' lang='grc' dir='ltr'><strong>Διδ</strong></span> <span class='ocrx_word' id='word_1_702' title='bbox 1813 4230 1861 4286; x_wconf 81' lang='grc' dir='ltr'><strong>καὶ</strong></span> 
     </span>
    </p>
   </div>
   <div class='ocr_carea' id='block_1_5' title="bbox 248 4313 1970 4399">
    <p class='ocr_par' dir='ltr' id='par_1_6' title="bbox 248 4313 1970 4399">
     <span class='ocr_line' id='line_1_45' title="bbox 248 4313 1970 4399; baseline 0 -24"><span class='ocrx_word' id='word_1_703' title='bbox 248 4320 300 4375; x_wconf 81' lang='grc' dir='ltr'><strong>τῶν</strong></span> <span class='ocrx_word' id='word_1_704' title='bbox 320 4316 406 4376; x_wconf 79' lang='grc' dir='ltr'><strong>ἄλλων</strong></span> <span class='ocrx_word' id='word_1_705' title='bbox 420 4321 472 4377; x_wconf 81' lang='grc' dir='ltr'><strong>τῶν</strong></span> <span class='ocrx_word' id='word_1_706' title='bbox 485 4321 512 4378; x_wconf 88' lang='grc' dir='ltr'><strong>έν</strong></span> <span class='ocrx_word' id='word_1_707' title='bbox 525 4325 610 4388; x_wconf 81' lang='grc' dir='ltr'><strong>αὑτοῖς</strong></span> <span class='ocrx_word' id='word_1_708' title='bbox 625 4323 795 4399; x_wconf 89' lang='grc' dir='ltr'><strong>κινουμένων.</strong></span> <span class='ocrx_word' id='word_1_709' title='bbox 1075 4318 1216 4399; x_wconf 86' lang='grc' dir='ltr'><strong>παρέλκειν</strong></span> <span class='ocrx_word' id='word_1_710' title='bbox 1228 4315 1300 4387; x_wconf 78' lang='grc' dir='ltr'><strong>ίδοξέ</strong></span> <span class='ocrx_word' id='word_1_711' title='bbox 1321 4339 1374 4376; x_wconf 91' lang='grc' dir='ltr'><strong>τισι</strong></span> <span class='ocrx_word' id='word_1_712' title='bbox 1388 4321 1464 4376; x_wconf 83' lang='grc' dir='ltr'><strong>τοῦτο</strong></span> <span class='ocrx_word' id='word_1_713' title='bbox 1482 4316 1512 4376; x_wconf 88' lang='grc' dir='ltr'><strong>τδ</strong></span> <span class='ocrx_word' id='word_1_714' title='bbox 1529 4313 1631 4396; x_wconf 83' lang='grc' dir='ltr'><strong>βιῦλίον</strong></span> <span class='ocrx_word' id='word_1_715' title='bbox 1646 4319 1673 4376; x_wconf 81' lang='grc' dir='ltr'><strong>ἐν</strong></span> <span class='ocrx_word' id='word_1_716' title='bbox 1684 4318 1717 4394; x_wconf 78' lang='grc' dir='ltr'><strong>τῇ</strong></span> <span class='ocrx_word' id='word_1_717' title='bbox 1731 4339 1862 4396; x_wconf 82' lang='grc' dir='ltr'><strong>πραγμα·</strong></span> <span class='ocrx_word' id='word_1_718' title='bbox 1969 4321 1970 4326; x_wconf 71' lang='grc'>’</span> 
     </span>
    </p>
   </div>
   <div class='ocr_carea' id='block_1_6' title="bbox 248 4535 1970 4604">
    <p class='ocr_par' dir='ltr' id='par_1_7' title="bbox 248 4535 1970 4604">
     <span class='ocr_line' id='line_1_46' title="bbox 248 4535 1970 4604; baseline 0 -16"><span class='ocrx_word' id='word_1_719' title='bbox 248 4535 352 4588; x_wconf 83' lang='lat' dir='ltr'><strong>molium</strong></span> <span class='ocrx_word' id='word_1_720' title='bbox 375 4541 457 4602; x_wconf 82' lang='lat' dir='ltr'><strong>mota,</strong></span> <span class='ocrx_word' id='word_1_721' title='bbox 487 4542 581 4604; x_wconf 82' lang='lat' dir='ltr'><strong>quanto</strong></span> <span class='ocrx_word' id='word_1_722' title='bbox 601 4539 710 4602; x_wconf 83' lang='lat' dir='ltr'><strong>singulas</strong></span> <span class='ocrx_word' id='word_1_723' title='bbox 732 4539 810 4591; x_wconf 77' lang='lat' dir='ltr'><strong>moles</strong></span> <span class='ocrx_word' id='word_1_724' title='bbox 829 4543 851 4591; x_wconf 82' lang='grc' dir='ltr'><strong>Α</strong></span> <span class='ocrx_word' id='word_1_725' title='bbox 869 4541 981 4604; x_wconf 82' lang='lat' dir='ltr'><strong>transiit,</strong></span> <span class='ocrx_word' id='word_1_726' title='bbox 1000 4545 1030 4592; x_wconf 88' lang='lat' dir='ltr'><strong>ut</strong></span> <span class='ocrx_word' id='word_1_727' title='bbox 1073 4545 1154 4592; x_wconf 89' lang='lat' dir='ltr'><strong>totum</strong></span> <span class='ocrx_word' id='word_1_728' title='bbox 1167 4539 1242 4592; x_wconf 81' lang='lat' dir='ltr'><strong>etiam</strong></span> <span class='ocrx_word' id='word_1_729' title='bbox 1262 4553 1358 4604; x_wconf 82' lang='lat' dir='ltr'>semper</span> <span class='ocrx_word' id='word_1_730' title='bbox 1374 4539 1401 4590; x_wconf 90' lang='lat' dir='ltr'><strong>iu</strong></span> <span class='ocrx_word' id='word_1_731' title='bbox 1413 4537 1482 4590; x_wconf 87' lang='lat' dir='ltr'><strong>aliud</strong></span> <span class='ocrx_word' id='word_1_732' title='bbox 1494 4537 1584 4589; x_wconf 75' lang='lat' dir='ltr'><strong>transit</strong></span> <span class='ocrx_word' id='word_1_733' title='bbox 1598 4553 1605 4588; x_wconf 76' lang='grc' dir='ltr'><strong>ε</strong></span> <span class='ocrx_word' id='word_1_734' title='bbox 1621 4551 1670 4589; x_wconf 86' lang='lat' dir='ltr'><strong>uon</strong></span> <span class='ocrx_word' id='word_1_735' title='bbox 1686 4537 1753 4588; x_wconf 85' lang='lat' dir='ltr'><strong>cuim</strong></span> <span class='ocrx_word' id='word_1_736' title='bbox 1770 4535 1859 4589; x_wconf 79' lang='lat' dir='ltr'><strong>ssrlsm</strong></span> <span class='ocrx_word' id='word_1_737' title='bbox 1969 4589 1970 4594; x_wconf 67' lang='grc'><strong>,</strong></span> 
     </span>
    </p>
   </div>
   <div class='ocr_carea' id='block_1_7' title="bbox 248 4626 1861 4695">
    <p class='ocr_par' dir='ltr' id='par_1_8' title="bbox 248 4626 1861 4695">
     <span class='ocr_line' id='line_1_47' title="bbox 248 4626 1861 4695; baseline -0.002 -16"><span class='ocrx_word' id='word_1_738' title='bbox 248 4626 322 4691; x_wconf 81' lang='lat' dir='ltr'><strong>dicit,</strong></span> <span class='ocrx_word' id='word_1_739' title='bbox 343 4630 474 4694; x_wconf 74' lang='lat' dir='ltr'><strong>propterca</strong></span> <span class='ocrx_word' id='word_1_740' title='bbox 494 4627 561 4692; x_wconf 85' lang='lat' dir='ltr'><strong>quou</strong></span> <span class='ocrx_word' id='word_1_741' title='bbox 583 4631 690 4693; x_wconf 80' lang='lat' dir='ltr'><strong>utraque</strong></span> <span class='ocrx_word' id='word_1_742' title='bbox 705 4628 795 4695; x_wconf 75' lang='lat' dir='ltr'><strong>uquali</strong></span> <span class='ocrx_word' id='word_1_743' title='bbox 811 4631 923 4694; x_wconf 74' lang='lat' dir='ltr'><strong>tempore</strong></span> <span class='ocrx_word' id='word_1_744' title='bbox 947 4643 992 4694; x_wconf 85' lang='lat' dir='ltr'><strong>per</strong></span> <span class='ocrx_word' id='word_1_745' title='bbox 1009 4631 1029 4680; x_wconf 74' lang='lat' dir='ltr'>A</span> <span class='ocrx_word' id='word_1_746' title='bbox 1073 4629 1271 4682; x_wconf 78' lang='lat' dir='ltr'><strong>circumferentia</strong></span> <span class='ocrx_word' id='word_1_747' title='bbox 1285 4631 1336 4691; x_wconf 80' lang='lat' dir='ltr'><strong>cst,</strong></span> <span class='ocrx_word' id='word_1_748' title='bbox 1346 4643 1404 4694; x_wconf 75' lang='grc' dir='ltr'><strong>ηοω</strong></span> <span class='ocrx_word' id='word_1_749' title='bbox 1423 4628 1456 4679; x_wconf 80' lang='grc' dir='ltr'><strong>αθ</strong></span> <span class='ocrx_word' id='word_1_750' title='bbox 1478 4629 1498 4677; x_wconf 79' lang='grc' dir='ltr'><strong>Α</strong></span> <span class='ocrx_word' id='word_1_751' title='bbox 1512 4631 1538 4678; x_wconf 87' lang='lat' dir='ltr'><strong>et</strong></span> <span class='ocrx_word' id='word_1_752' title='bbox 1551 4629 1571 4678; x_wconf 85' lang='lat' dir='ltr'><strong>B</strong></span> <span class='ocrx_word' id='word_1_753' title='bbox 1583 4629 1610 4679; x_wconf 86' lang='lat' dir='ltr'><strong>et</strong></span> <span class='ocrx_word' id='word_1_754' title='bbox 1624 4629 1861 4692; x_wconf 75' lang='lat' dir='ltr'><strong>Gcmtemmmque</strong></span> 
     </span>
    </p>
   </div>
   <div class='ocr_carea' id='block_1_8' title="bbox 246 4715 1970 4785">
    <p class='ocr_par' dir='ltr' id='par_1_9' title="bbox 246 4715 1970 4785">
     <span class='ocr_line' id='line_1_48' title="bbox 246 4715 1970 4785; baseline 0.004 -22"><span class='ocrx_word' id='word_1_755' title='bbox 246 4717 326 4768; x_wconf 76' lang='lat' dir='ltr'><strong>molus</strong></span> <span class='ocrx_word' id='word_1_756' title='bbox 339 4721 378 4770; x_wconf 80' lang='lat' dir='ltr'><strong>cst</strong></span> <span class='ocrx_word' id='word_1_757' title='bbox 391 4721 467 4768; x_wconf 80' lang='lat' dir='ltr'><strong>mota.</strong></span> <span class='ocrx_word' id='word_1_758' title='bbox 483 4716 643 4780; x_wconf 79' lang='lat' dir='ltr'><strong>uatioigimr</strong></span> <span class='ocrx_word' id='word_1_759' title='bbox 658 4717 712 4769; x_wconf 70' lang='lat' dir='ltr'><strong>huc</strong></span> <span class='ocrx_word' id='word_1_760' title='bbox 726 4720 772 4770; x_wconf 84' lang='lat' dir='ltr'><strong>est.</strong></span> <span class='ocrx_word' id='word_1_761' title='bbox 785 4717 882 4770; x_wconf 78' lang='lat' dir='ltr'><strong>Accidit</strong></span> <span class='ocrx_word' id='word_1_762' title='bbox 897 4721 981 4769; x_wconf 83' lang='lat' dir='ltr'><strong>autem</strong></span> <span class='ocrx_word' id='word_1_763' title='bbox 996 4717 1029 4768; x_wconf 86' lang='lat' dir='ltr'><strong>ob</strong></span> <span class='ocrx_word' id='word_1_764' title='bbox 1073 4719 1186 4785; x_wconf 81' lang='lat' dir='ltr'><strong>quolibet</strong></span> <span class='ocrx_word' id='word_1_765' title='bbox 1198 4721 1291 4784; x_wconf 81' lang='lat' dir='ltr'><strong>punctu</strong></span> <span class='ocrx_word' id='word_1_766' title='bbox 1306 4719 1422 4779; x_wconf 80' lang='lat' dir='ltr'><strong>sumitur,</strong></span> <span class='ocrx_word' id='word_1_767' title='bbox 1444 4717 1492 4768; x_wconf 88' lang='lat' dir='ltr'><strong>uisi</strong></span> <span class='ocrx_word' id='word_1_768' title='bbox 1514 4719 1543 4766; x_wconf 88' lang='lat' dir='ltr'><strong>ut</strong></span> <span class='ocrx_word' id='word_1_769' title='bbox 1562 4716 1675 4768; x_wconf 81' lang='lat' dir='ltr'><strong>musicus</strong></span> <span class='ocrx_word' id='word_1_770' title='bbox 1688 4717 1764 4766; x_wconf 85' lang='lat' dir='ltr'><strong>humo</strong></span> <span class='ocrx_word' id='word_1_771' title='bbox 1782 4715 1859 4766; x_wconf 73' lang='lat' dir='ltr'><strong>ettam</strong></span> <span class='ocrx_word' id='word_1_772' title='bbox 1969 4767 1970 4770; x_wconf 74' lang='grc'><strong>,</strong></span> 
     </span>
    </p>
   </div>
   <div class='ocr_carea' id='block_1_9' title="bbox 249 4804 1860 5322">
    <p class='ocr_par' dir='ltr' id='par_1_10' title="bbox 249 4804 1860 5322">
     <span class='ocr_line' id='line_1_49' title="bbox 249 4804 1860 4873; baseline -0.002 -14"><span class='ocrx_word' id='word_1_773' title='bbox 249 4809 273 4860; x_wconf 81' lang='lat' dir='ltr'><strong>id</strong></span> <span class='ocrx_word' id='word_1_774' title='bbox 285 4805 355 4873; x_wconf 75' lang='lat' dir='ltr'><strong>qum</strong></span> <span class='ocrx_word' id='word_1_775' title='bbox 368 4805 491 4866; x_wconf 80' lang='lat' dir='ltr'><strong>diximus,</strong></span> <span class='ocrx_word' id='word_1_776' title='bbox 508 4810 538 4857; x_wconf 92' lang='lat' dir='ltr'><strong>ut</strong></span> <span class='ocrx_word' id='word_1_777' title='bbox 548 4805 648 4858; x_wconf 80' lang='lat' dir='ltr'><strong>fallacia</strong></span> <span class='ocrx_word' id='word_1_778' title='bbox 661 4806 701 4858; x_wconf 82' lang='lat' dir='ltr'><strong>sit.</strong></span> <span class='ocrx_word' id='word_1_779' title='bbox 1073 4809 1148 4860; x_wconf 83' lang='lat' dir='ltr'><strong>homo</strong></span> <span class='ocrx_word' id='word_1_780' title='bbox 1159 4811 1213 4870; x_wconf 79' lang='grc' dir='ltr'><strong>εει,</strong></span> <span class='ocrx_word' id='word_1_781' title='bbox 1226 4807 1286 4873; x_wconf 83' lang='lat' dir='ltr'><strong>quis</strong></span> <span class='ocrx_word' id='word_1_782' title='bbox 1299 4807 1326 4858; x_wconf 87' lang='lat' dir='ltr'><strong>id</strong></span> <span class='ocrx_word' id='word_1_783' title='bbox 1339 4807 1438 4858; x_wconf 84' lang='lat' dir='ltr'><strong>accidit.</strong></span> <span class='ocrx_word' id='word_1_784' title='bbox 1459 4809 1547 4872; x_wconf 76' lang='lat' dir='ltr'><strong>Itaque</strong></span> <span class='ocrx_word' id='word_1_785' title='bbox 1562 4805 1589 4856; x_wconf 90' lang='lat' dir='ltr'><strong>in</strong></span> <span class='ocrx_word' id='word_1_786' title='bbox 1602 4804 1676 4857; x_wconf 75' lang='lat' dir='ltr'><strong>sliam</strong></span> <span class='ocrx_word' id='word_1_787' title='bbox 1692 4804 1743 4855; x_wconf 79' lang='lat' dir='ltr'><strong>rtis</strong></span> <span class='ocrx_word' id='word_1_788' title='bbox 1757 4817 1860 4870; x_wconf 78' lang='lat' dir='ltr'><strong>suuper</strong></span> 
     </span>
     <span class='ocr_line' id='line_1_50' title="bbox 277 4891 1860 4962; baseline -0.004 -14"><span class='ocrx_word' id='word_1_789' title='bbox 277 4901 319 4948; x_wconf 77' lang='grc' dir='ltr'><strong>σθ.</strong></span> <span class='ocrx_word' id='word_1_790' title='bbox 336 4897 366 4948; x_wconf 91' lang='lat' dir='ltr'><strong>ln</strong></span> <span class='ocrx_word' id='word_1_791' title='bbox 383 4897 476 4948; x_wconf 82' lang='lat' dir='ltr'><strong>circuio</strong></span> <span class='ocrx_word' id='word_1_792' title='bbox 501 4911 589 4948; x_wconf 86' lang='lat' dir='ltr'><strong>rursus</strong></span> <span class='ocrx_word' id='word_1_793' title='bbox 611 4910 641 4948; x_wconf 84' lang='lat' dir='ltr'><strong>ac</strong></span> <span class='ocrx_word' id='word_1_794' title='bbox 664 4897 778 4962; x_wconf 73' lang='lat' dir='ltr'><strong>sptium,</strong></span> <span class='ocrx_word' id='word_1_795' title='bbox 796 4899 822 4949; x_wconf 87' lang='lat' dir='ltr'><strong>et</strong></span> <span class='ocrx_word' id='word_1_796' title='bbox 834 4896 861 4948; x_wconf 88' lang='lat' dir='ltr'><strong>tn</strong></span> <span class='ocrx_word' id='word_1_797' title='bbox 877 4895 909 4948; x_wconf 90' lang='lat' dir='ltr'><strong>iis</strong></span> <span class='ocrx_word' id='word_1_798' title='bbox 929 4897 1029 4947; x_wconf 82' lang='lat' dir='ltr'><strong>omnino</strong></span> <span class='ocrx_word' id='word_1_799' title='bbox 1072 4899 1194 4958; x_wconf 79' lang='lat' dir='ltr'><strong>mutatur,</strong></span> <span class='ocrx_word' id='word_1_800' title='bbox 1211 4907 1291 4959; x_wconf 79' lang='lat' dir='ltr'><strong>usque</strong></span> <span class='ocrx_word' id='word_1_801' title='bbox 1304 4909 1416 4960; x_wconf 76' lang='lat' dir='ltr'><strong>unquam</strong></span> <span class='ocrx_word' id='word_1_802' title='bbox 1436 4893 1556 4959; x_wconf 78' lang='lat' dir='ltr'><strong>quiescet.</strong></span> <span class='ocrx_word' id='word_1_803' title='bbox 1574 4891 1669 4943; x_wconf 81' lang='lat' dir='ltr'><strong>Eodem</strong></span> <span class='ocrx_word' id='word_1_804' title='bbox 1685 4899 1772 4942; x_wconf 74' lang='lat' dir='ltr'><strong>sutus</strong></span> <span class='ocrx_word' id='word_1_805' title='bbox 1785 4891 1860 4942; x_wconf 82' lang='lat' dir='ltr'><strong>modo</strong></span> 
     </span>
     <span class='ocr_line' id='line_1_51' title="bbox 249 4977 1796 5052; baseline -0.005 -14"><span class='ocrx_word' id='word_1_806' title='bbox 249 4999 307 5052; x_wconf 73' lang='lat' dir='ltr'><strong>qum</strong></span> <span class='ocrx_word' id='word_1_807' title='bbox 323 4985 351 5037; x_wconf 89' lang='lat' dir='ltr'><strong>iu</strong></span> <span class='ocrx_word' id='word_1_808' title='bbox 364 4997 393 5038; x_wconf 82' lang='lat' dir='ltr'><strong>sc</strong></span> <span class='ocrx_word' id='word_1_809' title='bbox 403 4983 468 5046; x_wconf 77' lang='lat' dir='ltr'><strong>lusis</strong></span> <span class='ocrx_word' id='word_1_810' title='bbox 484 4989 623 5046; x_wconf 84' lang='lat' dir='ltr'><strong>morentur,</strong></span> <span class='ocrx_word' id='word_1_811' title='bbox 640 4985 700 5051; x_wconf 78' lang='lat' dir='ltr'><strong>quis</strong></span> <span class='ocrx_word' id='word_1_812' title='bbox 711 4985 822 5050; x_wconf 82' lang='lat' dir='ltr'><strong>eveniet,</strong></span> <span class='ocrx_word' id='word_1_813' title='bbox 835 4989 864 5036; x_wconf 91' lang='lat' dir='ltr'><strong>ut</strong></span> <span class='ocrx_word' id='word_1_814' title='bbox 886 4985 940 5051; x_wconf 83' lang='lat' dir='ltr'><strong>ipsa</strong></span> <span class='ocrx_word' id='word_1_815' title='bbox 958 4985 1031 5051; x_wconf 79' lang='lat' dir='ltr'><strong>quis-</strong></span> <span class='ocrx_word' id='word_1_816' title='bbox 1073 4987 1099 5036; x_wconf 86' lang='lat' dir='ltr'><strong>et</strong></span> <span class='ocrx_word' id='word_1_817' title='bbox 1111 4985 1138 5036; x_wconf 88' lang='lat' dir='ltr'><strong>iu</strong></span> <span class='ocrx_word' id='word_1_818' title='bbox 1149 4985 1247 5050; x_wconf 75' lang='lat' dir='ltr'><strong>sphmra</strong></span> <span class='ocrx_word' id='word_1_819' title='bbox 1259 4983 1407 5050; x_wconf 77' lang='lat' dir='ltr'><strong>murisque</strong></span> <span class='ocrx_word' id='word_1_820' title='bbox 1424 4995 1482 5048; x_wconf 75' lang='lat' dir='ltr'><strong>qum</strong></span> <span class='ocrx_word' id='word_1_821' title='bbox 1494 4980 1521 5032; x_wconf 89' lang='lat' dir='ltr'><strong>iu</strong></span> <span class='ocrx_word' id='word_1_822' title='bbox 1537 4994 1564 5032; x_wconf 83' lang='grc' dir='ltr'><strong>σε</strong></span> <span class='ocrx_word' id='word_1_823' title='bbox 1576 4977 1638 5046; x_wconf 84' lang='lat' dir='ltr'><strong>ipsis</strong></span> <span class='ocrx_word' id='word_1_824' title='bbox 1651 4981 1796 5031; x_wconf 76' lang='lat' dir='ltr'><strong>moventur.</strong></span> 
     </span>
     <span class='ocr_line' id='line_1_52' title="bbox 249 5065 1859 5150; baseline -0.006 -23"><span class='ocrx_word' id='word_1_825' title='bbox 249 5079 327 5127; x_wconf 74' lang='lat' dir='ltr'><strong>scunt.</strong></span> <span class='ocrx_word' id='word_1_826' title='bbox 341 5077 453 5143; x_wconf 76' lang='lat' dir='ltr'><strong>itumque</strong></span> <span class='ocrx_word' id='word_1_827' title='bbox 471 5077 557 5129; x_wconf 82' lang='lat' dir='ltr'><strong>eodem</strong></span> <span class='ocrx_word' id='word_1_828' title='bbox 572 5076 627 5128; x_wconf 89' lang='lat' dir='ltr'><strong>loco</strong></span> <span class='ocrx_word' id='word_1_829' title='bbox 646 5074 800 5141; x_wconf 79' lang='lat' dir='ltr'><strong>aliquamdiu</strong></span> <span class='ocrx_word' id='word_1_830' title='bbox 819 5077 845 5126; x_wconf 81' lang='lat' dir='ltr'><strong>et</strong></span> <span class='ocrx_word' id='word_1_831' title='bbox 864 5075 918 5139; x_wconf 85' lang='lat' dir='ltr'><strong>ipsa</strong></span> <span class='ocrx_word' id='word_1_832' title='bbox 930 5077 957 5124; x_wconf 88' lang='lat' dir='ltr'><strong>et</strong></span> <span class='ocrx_word' id='word_1_833' title='bbox 969 5088 1029 5140; x_wconf 80' lang='lat' dir='ltr'><strong>pur-</strong></span> <span class='ocrx_word' id='word_1_834' title='bbox 1105 5077 1143 5126; x_wconf 87' lang='lat'><strong>70.</strong></span> <span class='ocrx_word' id='word_1_835' title='bbox 1161 5073 1295 5126; x_wconf 75' lang='lat' dir='ltr'><strong>Sciendum</strong></span> <span class='ocrx_word' id='word_1_836' title='bbox 1306 5085 1365 5150; x_wconf 73' lang='grc' dir='ltr'><strong>γσιο</strong></span> <span class='ocrx_word' id='word_1_837' title='bbox 1384 5075 1437 5133; x_wconf 82' lang='lat' dir='ltr'><strong>est,</strong></span> <span class='ocrx_word' id='word_1_838' title='bbox 1455 5069 1593 5136; x_wconf 73' lang='lat' dir='ltr'><strong>prucipuas</strong></span> <span class='ocrx_word' id='word_1_839' title='bbox 1607 5068 1762 5134; x_wconf 77' lang='lat' dir='ltr'><strong>qusstiouss</strong></span> <span class='ocrx_word' id='word_1_840' title='bbox 1779 5065 1807 5120; x_wconf 89' lang='lat' dir='ltr'><strong>iu</strong></span> <span class='ocrx_word' id='word_1_841' title='bbox 1822 5080 1859 5118; x_wconf 74' lang='lat' dir='ltr'><strong>ss</strong></span> 
     </span>
     <span class='ocr_line' id='line_1_53' title="bbox 249 5147 1860 5232; baseline -0.006 -18"><span class='ocrx_word' id='word_1_842' title='bbox 249 5167 289 5214; x_wconf 84' lang='lat' dir='ltr'><strong>tss</strong></span> <span class='ocrx_word' id='word_1_843' title='bbox 306 5167 387 5215; x_wconf 81' lang='lat' dir='ltr'><strong>emnt.</strong></span> <span class='ocrx_word' id='word_1_844' title='bbox 401 5166 567 5223; x_wconf 77' lang='lat' dir='ltr'><strong>Quamobrem</strong></span> <span class='ocrx_word' id='word_1_845' title='bbox 581 5163 709 5232; x_wconf 72' lang='lat' dir='ltr'><strong>quiescent</strong></span> <span class='ocrx_word' id='word_1_846' title='bbox 719 5147 794 5216; x_wconf 82' lang='lat' dir='ltr'><strong>simut</strong></span> <span class='ocrx_word' id='word_1_847' title='bbox 811 5165 836 5215; x_wconf 82' lang='lat' dir='ltr'><strong>st</strong></span> <span class='ocrx_word' id='word_1_848' title='bbox 853 5163 1029 5217; x_wconf 78' lang='lat' dir='ltr'><strong>movebuntur.</strong></span> <span class='ocrx_word' id='word_1_849' title='bbox 1073 5159 1152 5227; x_wconf 82' lang='lat' dir='ltr'><strong>ptimo</strong></span> <span class='ocrx_word' id='word_1_850' title='bbox 1163 5161 1211 5213; x_wconf 84' lang='lat' dir='ltr'><strong>hoc</strong></span> <span class='ocrx_word' id='word_1_851' title='bbox 1227 5161 1292 5213; x_wconf 86' lang='lat' dir='ltr'><strong>libro</strong></span> <span class='ocrx_word' id='word_1_852' title='bbox 1305 5159 1444 5226; x_wconf 78' lang='lat' dir='ltr'><strong>propositus</strong></span> <span class='ocrx_word' id='word_1_853' title='bbox 1461 5161 1488 5210; x_wconf 78' lang='lat' dir='ltr'><strong>et</strong></span> <span class='ocrx_word' id='word_1_854' title='bbox 1498 5156 1530 5208; x_wconf 82' lang='lat' dir='ltr'><strong>uti</strong></span> <span class='ocrx_word' id='word_1_855' title='bbox 1544 5159 1693 5222; x_wconf 79' lang='lat' dir='ltr'><strong>praescutsm</strong></span> <span class='ocrx_word' id='word_1_856' title='bbox 1705 5153 1860 5221; x_wconf 67' lang='lat' dir='ltr'><strong>‹lisputatio-</strong></span> 
     </span>
     <span class='ocr_line' id='line_1_54' title="bbox 254 5243 1857 5322; baseline -0.006 -18"><span class='ocrx_word' id='word_1_857' title='bbox 254 5249 369 5304; x_wconf 73' lang='lat' dir='ltr'><strong>i’rimnm</strong></span> <span class='ocrx_word' id='word_1_858' title='bbox 377 5253 443 5305; x_wconf 78' lang='lat' dir='ltr'><strong>mim</strong></span> <span class='ocrx_word' id='word_1_859' title='bbox 453 5257 537 5320; x_wconf 75' lang='lat' dir='ltr'><strong>parus</strong></span> <span class='ocrx_word' id='word_1_860' title='bbox 551 5265 680 5322; x_wconf 73' lang='lat' dir='ltr'><strong>uunquam</strong></span> <span class='ocrx_word' id='word_1_861' title='bbox 692 5253 779 5308; x_wconf 86' lang='grc' dir='ltr'><strong>οοθειιι</strong></span> <span class='ocrx_word' id='word_1_862' title='bbox 792 5252 847 5308; x_wconf 77' lang='grc' dir='ltr'><strong>Ιοοο</strong></span> <span class='ocrx_word' id='word_1_863' title='bbox 856 5255 929 5316; x_wconf 83' lang='lat' dir='ltr'><strong>suut,</strong></span> <span class='ocrx_word' id='word_1_864' title='bbox 941 5251 1030 5307; x_wconf 74' lang='lat' dir='ltr'><strong>deindo</strong></span> <span class='ocrx_word' id='word_1_865' title='bbox 1073 5265 1131 5304; x_wconf 83' lang='lat' dir='ltr'><strong>nem</strong></span> <span class='ocrx_word' id='word_1_866' title='bbox 1141 5249 1260 5316; x_wconf 85' lang='lat' dir='ltr'><strong>inprimis</strong></span> <span class='ocrx_word' id='word_1_867' title='bbox 1271 5249 1468 5302; x_wconf 72' lang='lat' dir='ltr'><strong>accommodatas</strong></span> <span class='ocrx_word' id='word_1_868' title='bbox 1480 5261 1509 5300; x_wconf 87' lang='grc' dir='ltr'><strong>σο</strong></span> <span class='ocrx_word' id='word_1_869' title='bbox 1521 5243 1567 5312; x_wconf 83' lang='lat' dir='ltr'><strong>qui</strong></span> <span class='ocrx_word' id='word_1_870' title='bbox 1577 5243 1646 5297; x_wconf 86' lang='lat' dir='ltr'><strong>huuc</strong></span> <span class='ocrx_word' id='word_1_871' title='bbox 1657 5243 1774 5312; x_wconf 74' lang='lat' dir='ltr'><strong>sequitur</strong></span> <span class='ocrx_word' id='word_1_872' title='bbox 1782 5243 1857 5302; x_wconf 81' lang='lat' dir='ltr'><strong>libro,</strong></span> 
     </span>
    </p>
   </div>
   <div class='ocr_carea' id='block_1_10' title="bbox 0 0 1984 5942">
    <p class='ocr_par' dir='ltr' id='par_1_11' title="bbox 0 0 1984 5942">
     <span class='ocr_line' id='line_1_55' title="bbox 0 0 1984 5942; baseline 0 0"><span class='ocrx_word' id='word_1_873' title='bbox 0 0 1984 5942; x_wconf 95' lang='lat' dir='ltr'><strong> </strong></span> 
     </span>
    </p>
   </div>
  </div>
 </body>
</html>
