3938 5968
488 395 715 459 ararcouuu
736 397 1081 466 mcouacaaoauu
1103 352 1394 472 ranaeaaasrs
1684 393 1743 482 ιιι

110 529 193 613 γείσρ.
211 532 256 613 Τῇ
273 530 319 610 μὲν
343 531 426 612 ὀρέξει
440 533 490 614 γὰρ
507 539 524 606 ἡ
545 534 626 608 ἡδονὴ
643 535 702 600 οὔτε
724 539 909 622 συμπέφυκεν,
959 551 1025 602 enim
1043 567 1089 604 nec
1111 554 1231 614 cohaeret,
1247 571 1327 622 nerpue
1343 558 1429 609 codem
1448 571 1505 610 curu
1528 560 1571 612 illo
1587 565 1698 629 tempore
1716 567 1745 616 lit

112 620 180 680 οὔτε
205 621 265 698 ἅμα
288 621 388 702 γίνεται
410 623 476 704 αὐτῇ
491 623 559 682 κατὰ
579 622 623 684 τὸν
638 623 751 704 χρόνον,
767 627 837 686 ἀλλά
862 629 913 689 διέ-
959 642 1082 706 voluptas,
1096 644 1140 694 sed
1156 648 1181 695 ct
1196 649 1307 710 tempore
1319 651 1345 698 et
1358 651 1449 698 natura
1461 648 1547 701 differt
1557 652 1589 703 ab
1599 667 1637 705 eo.
1648 656 1745 720 Quippe

112 733 221 784 στηκεν
239 713 331 821 αὐγῆς,
344 709 389 770 καὶ
404 715 442 792 τῷ
457 717 562 795 χρόνῳ,
576 713 623 772 καί
638 719 671 796 τῇ
684 714 770 796 φύσει.
783 719 909 798 Προηγεῒ-
959 733 984 781 el
999 730 1152 783 functionem
1170 735 1195 784 et
1212 735 1368 800 voluptatem
1384 737 1442 788 inde
1457 743 1600 804 perceptam
1619 745 1745 808 appetitus

111 822 161 858 ται
173 799 230 880 γὰρ
244 806 261 872 ἡ
274 799 355 878 ορεξις
369 804 418 872 τῆς
428 802 565 881 ἐνεργείας,
583 802 628 862 καί
643 807 690 875 τῆς
704 804 746 862 ἐπ’
761 807 829 886 αὐτῇ
844 808 912 879 ἡδο·
958 819 1089 883 precedit:
1102 835 1159 870 cum
1168 820 1294 874 iunctione
1304 826 1390 875 autem
1404 826 1440 876 ita
1451 826 1559 879 cobaeret
1581 831 1696 896 voluptas
1706 835 1745 884 at·

111 891 183 958 νῆς·
202 895 236 970 τῇ
252 888 279 948 δὲ
294 888 412 969 ἐνεργείᾳ
429 891 497 950 οὕτω
523 893 696 971 συμπέφυκεν
714 899 731 967 ἡ
751 894 850 968 ἡδονή,
867 896 912 956 καί
958 918 1007 969 que
1019 905 1054 956 ita
1066 906 1264 971 inseparabiliter
1280 913 1410 976 conjuncta
1421 917 1467 974 est,
1484 919 1513 967 ut
1529 917 1671 982 dubitetur,
1685 935 1745 972 num

112 976 206 1045 οὕτως
220 977 375 1058 ἀχωρίστως
396 979 462 1059 ἔχει,
482 979 551 1039 ὥστε
567 981 769 1062 ἀμφιόητεῖται,
782 987 805 1043 εἰ
818 984 911 1046 ταύτόν
958 992 1025 1043 idern
1044 994 1078 1044 sit
1093 1009 1150 1045 cum
1170 995 1298 1048 iunctione
1321 1000 1443 1064 voluptas.
1458 1006 1565 1069 Apparet
1578 1007 1654 1070 igitur
1668 1011 1746 1073 magis

112 1068 176 1126 ἐστι
191 1072 227 1146 τῇ
241 1068 380 1151 ίνεργείῳὴ
400 1069 523 1142 ἡήδονή.
538 1071 669 1132 Φαίνεται
686 1075 733 1150 μὲν
749 1064 804 1146 οὖν,
819 1075 912 1155 ὅτιτῇ
958 1095 1015 1132 cum
1041 1082 1169 1134 iunctione
1191 1100 1268 1150 quam
1287 1099 1345 1138 cum
1368 1091 1479 1154 appetitu
1507 1094 1661 1158 voluptatem
1685 1113 1746 1148 con-

112 1157 241 1237 ἕνεργείφ
256 1158 356 1232 μᾶλλον
366 1146 517 1238 ᾦκείιιιταιο
531 1156 677 1230 ἠὴδσνή,ἢ
692 1159 831 1241 τῇόρέξει·
846 1163 911 1220 ταῦ·
958 1185 1047 1222 nexam
1066 1185 1120 1223 esse
1141 1193 1146 1222 ι
1161 1187 1243 1239 neque
1258 1177 1340 1226 tamen
1361 1177 1426 1229 idem
1450 1184 1489 1230 est
1504 1200 1510 1230 :
1528 1186 1686 1248 nequeenim
1701 1191 1746 1237 aut

110 1243 161 1304 τὸν
181 1245 210 1304 δὲ
223 1247 270 1304 οιίκ
287 1244 370 1304 ἔστιν·
391 1248 420 1304 οὖ
437 1245 487 1326 γὰρ
502 1247 598 1305 ταύτὸν
612 1247 693 1318 ἡδονὴ
709 1248 828 1328 διανοίᾳ,
853 1250 912 1330 οὐδφ
957 1273 1015 1310 cum
1025 1261 1172 1326 cogitatione
1188 1266 1232 1313 aut
1249 1277 1307 1314 cum
1320 1265 1372 1316 ullo
1385 1282 1460 1318 sensu
1474 1269 1540 1320 idern
1557 1276 1596 1322 cst
1612 1274 1743 1339 voluptas:

112 1335 245 1408 αἰσθήσει
260 1333 384 1414 οὐδεμίιρ·
401 1335 496 1395 ἄτοπον
508 1335 558 1417 γδιρ
568 1335 649 1404 οθιιυς
661 1335 770 1398 οἴεσθαι.
784 1337 863 1398 Ἀλλὰ
873 1342 911 1418 τῷ
957 1350 1094 1402 absurdum
1116 1353 1181 1402 cuim
1202 1355 1253 1414 est,
1266 1353 1331 1404 banc
1352 1356 1444 1409 babere
1462 1360 1610 1424 opinionem.
1626 1363 1674 1414 Sed
1686 1365 1745 1430 quia

111 1423 280 1502 ἀχωρίστως
314 1419 435 1494 ἀλλήλων
462 1428 530 1503 ἔχειν
561 1423 632 1482 δοκεῖ
663 1422 745 1503 μηδὲν
780 1423 910 1506 διαφέρειν
956 1438 1153 1502 inseparabiliter
1172 1439 1237 1490 inter
1260 1455 1287 1492 se
1307 1442 1441 1508 coherent,
1455 1447 1517 1496 nibil
1534 1447 1636 1499 differre
1657 1448 1745 1502 aiun-

111 1511 252 1590 ἐνεργείας
259 1511 281 1573 ⁶.
957 1528 1037 1580 ctione
1051 1527 1158 1579 videtur,

156 1601 172 1632 *
181 1602 312 1683 Διάφσφσι
323 1600 352 1661 δέ
363 1603 414 1660 εἶσι
426 1600 469 1660 καὶ
480 1601 557 1662 αὐταὶ
571 1605 598 1660 αἱ
608 1600 700 1674 ἡδοναί
710 1601 774 1681 πρὸς
784 1601 910 1678 ἀλλήλας,
989 1615 1039 1666 Sed
1058 1620 1084 1666 ct
1106 1617 1171 1667 iuter
1192 1631 1218 1668 se
1241 1619 1301 1683 ipssa
1317 1635 1418 1686 quoque
1439 1621 1561 1674 differunt
1589 1626 1743 1690 voluptariae,

110 1691 155 1750 ότι
165 1693 195 1749 αἱ
204 1691 340 1771 ἐνέργειαι.
350 1691 477 1770 Διαφέρει
490 1689 540 1771 γὰρ
556 1690 613 1771 ὄψις
632 1689 700 1770 ἁφῆς
714 1689 906 1769 καθαριότητε,
956 1691 1016 1756 quia
1040 1691 1180 1747 functiones
1203 1695 1311 1748 diverse
1338 1701 1404 1750 suut.
1433 1699 1524 1750 Dillert
1550 1703 1618 1753 enim
1641 1707 1746 1755 visusa

111 1781 177 1839 καθ’
193 1781 256 1839 ὅσον
272 1785 289 1850 ἡ
306 1779 353 1856 μγ,
365 1783 414 1839 mg
426 1779 508 1847 ,γδους
532 1778 757 1857 ρ,,,γαμ6ά,,,α,
779 1777 907 1854 μόνω,γὴ
957 1775 1025 1822 lactu
1049 1772 1204 1838 sinceritate,
1221 1781 1346 1841 quatenus
1365 1779 1406 1830 ille
1422 1780 1524 1844 quidem
1543 1783 1621 1832 solam
1639 1785 1745 1848 speciem

111 1869 141 1928 δὲ
159 1869 220 1951 ἁφὴ
233 1873 265 1949 τῇ
281 1867 332 1948 ὕλῃ
348 1870 450 1945 μᾶλλον
477 1867 624 1948 προσάγει,
642 1866 687 1925 κ,ιγ
701 1871 717 1938 ἡ
733 1865 800 1939 ἀκοὴ
821 1867 904 1940 ταύτη
956 1851 1150 1939 comprehendit,
1167 1857 1252 1942 'tactus
1264 1871 1323 1906 vero
1344 1858 1422 1922 magis
1443 1857 1475 1907 ad
1488 1861 1618 1911 nuteriam
1633 1862 1743 1922 adducit,

110 1963 162 2029 τῆς
179 1957 337 2038 ὀσφρήσεως
348 1955 393 2016 καὶ
405 1960 451 2027 τῆς
463 1957 578 2036 γεύσεως
587 1954 717 2037 διαφέρει,
732 1955 772 2014 ὅτι
789 1961 835 2027 ,ἧς
848 1933 909 2030 mc
956 1932 1098 1994 pariterque
1114 1931 1263 2026 ⁸audrtueqab
1282 1934 1374 1986 olfactu
1389 1940 1415 1986 ct
1434 1941 1511 2000 gustu
1530 1943 1634 1990 eatenus
1650 1941 1744 2004 differt,

111 2046 251 2106 ἅπτονται
266 2049 380 2123 μᾶλλον·
397 2043 454 2105 ὅθεν
477 2045 523 2106 καὶ
545 2047 572 2104 αἱ
592 2045 719 2122 ἑπόμεναι
734 2045 827 2115 ἡδοναὶ
847 2046 909 2104 διαί·
955 2023 1005 2139 qula
1007 2012 1079 2138 1ῗῦ
1095 2011 1121 2060 m
1143 2018 1279 2107 madenam.
1292 2017 1373 2082 magis
1392 2021 1500 2110 ωῃβυῃι.
1515 2021 1653 2116 ἷφωῦἰῐω
1666 2022 1746 2112 ,ΘΗΜ

112 2159 212 2194 coum
238 2134 375 2212 ἀλλήλων,
394 2134 439 2194 καὶ
462 2137 515 2194 τῶν
540 2138 570 2194 ἐκ
590 2139 636 2205 τῆς
653 2132 769 2200 διανοίας
794 2134 908 2210 ἡδονῶν,
957 2104 1031 2153 roup
1059 2093 1165 2142 tescum
1184 2100 1365 2159 usconjunctae
1380 2101 1470 2162 partim
1492 2101 1699 2164 ratersepartrm
1714 2102 1746 2152 ab

112 2223 156 2284 ὅτι
174 2223 295 2305 διάφοροι
312 2227 339 2282 at
366 2225 492 2302 ἐνέργειαι
524 2223 581 2284 Kal
600 2221 678 2280 αὐταί
694 2223 721 2282 δὲ
742 2225 769 2281 αἱ
790 2228 836 2296 τῆς
851 2227 908 2283 δια.
956 2170 1524 2298 {iiis(1¹1aeanimopercipiunturroluplatihgs
1545 2179 1747 2246 disserereque

497 2272 503 2285 ·
984 2261 1061 2298 versae
1077 2252 1135 2298 sunt
1151 2250 1299 2303 lunationes.
1315 2256 1382 2312 Qum
1408 2259 1483 2306 elram
1506 2271 1567 2320 rpsae
1580 2261 1656 2309 animi
1674 2261 1746 2310 volu.

111 2311 189 2379 νοίας
203 2311 296 2383 ἡδοναί
308 2313 359 2392 οὐχ
374 2315 401 2369 αί
416 2310 494 2370 αὐταὶ
510 2309 614 2370 ἔσονται
629 2310 771 2386 ἀλλήλαις,
795 2313 835 2371 ότι
853 2313 909 2373 διό·
955 2331 1037 2394 ptates
1048 2341 1097 2378 non
1111 2329 1205 2380 eedem
1223 2335 1248 2382 et
1260 2346 1331 2396 pares
1344 2335 1408 2384 inter
1425 2349 1452 2387 se
1466 2339 1548 2398 erunt,
1563 2338 1623 2402 quia
1640 2338 1746 2392 diversae

112 2425 196 2482 φοροι
213 2400 340 2479 ἐνέργειαι
356 2399 481 2467 διανοίας.
955 2413 1031 2465 animi
1046 2417 1105 2464 sunt
1122 2411 1272 2465 functiones.

157 2491 332 2550 *ιίΙιαίνεται
345 2491 371 2548 δὲ
384 2489 474 2549 denual
485 2489 589 2570 ἑκάστῳ
602 2487 680 2568 iniust
692 2489 775 2550 οἰκεία
788 2491 826 2558 τίς
838 2493 907 2550 ἐστιν
985 2496 1041 2543 lam
1060 2507 1119 2544 vero
1132 2497 1156 2543 et
1174 2495 1277 2558 singulis
1298 2495 1447 2548 animalibus
1462 2499 1562 2550 videtur
1578 2517 1632 2553 esse
1648 2504 1747 2568 propria

112 2579 214 2658 ἡδονή,
228 2579 347 2659 καθάπερ
361 2579 405 2638 καὶ
427 2577 502 2658 ἔργον
519 2579 589 2637 ἐστὶν
609 2581 714 2641 οἰκεῖον.
741 2581 774 2639 Ei
790 2579 841 2661 γδιρ
852 2588 909 2648 ταῖς
955 2577 1205 2646 quaesusumus,
1223 2578 1286 2628 sicut
1298 2580 1426 2644 proprium
1441 2595 1541 2647 quoquc
1551 2583 1583 2635 iis
1593 2600 1683 2638 munus
1698 2591 1744 2638 cst.

113 2670 264 2752 ἦνερφείαις
276 2671 303 2726 αἱ
315 2667 406 2740 ἡδοναὶ
419 2670 621 2744 ἀκολουθοῦσιν,
640 2668 743 2748 ἑκάστῳ
753 2667 779 2728 δὲ
791 2661 909 2748 ζῴῳῐοῑ.
956 2663 983 2714 Si
1001 2662 1067 2714 enim
1078 2661 1246 2714 functionibus
1270 2669 1406 2730 congruant
1425 2666 1580 2730 voluptates,
1598 2685 1644 2722 sua
1662 2673 1746 2722 autem

111 2760 177 2819 λεία
193 2758 232 2826 sl<
245 2761 315 2818 ἐστιν
340 2757 455 2838 ἐνέργεια
473 2758 639 2829 κατάλληλος
661 2763 694 2838 τῇ
718 2754 808 2834 φύσει,
826 2757 870 2815 καὶ
889 2761 906 2830 ἡ
957 2752 1047 2817 cuique
1060 2752 1160 2802 animali
1175 2754 1279 2818 ejusque
1295 2757 1392 2804 naturas
1413 2755 1576 2804 consentanca
1591 2753 1624 2804 sit
1641 2752 1745 2814 iunctio,

112 2846 200 2920 ἡδονὴ
216 2847 246 2904 διν
262 2847 302 2918 εἴη
325 2845 418 2908 οἰκεία.
436 2849 522 2906 Τοῦτο
537 2845 621 2905 δὲκαὶ
643 2849 701 2905 καθ’
712 2845 822 2904 ἕκαστον
844 2851 906 2906 θεω-

114 2943 209 3018 ροῦντι
226 2934 326 3012 γίνεται
349 2936 438 3006 δῆλον.
459 2933 557 3015 Ἑτέρα
578 2935 630 3013 γὰρ
654 2935 736 2994 ἵππου
752 2933 847 3010 ἡδονή,
862 2935 907 2994 καὶ

113 3025 207 3099 κυνός,
237 3024 282 3081 καὶ
304 3019 461 3104 ἀνθρώπου·
478 3024 599 3104 καθάπερ
617 3022 788 3104 Ἡράκλειτός
814 3046 906 3105 φησιν,

112 3113 175 3172 όναν
194 3113 317 3192 σύρματα
332 3113 362 3170 διν
378 3111 483 3171 ἑλέσθαι
508 3113 628 3188 μᾶλλον,
657 3113 674 3184 ἢ
692 3112 810 3192 χρυσόν·
834 3110 907 3182 ἥδιον

112 3201 168 3283 γδιρ
184 3206 285 3282 χρυσοῦ
301 3197 390 3280 ’τροφὴ
415 3200 491 3268 ὄνοις.
508 3203 544 3261 At
564 3199 611 3278 μὲν
634 3191 678 3258 οὖν
697 3203 791 3258 οἰκεῖαι
817 3201 909 3271 ἡδοναὶ

112 3292 174 3358 ταῖς
186 3288 316 3369 διαφόροις
329 3288 468 3369 ένεργείαις
484 3289 528 3348 καὶ
543 3289 621 3349 αὐταὶ
638 3289 757 3369 διάφοροί
773 3291 841 3348 εἶσι·
861 3287 908 3359 τὰς

114 3379 143 3439 δὲ
154 3383 208 3439 τῶν
226 3380 313 3438 αὐτῶν
325 3382 460 3460 ἐνεργειῶν
473 3379 519 3446 τὰς
535 3377 616 3445 αὐτὰς
631 3377 735 3456 εὔλογον
758 3367 824 3436 εἶναι
839 3378 908 3437 κατὰ

114 3472 146 3530 τὸ
161 3460 248 3536 εἶδος·
268 3467 394 3527 διοίσουσι
415 3467 442 3527 δὲ
461 3467 530 3528 κατὰ
553 3467 583 3526 τὸ
599 3471 699 3543 μᾶλλον
713 3469 758 3526 καὶ
772 3468 803 3528 τὸ
818 3460 905 3540 ἧττον.

113 3559 183 3619 ’Ότι
199 3556 250 3635 γὰρ
262 3563 319 3622 ταῖς
343 3560 433 3622 αὐταῖς
458 3555 598 3635 ἐνεργείαις
613 3558 664 3636 οὐχ
678 3556 773 3633 ὁμοίοις
803 3557 910 3628 ἥδονται

114 3647 234 3720 πάντες,
249 3643 377 3725 φανερόν·
394 3647 451 3703 ἐπεὶ
466 3644 511 3704 καί
536 3644 652 3716 τοσαύτη
670 3645 769 3724 γίνεται
785 3649 802 3716 ἡ
819 3647 908 3726 διαφο-

115 3736 168 3818 ραί,
184 3733 254 3794 ὥστε
280 3733 333 3800 τοῖς
355 3735 443 3800 αὐτοῖς
458 3732 517 3800 τοὺς
532 3732 579 3809 μέν
598 3733 722 3806 ἥδεσθαι,
739 3733 799 3800 τοὺς
818 3733 845 3792 δέ
863 3737 908 3793 λυ-

115 3830 243 3884 πεῖσθαι·
270 3823 315 3882 καί
341 3821 442 3901 γλυκέα
471 3823 501 3879 οὗ
525 3829 592 3880 πᾶσι
606 3821 640 3878 τά
665 3820 746 3894 αὐτοί,
767 3825 795 3879 οὖ
811 3821 921 3902 γάρτδι,

116 3914 187 3973 αὐτόν
202 3914 273 3971 δοκεῖ
289 3910 387 3990 γλυκέα
408 3913 446 3991 τῷ
463 3908 618 3991 πυρέττοντι
632 3909 678 3968 καί
694 3915 731 3989 τῷ
751 3909 906 3986 ὑγιαίνοντι,

116 4001 177 4063 οὐδὲ
202 4001 288 4084 θερμόν
311 4001 345 4060 τόν
369 4001 437 4060 αὐτὰ
450 4004 489 4081 τῷ
507 4004 610 4060 ἀσθενεῖ
632 3999 728 4079 καὶτῷ
748 4001 906 4058 εὐεκτυῦντι.

113 4096 205 4152 Τοῦτο
218 4091 245 4150 δέ
259 4091 303 4150 καί
319 4093 358 4172 ἔφ’
371 4089 466 4170 ἑτέρων
482 4088 631 4166 συμόαίνει.

157 4181 206 4217 ***
216 4179 345 4260 Καθάπερ
365 4180 392 4238 δὲ
404 4178 449 4237 lut
461 4202 513 4237 των
526 4175 739 4250 τοιουτωνήδέων
759 4174 793 4235 τδι
807 4177 909 4248 ἀληθῶς

115 4269 182 4340 ἡδέα
200 4273 252 4327 τῶν
272 4268 415 4328 δοκούντων
434 4267 487 4326 ἀπὸ
503 4269 554 4325 τῶν
571 4265 740 4345 ὑγιαινόντων
754 4264 909 4345 γνωσόμεθα

956 2837 1031 2888 etiam
1052 2837 1167 2902 voluptas
1190 2838 1237 2888 erit
1257 2838 1364 2902 propria.
1383 2837 1456 2896 Quod
1480 2840 1505 2887 et
1521 2836 1547 2886 iu
1570 2836 1674 2900 siugulis
1690 2851 1746 2902 spe·

956 2921 1033 2970 clanii
1046 2920 1182 2985 apparebit.
1198 2921 1253 2970 Alia
1263 2921 1329 2972 enlm
1339 2921 1406 2986 equi,
1422 2921 1471 2972 alia
1486 2920 1563 2980 cauis,
1576 2921 1625 2970 alia
1639 2921 1747 2972 bominis

956 3008 1071 3072 voluptas
1090 3008 1128 3056 est
1153 3025 1159 3054 ε
1181 3005 1393 3072 quemadmodum
1415 3005 1556 3058 Heraclitus
1578 3007 1625 3066 ait,
1648 3007 1746 3056 asinum

957 3096 1093 3144 stramenta
1115 3091 1189 3142 malle
1214 3107 1292 3158 quarn
1313 3105 1428 3142 surum:
1457 3089 1593 3154 jucundius
1618 3089 1685 3140 enim
1708 3093 1747 3139 cst

957 3178 1031 3230 asinis
1048 3177 1166 3243 pabulum
1187 3192 1264 3243 quam
1288 3192 1386 3228 aurum.
1409 3179 1496 3242 ltaque
1518 3175 1623 3240 propriae
1639 3173 1746 3224 diversis

958 3260 1127 3314 sanctionibus
1155 3263 1296 3328 voluptates
1317 3262 1378 3326 ipsse
1405 3273 1504 3326 quoquc
1529 3261 1588 3310 sunt
1612 3259 1743 3310 diversae:

954 3364 1015 3416 5111ae
1038 3365 1098 3401 vero
1116 3349 1251 3400 earundem
1262 3353 1321 3398 sunt
1333 3347 1497 3405 functionum,
1514 3360 1556 3397 eas
1571 3345 1647 3396 etiam
1665 3344 1746 3408 specie

959 3432 1057 3483 easdem
1075 3447 1128 3483 esse
1151 3431 1277 3497 probabile
1294 3434 1332 3481 est
1350 3447 1356 3480 ι
1373 3430 1429 3494 plus
1447 3434 1529 3480 tamen
1547 3433 1586 3479 cst
1603 3428 1641 3479 rel
1663 3427 1746 3477 miuus

957 3519 1024 3584 quod
1037 3519 1102 3568 inter
1112 3532 1154 3568 eas
1168 3516 1278 3568 diflerat.
1293 3519 1379 3580 Neque
1394 3515 1460 3565 euim
1476 3513 1564 3564 iisdem
1576 3512 1746 3564 functionibus

957 3617 1042 3654 omnes
1061 3603 1162 3668 perinde
1190 3601 1309 3652 delectari
1329 3602 1425 3649 constat
1449 3613 1552 3663 :quum
1577 3598 1651 3647 ctiam
1676 3600 1746 3647 tanta

958 3686 1091 3737 diversitas
1112 3686 1157 3743 sit,
1192 3689 1221 3734 ut
1242 3682 1331 3734 iisdem
1346 3681 1422 3732 rebus
1436 3679 1477 3730 alii
1495 3681 1626 3738 lactentur,
1643 3680 1685 3728 alii
1696 3679 1745 3728 do·

958 3774 1025 3822 luant
1049 3792 1054 3820 :
1078 3783 1152 3835 porro
1178 3783 1227 3818 nou
1250 3767 1365 3816 omnibus
1397 3765 1484 3814 eadcm
1512 3764 1594 3814 dulcia
1621 3767 1687 3824 suut,
1710 3765 1745 3814 si·

958 3855 1060 3921 quidem
1089 3868 1137 3904 non
1168 3853 1255 3903 cadem
1282 3849 1433 3900 febricitanti
1461 3848 1544 3897 dulcia
1573 3847 1690 3898 videntur
1720 3853 1745 3898 ct

958 3956 1032 4000 sano,
1051 3955 1131 4006 neque
1148 3940 1226 3990 calida
1245 3937 1333 3987 eadem
1350 3934 1447 3984 infirmo
1465 3937 1491 3982 ct
1504 3933 1527 3982 ei
1543 3933 1584 3983 cui
1596 3948 1686 3998 corpus
1701 3936 1745 3984 lir-

958 4041 1027 4076 mum
1044 4027 1069 4074 el-
1079 4023 1141 4074 bene
1153 4022 1317 4072 constitutum
1333 4020 1379 4069 est.
1395 4018 1449 4066 Hoc
1459 4017 1544 4066 autem
1556 4017 1631 4067 etiam
1646 4018 1671 4067 in
1689 4018 1744 4068 aliis

959 4119 1007 4157 usu
1023 4103 1100 4154 venit.
1694 4145 1696 4148 .

991 4193 1061 4244 Sicut
1070 4193 1153 4243 nutem
1162 4191 1188 4241 in
1200 4187 1321 4254 ejusmodi
1331 4187 1450 4253 jucundis
1461 4201 1490 4238 ea
1504 4200 1560 4250 quae
1569 4201 1627 4236 verc
1635 4185 1745 4250 jucunda

958 4282 1060 4335 suntab
1074 4283 1105 4334 iis
1118 4294 1175 4346 que
1185 4279 1311 4338 videntur,
1325 4292 1340 4327 a
1353 4277 1419 4330 sanis
1433 4277 1559 4328 discemus
1571 4275 1741 4338 distinguere:

116 4359 228 4416 δῑῑδῑῖΨ
245 4355 312 4415 οὕτω
336 4355 381 4415 καὶ
398 4356 444 4422 τὰς
458 4359 482 4413 έν
498 4359 535 4435 τῷ
553 4355 610 4427 ἤθει
627 4354 721 4426 δδθιδιι
736 4354 789 4412 ἀπὸ
808 4357 860 4412 τῶν
880 4343 909 4412 Εὖ
956 4375 992 4425 ita
1006 4373 1082 4424 ctiam
1096 4372 1237 4436 voluptates
1249 4369 1356 4419 morales
1373 4367 1461 4418 avinis
1478 4366 1539 4417 boue
1560 4366 1674 4424 moratis,
1695 4365 1744 4416 boc

116 4446 234 4528 ἐχόντων
253 4447 313 4524 mli
328 4446 357 4504 τὸ
373 4437 442 4518 δθθιι
464 4446 565 4517 δηλαδὴ
582 4448 634 4504 τῶν
651 4445 815 4518 σπουδαίων,
831 4445 910 4524 διθρῑ·
957 4466 1002 4522 est,
1024 4463 1142 4520 honestis,
1164 4461 1314 4524 distinguere
1337 4458 1470 4508 discemus.
1495 4455 1590 4514 Quodsi
1610 4456 1657 4505 hoc
1677 4456 1744 4505 recte

117 4535 230 4611 σθ’μεθα·
250 4537 280 4594 El
294 4535 320 4592 δὲ
335 4539 411 4592 τοῦτο
426 4536 513 4600 mildi
528 4531 646 4611 λέγεται,
665 4533 709 4593 κοιλ
728 4533 839 4592 ἑκάστου
859 4531 908 4608 με’·
956 4545 1056 4602 dicitur,
1076 4546 1101 4594 cl
1122 4541 1318 4605 uniuscujusque
1340 4539 1375 4589 rei
1400 4550 1517 4588 mensura
1542 4536 1624 4586 virtus
1652 4537 1699 4596 cst,
1719 4537 1744 4583 et

117 4646 179 4702 τφσν
193 4628 210 4694 ἡ
222 4621 317 4704 ἀρετή,
332 4623 416 4681 καὶτὸ
428 4623 525 4701 ἀγαθὸν
537 4614 604 4682 εἶναι
620 4623 663 4684 διδ
672 4623 718 4696 τὴν
732 4622 828 4701 ἀρετήν
840 4625 909 4681 ἐστιν
957 4633 1090 4697 unicuique
1108 4635 1208 4696 propter
1220 4631 1341 4682 virtutem
1363 4629 1417 4678 viro
1432 4627 1496 4677 bono
1516 4638 1579 4678 essav
1589 4624 1655 4682 licet,
1668 4622 1744 4672 etiam

118 4714 234 4791 ἑκάστῳ,
251 4711 296 4771 καὶ
310 4709 401 4782 ἡδοναί
428 4709 459 4768 ἃ*
472 4701 522 4769 Εἶεν
543 4713 659 4782 ἀληθῶς,
676 4715 702 4770 οἱ
724 4715 761 4790 τῷ
775 4709 910 4791 σπουδαίῳ
959 4723 1098 4786 voluptates
1110 4735 1196 4772 revera
1208 4722 1281 4770 erum
1299 4732 1358 4784 quo
1377 4717 1470 4768 bomini
1483 4715 1560 4780 probo
1578 4713 1642 4763 tales
1657 4711 1744 4762 riden-

119 4798 275 4890 φαινόμεναι
303 4797 407 4874 ἡδοναί,
433 4798 479 4857 καί
495 4800 560 4870 ἡδέα
576 4790 612 4864 οἷς
627 4789 701 4866 οὗτος
722 4797 827 4880 χαίροι·
846 4797 910 4878 πρὸς
956 4815 1006 4869 tur,
1021 4813 1046 4861 el
1057 4808 1168 4872 iucunda
1178 4808 1270 4873 quibus
1280 4807 1323 4857 bic
1331 4805 1471 4857 delectatur
1483 4823 1488 4853 :
1501 4818 1515 4853 a
1530 4801 1623 4867 quibus
1635 4813 1694 4850 vero
1703 4799 1744 4850 bic

119 4887 135 4946 δ
151 4887 179 4948 δὲ
195 4891 267 4954 οὗτος
282 4890 369 4961 ἀηδῶς
387 4888 457 4967 ἔχει,
479 4889 526 4948 οὖιι
541 4887 571 4946 δι
587 4887 698 4968 εὐλόγοις
713 4886 779 4960 ἡδέα
791 4888 909 4966 λέγοιντο
957 4889 1740 4963 abhorret,nequcjucundameritodicanturncqueroluptatcs.

120 4976 178 5038 Οὐδὲ
196 4977 296 5049 ἡδοναί·
329 4981 363 5038 Ei
387 4976 413 5036 δὲ
440 4986 493 5044 τοῖς
523 4977 719 5058 διεφθαρμένοις
748 4979 814 5049 ἡδέα
840 4979 909 5037 δοκεῖ
955 4993 1040 5055 lleque
1057 5003 1117 5039 vero
1130 4987 1222 5038 mirum
1239 4986 1357 5050 cuiquam
1368 4999 1422 5035 csse
1434 4981 1542 5041 debebit,
1556 4982 1577 5032 si
1600 4979 1743 5031 bominibus

120 5071 220 5139 ταῦτα)
237 5066 310 5126 Οὐδέν
326 5067 489 5145 θαυμαστόν·
509 5067 613 5128 Πολλοὶ
630 5065 681 5146 γὰρ
697 5065 790 5148 φθοραί
805 5065 850 5124 καὶ
861 5065 908 5123 δῦ·
955 5076 1079 5142 corruptis
1088 5078 1141 5127 baec
1161 5073 1272 5140 jucunda
1291 5074 1432 5125 videantur.
1449 5072 1535 5123 llultae
1547 5070 1613 5121 enim
1625 5068 1740 5120 exoriun-

130 5170 1733 5203 Μ

152 5247 165 5272 *
178 5247 289 5312 Διαφέρει
302 5249 329 5298 δὲ
342 5251 358 5307 ἡ
373 5249 426 5313 ὄψις
443 5251 495 5298 κτλ.
511 5273 543 5285 -
559 5247 590 5278 ⁴⁸*
602 5225 709 5298 Δοκιῖδ
727 5248 788 5297 εἶναι
806 5246 902 5308 ἑκάστῳ
916 5249 970 5309 ζῳῳ
980 5244 1033 5293 κτλ,
1047 5269 1076 5278 -
1089 5241 1137 5273 *l*
1151 5244 1225 5292 Δοκεῖ
1239 5241 1259 5290 δ’
1273 5241 1298 5290 iu
1310 5240 1388 5289 ἅπασι
1400 5243 1452 5297 ταῖς
1464 5237 1584 5294 τοιούτοις
1596 5241 1650 5292 κτλ.
