3976 5948
239 389 298 452 idi
963 379 1128 444 uultum}

239 521 313 579 κάτω
333 515 515 600 περετρίχειν,
538 517 687 575 πλανᾶσθαι
709 512 801 573 τεκαὶ
824 511 858 571 τά
879 511 1021 594 βαρθάρευν
1106 510 1271 591 (Eusebius
1293 509 1455 590 Praeparat.
1481 509 1594 584 Evung.
1619 507 1675 569 tib.
1699 507 1765 568 XIV
1782 528 1847 588 cap.

238 610 383 690 θποσυλᾷν,
397 605 464 666 σίκοι
474 605 529 664 δίον
542 601 665 682 μίνυντας
677 600 750 685 παρὰ
761 603 825 662 θεῶν
838 600 1018 679 ἐκμανθάνειν,
1065 599 1159 680 perspi
1175 601 1297 667 Φιλωνος
1311 603 1356 658 τοῦ
1373 595 1558 674 διαδεξαμένου
1582 595 1784 674 Κλειτόμαχον,
1801 599 1848 655 τὸν

237 699 259 756 εί
271 697 303 770 δή
318 717 384 763 τινες
400 686 468 768 ήσαν
480 692 549 766 θεοί,
565 692 667 774 ήπαρλ
691 694 743 750 τῶν
764 689 892 769 θεολόγων
908 689 1019 770 ἀνδρῶν,
1065 688 1244 768 διαδεξάμενον
1263 688 1430 770 Καρνεάδην.
1455 686 1519 745 Ἀπὸ
1544 689 1590 744 τοῦ
1608 685 1699 745 αὐτοῦ.
1714 682 1849 744 Numenii

236 784 295 854 τοὺς
312 786 417 858 ἀληθεῖς
427 782 472 844 καί
484 779 663 848 ἀδιαπτώτους
673 780 732 862 περί
745 785 797 841 τῶν
813 779 1020 855 ἐπιζητουμένων
1065 775 1163 836 verbis
1182 797 1234 838 sua
1256 775 1411 855 subjungit
1433 775 1588 848 Eusebius,
1618 795 1685 854 quse
1703 775 1850 834 servanda

221 875 263 946 ,ίν
277 873 416 955 φιλοσοφίᾳ
429 872 536 952 λόγους,
559 869 620 952 περί
634 859 670 930 ὧν
681 868 764 950 μυρία
779 868 828 927 όασ
841 867 1021 947 μοχθήσαντες
1065 866 1196 944 putavi.)
1849 915 1851 918 .

237 963 421 1043 διηνέχθησαν,
436 965 530 1042 μακρῷ
551 963 598 1032 τῆς
612 960 740 1032 τάληθοῦς
767 957 892 1038 εθρίσεευς
909 959 1022 1038 ripum.
1104 964 1129 1008 c.
1153 943 1232 1006 lilii
1251 947 1278 1004 ri
1291 944 1323 1017 δή
1337 947 1393 1006 iuer
1412 945 1444 1006 εδ
1460 943 1507 1023 όν,
1524 935 1577 1025 δρα
1591 943 1666 1004 ταυτὶ
1680 941 1713 1002 rix
1729 951 1851 1024 στοιχεῖα

238 1053 377 1132 ρήσαντες;
393 1050 430 1113 Τί
444 1051 470 1112 δί
492 1051 537 1110 καί
559 1049 620 1132 περί
635 1051 699 1110 θεῶν
715 1048 830 1128 νεώτερα
845 1049 914 1128 χρῆν
929 1048 1022 1120 ἱπιζη-
1065 1036 1098 1096 τὰ
1112 1035 1238 1115 limitis
1255 1038 1271 1106 θ
1295 1037 1329 1113 pi
1348 1033 1394 1093 καί
1405 1031 1436 1092 ἲθ
1453 1038 1517 1112 πῦρ,
1533 1033 1579 1093 καί
1594 1035 1622 1093 αἱ
1643 1034 1723 1093 mm
1737 1031 1785 1092 δίο
1800 1056 1851 1111 lss·

237 1145 289 1200 τεῖν
304 1142 420 1222 τολμᾷν,
434 1137 609 1214 inretitos
624 1136 669 1197 καὶ
685 1133 867 1196 irasceretur
883 1133 1017 1212 αλλήλοις,
1065 1123 1130 1194 roll
1145 1121 1248 1204 φύσται
1274 1113 1326 1204 ipe
1346 1115 1391 1184 uir
1416 1121 1449 1194 δὴ
1470 1121 1504 1181 et
1518 1121 1581 1184 ὄντα
1595 1121 1679 1180 ταῦτά
1691 1125 1776 1195 ἐστιν,
1790 1121 1853 1194 ἤτοι

238 1230 261 1287 εί
275 1227 307 1300 δή
324 1227 443 1310 ἀσφαλὴς
459 1227 505 1288 καί
528 1226 623 1308 βεθαία
636 1227 709 1286 θεῶν
726 1224 840 1306 εθρεσις,
861 1223 906 1282 καλ
927 1227 1021 1302 γνῶσις
1066 1213 1228 1292 tumidive,
1243 1212 1260 1285 θ
1275 1215 1335 1272 καθ’
1346 1211 1372 1271 θ’
1384 1211 1414 1291 τί
1424 1236 1450 1272 τί
1462 1214 1546 1272 αὐτῶν
1557 1232 1565 1290 ;
1576 1211 1622 1270 'tei
1636 1215 1707 1286 πῶς,
1723 1208 1852 1291 &istest

239 1315 374 1385 εὗσεθείας
400 1317 500 1389 θληθὴς
514 1319 540 1376 ίν
563 1319 680 1383 τελεταῖς
695 1316 740 1374 καλ
756 1311 922 1394 μυστηρίοις,
943 1317 977 1390 τῇ
991 1335 1020 1370 τε
1066 1303 1113 1362 καί
1126 1301 1240 1383 γεννητδ
1254 1300 1299 1361 καλ
1313 1301 1507 1382 παλινάγρετα,
1523 1299 1548 1360 εί
1562 1302 1592 1379 γε’
1611 1303 1681 1360 ίστιν
1701 1302 1766 1380 δρᾷν
1783 1299 1853 1358 uiri

237 1403 305 1485 ἄλλῃ
334 1409 385 1466 τῶν
409 1404 579 1466 παλαιτάτοιν
608 1403 756 1485 περιείχετο
780 1401 919 1483 θεολογίερ,
939 1400 1021 1471 αὐτὴν
1066 1392 1092 1462 ἒξ
1106 1391 1229 1466 mim
1250 1391 1374 1470 Υῑνίμῑνθ
1387 1390 1433 1450 καί
1452 1391 1694 1464 euellendus«,
1713 1388 1759 1448 καί
1783 1387 1854 1465 lilitt

238 1493 338 1566 ἐκείνην
357 1493 441 1575 παρόν
460 1493 581 1566 ἀκίνητον
603 1494 650 1552 καί
673 1487 888 1570 θμολογουμίνην
912 1486 1022 1570 συμρώ-
1067 1481 1185 1560 στοιχεῖα
1213 1480 1384 1561 ὑπάρχοντα,
1415 1477 1483 1556 ,utin
1511 1475 1662 1549 συδδαὸἇθὶ
1690 1477 1777 1552 Σῶμα
1802 1474 1853 1552 pis

239 1606 289 1648 νοις
303 1588 451 1662 περιίπειν;
461 1581 540 1642 ’illi
553 1583 619 1662 γάρ,
631 1584 653 1642 εί
666 1587 768 1662 φανεῖεν
781 1571 851 1638 ciros
861 1575 942 1655 μηδίν
954 1578 1022 1650 άλη-
1065 1569 1138 1630 ταυτί
1151 1578 1164 1606 ⁸
1175 1567 1257 1636 υίίτιυε
1268 1571 1316 1628 οὒκ
1329 1567 1361 1627 δν
1376 1567 1417 1639 τίη
1430 1569 1463 1628 τὸ
1480 1567 1521 1628 ὄν.
1565 1565 1635 1626 ’dli’
1648 1564 1699 1645 θρα
1711 1565 1789 1624 sueri
1803 1565 1855 1640 μὲν

152 1740 155 1746 ¹
238 1671 278 1737 θὲς
300 1669 360 1749 περί
377 1676 435 1731 θεοῦ
449 1671 523 1749 παρθι
538 1674 589 1729 τῶν
609 1669 743 1750 προτέρων
767 1665 967 1745 μεμαθηκότες,
980 1669 1019 1725 oi·
1066 1658 1109 1732 οὗ,
1125 1663 1142 1732 ἡ
1158 1660 1181 1718 δ’
1196 1658 1246 1730 θλη
1262 1656 1371 1718 δύναται
1393 1645 1459 1716 ε’ίνιιι
1469 1655 1507 1715 όν·
1522 1654 1591 1715 dlii
1610 1655 1656 1715 καὶ
1668 1653 1767 1725 ταύτην
1782 1677 1853 1714 παν-

238 1757 320 1824 κείαις
342 1760 365 1817 δ’
395 1757 520 1826 ίπενσίαις
544 1762 577 1836 τῇ
604 1758 665 1837 περὶ
689 1757 789 1840 φάσεως
819 1753 1022 1828 ίπιθεθληκότες
1066 1748 1109 1815 τὸς
1121 1748 1221 1826 μᾶλλον
1238 1745 1383 1822 sutram,
1398 1743 1534 1828 άῤῥυιστίμ
1547 1748 1592 1803 τοῦ
1609 1743 1705 1821 μίνειν.
1722 1743 1855 1822 [impias

240 1845 369 1921 ἐξετάσει,
383 1848 428 1907 καὶ
442 1849 602 1925 στοχασμοῐς
616 1847 716 1924 μᾶλλον
731 1844 749 1916 ἢ
764 1843 913 1925 καταλήψει
927 1864 1023 1921 κεχρη-
1068 1835 1150 1916 γδρή
1167 1833 1216 1908 ite
1231 1833 1328 1916 ῥοώδης
1355 1834 1401 1894 καλ
1415 1833 1573 1914 diripimus,
1593 1831 1671 1912 βάθος
1689 1831 1735 1890 καί
1748 1831 1853 1898 πλάτος

240 1933 321 2010 μάνυε·
339 1935 365 1994 τί
384 1935 437 2016 χρὴ
451 1933 542 1994 λοιπὸν
555 1934 593 2012 μὴ
607 1933 667 2014 οὐχί
684 1933 879 2010 συνομολογεῖν,
896 1929 943 2003 τήν
967 1953 1020 1989 ιτα-
1067 1925 1112 1985 καί
1128 1928 1209 2001 μῆκος
1222 1923 1340 2004 ἀόριστος
1354 1925 1400 1984 καί
1416 1922 1550 1994 ἀνήνυτος.
1593 1921 1648 1982 Καί
1662 1920 1730 1998 μετὰ
1745 1921 1856 2002 βραχία

239 2019 317 2080 λαιάν
332 2025 383 2081 τῶν
397 2025 476 2082 leode
490 2021 623 2102 θεολογίαν
638 2021 720 2098 μηδίν
734 2019 815 2082 πλίον
827 2023 874 2093 τῆς
887 2018 1023 2080 άποδσθεί-
1068 2013 1192 2092 ίπιλίγει·
1207 2009 1273 2072 ὥστε
1296 2014 1382 2078 καλῶς
1399 2015 1413 2071 θ
1433 2009 1507 2088 λόγος
1525 2008 1631 2088 είρηκε,
1652 2010 1718 2088 φάς,
1742 2013 1766 2070 εί
1781 2009 1857 2070 ἔστιν

240 2133 286 2182 σης
300 2111 326 2168 ίν
340 2114 392 2178 τοῖς
412 2111 463 2192 πρδ
483 2111 575 2171 τούτου
597 2109 801 2192 συγγράμμασιν
820 2107 936 2188 ίστορίας
962 2106 1022 2165 irri-
1070 2101 1200 2183 άπεεροςή
1214 2099 1279 2174 θλη,
1295 2100 1414 2181 θόριστσν
1429 2089 1497 2158 εἶναι
1513 2097 1609 2170 αιἰτήν·
1626 2101 1648 2158 εί
1664 2098 1691 2157 δὲ
1714 2098 1855 2178 ἀόριστος,

202 2229 212 2238 -
239 2220 315 2278 χειν,
330 2195 396 2259 Ὀτι
419 2198 467 2278 μίν
490 2191 534 2260 oie
561 2199 587 2270 θξ
607 2200 776 2280 ἀνθρωπίνην
790 2199 964 2278 ατοχασμῶν,
978 2203 1024 2256 καὶ
1068 2191 1171 2272 ἄλογον·
1182 2194 1205 2250 εί
1217 2189 1352 2269 δίάλογος,
1368 2189 1512 2268 ἄγνωστον.
1526 2185 1674 2268 Ἄγνωστον
1686 2187 1714 2246 δέ
1727 2211 1757 2266 γε
1771 2179 1856 2248 οθσαν

239 2289 339 2360 πολλῆς
362 2288 542 2368 λογομαχίας,
564 2289 609 2350 καί
628 2289 747 2362 πλάνης,
768 2289 828 2348 ἀλλ’
842 2289 891 2348 οὐκ
912 2287 942 2346 ίκ
956 2309 1023 2355 τινος
1068 2281 1148 2355 uiris
1162 2283 1303 2362 ἀναγκαῖον
1317 2271 1382 2340 εἶναι
1397 2280 1527 2340 ἄτακτον·
1543 2283 1596 2358 ὥς,
1617 2277 1768 2356 τεταγμένα
1785 2299 1858 2356 Ῥω·

240 2375 363 2456 σἰκριθοῦς
379 2377 568 2458 καταλήψεως,
583 2382 601 2450 ἡ
621 2376 695 2458 πσρδ
708 2381 761 2444 τοῖς
774 2376 907 2448 Ἕλλησιν
922 2375 1023 2448 θπίστη
1068 2377 1161 2446 σθῆναι
1168 2373 1238 2432 πάνυ
1251 2370 1377 2444 δήπουθεν
1390 2369 1423 2428 δν
1434 2369 1475 2442 είη
1488 2367 1624 2451 ῥᾴδιοντό
1637 2367 1664 2428 di
1677 2363 1793 2426 άτακτον
1804 2368 1859 2446 οὐχ

241 2460 399 2542 φιλοσοφία,
427 2465 456 2522 ίκ
471 2467 517 2536 τῆς
538 2463 603 2543 πρὸς
631 2462 791 2525 Νεκτανεθθι
812 2465 855 2524 τδν
880 2463 1022 2542 Αίγύπτιον
1068 2461 1186 2536 ίστηκεν·
1200 2467 1226 2534 ὅ,
1247 2485 1273 2520 τι
1290 2459 1316 2520 ii
1331 2459 1368 2538 μή
1384 2459 1493 2532 ίστηκεν
1507 2459 1529 2532 ³,
1543 2459 1591 2517 οὐκ
1609 2453 1692 2528 θνείη
1707 2455 1746 2515 όν.
1768 2459 1859 2514 Τοῦτο

241 2551 378 2621 ίπιστσλῆς
391 2555 436 2610 τοῦ
463 2552 613 2634 Πορρυρίου
639 2552 729 2630 μάθοις
748 2553 796 2626 σίν,
821 2553 884 2613 uitri
898 2551 930 2627 δή
944 2557 1023 2614 τοῦτο
1069 2551 1096 2611 δί
1115 2544 1148 2624 ήν
1169 2551 1233 2631 όπερ
1248 2554 1312 2628 ἡμῖν
1332 2552 1421 2617 αὐτοῖς
1446 2545 1674 2626 ὡμολογησάμεθα
1694 2547 1721 2604 ἰν
1735 2551 1791 2610 τοῖς
1811 2543 1859 2621 ἔμ-

241 2635 353 2707 άκοιίσας
367 2641 551 2718 ὁμολογοῦντος
572 2642 598 2699 ἐν
611 2641 720 2709 τούτοις.
1066 2644 1190 2722 προσθεν,
1204 2637 1280 2698 ταυτί
1295 2635 1380 2697 πάντα
1396 2641 1581 2716 συνενεχθῆναι
1592 2637 1631 2716 τῷ
1644 2633 1698 2693 όντι
1711 2633 1856 2710 ἀθέμιστον

242 2859 458 2922 utinteltlgsmus‚
473 2861 562 2926 ecquid
575 2859 657 2910 dirim
670 2861 711 2911 lile
724 2861 1024 2924 naturadignumobun-
1070 2861 1163 2913 veride
1180 2861 1227 2912 deo
1251 2860 1284 2912 ab
1303 2858 1488 2925 antiquioribus
1519 2858 1568 2910 iliis
1592 2856 1725 2920 didicisse.
1752 2871 1782 2908 ac
1809 2871 1858 2909 suo

243 2947 392 3011 tiquioribus
405 2949 552 3014 occeperint.
588 2948 762 3000 Enimvemsb
783 2947 930 3012 ultirnajrm
944 2963 1025 3014 usqne
1070 2963 1195 3016 quemque
1214 2949 1309 3015 trigonio
1325 2949 1360 3000 ita
1381 2949 1407 2999 in
1429 2951 1527 2998 nature
1553 2947 1766 3010 investigationem
1782 2945 1859 2996 loeu-

244 3037 362 3086 mamortu
376 3038 561 3100 superstitiosus
583 3037 624 3088 ille
642 3037 708 3102 apud
730 3039 819 3102 gentes
841 3037 947 3103 plurium
964 3038 1025 3090 dec·
1071 3041 1168 3102 buisse,
1182 3040 1210 3091 ut
1223 3039 1369 3104 coniecturis
1381 3037 1463 3104 potius
1478 3049 1554 3102 quam
1563 3035 1614 3086 uilo
1636 3035 1860 3100 comprehensione

244 3137 300 3174 rum
317 3125 400 3174 cuitus
415 3124 526 3189 rigebat,
546 3125 685 3190 templaque
705 3126 797 3190 passim
820 3129 847 3176 et
866 3127 1027 3178 sacranumi·
1071 3129 1227 3180 niterentur:
1250 3141 1296 3179 cur
1308 3141 1356 3178 nou
1370 3127 1402 3178 de
1414 3126 1510 3190 reliquo
1532 3127 1634 3190 ingenue
1649 3124 1721 3176 uobis
1739 3124 1857 3176 coptiten

243 3225 304 3263 num
319 3213 531 3277 mysteriatamln
543 3214 730 3278 urbibusqurm
744 3215 770 3264 ln
789 3215 929 3278 regionibus
945 3215 1026 3266 omni·
1071 3219 1132 3271 dum
1153 3217 1194 3280 sit,
1217 3217 1278 3268 ulbil
1299 3217 1399 3268 omnino
1416 3220 1507 3281 praeter
1529 3213 1658 3265 scientiam
1679 3215 1858 3279 superioribus

244 3303 292 3354 bus
301 3305 403 3368 antiquo
415 3317 482 3355 more
493 3306 665 3357 servabantur.
703 3305 869 3364 Quamobrem
878 3321 909 3358 ne
920 3307 1027 3358 bumana
1071 3307 1140 3359 libris
1153 3308 1299 3373 explicatum
1315 3308 1417 3372 antiqua
1440 3307 1550 3371 gentium
1573 3306 1695 3370 theologis
1714 3306 1857 3357 contineri?

245 3394 408 3458 quidemtum
422 3409 486 3460 opus
501 3396 736 3460 erotpbiloaopbla,
749 3397 870 3461 siquidem
883 3397 968 3450 divina
984 3413 1026 3450 sa·
1072 3401 1160 3450 ortam
1173 3397 1249 3462 igitur
1262 3411 1316 3448 esse
1339 3398 1485 3448 (trecorum
1498 3394 1678 3460 philosophiam
1699 3409 1748 3446 non
1764 3408 1797 3446 ex
1813 3409 1860 3446 ac-

246 3482 336 3547 pientia
352 3484 434 3534 locum
445 3489 596 3548 occuparat:
612 3498 658 3536 nec
675 3485 797 3550 sapientes
815 3485 870 3537 illos
889 3487 1025 3550 quidquam
1073 3490 1160 3539 curata
1177 3487 1286 3552 quodam
1312 3487 1545 3552 comprehensione,
1568 3485 1611 3536 sed
1636 3499 1667 3536 ex
1695 3485 1784 3536 mentis
1809 3486 1858 3536 bu·

244 3583 336 3622 novare
352 3585 452 3623 necesse
464 3572 550 3636 luit,si
565 3573 634 3624 bonis
649 3575 768 3639 majomm
780 3579 805 3626 et
818 3575 941 3627 institutis
954 3579 980 3627 et
992 3577 1027 3628 le·
1071 3589 1151 3627 muns
1167 3576 1314 3640 conjecturis
1330 3574 1465 3640 multisque
1479 3573 1615 3627 uerborum
1635 3574 1861 3624 concertationibus

244 3660 317 3724 gibus
330 3661 467 3725 respublica
479 3665 614 3726 temperata
625 3665 700 3715 esset.
735 3665 813 3714 immo
835 3678 881 3716 nec
900 3665 1027 3729 preclaris
1072 3669 1098 3715 et
1109 3665 1240 3726 erroribus,
1255 3663 1325 3716 lacile
1335 3663 1539 3728 relePcrpbyrii
1551 3663 1583 3714 od
1596 3663 1793 3715 Necteuabonem
1812 3665 1859 3714 Β·

244 3749 397 3814 pbilosophis
419 3751 457 3800 tot
481 3749 598 3802 lectiones
617 3752 788 3818 comparandis
808 3766 837 3803 ac
861 3753 1027 3805 dissensiones
1071 3752 1181 3818 gyptiurn
1191 3753 1294 3816 epistole
1311 3751 1441 3817 intelligas,
1455 3751 1578 3816 inquuld
1592 3751 1673 3816 ipsum
1684 3751 1787 3802 totidem
1798 3765 1859 3802 ver-

243 3837 425 3888 comrnoreudae
444 3844 528 3906 erunt,
544 3839 566 3890 si
577 3840 656 3905 putris
670 3840 701 3892 de
718 3840 765 3892 dits
778 3841 861 3905 opinio
878 3855 961 3894 seeum
973 3843 1027 3908 ipsa
1070 3841 1109 3894 bis
1121 3841 1207 3894 audies
1214 3841 1380 3894 cendturtern.

243 3930 400 3980 consentiens
423 3932 449 3980 et
469 3943 528 3981 vera
540 3931 702 3994 iudicaretur.
745 3935 806 3984 ltsm
827 3931 888 3996 quid
909 3933 1026 3999 attinuit,
1102 3935 1125 3982 6.
1142 3931 1190 3982 sed
1203 3931 1265 3994 quid
1278 3929 1378 3982 tandem
1387 3933 1427 3982 est
1438 3929 1500 3981 illud
1515 3931 1655 3982 ensillum
1670 3929 1724 3981 bec
1734 3930 1859 3982 elementa

243 4019 330 4066 mutua
345 4017 529 4080 quodammodo
545 4034 631 4084 gerere
643 4021 708 4072 bellu
727 4035 871 4087 pugnasque
886 4023 967 4084 edere,
983 4027 1027 4074 out
1072 4025 1193 4084 quatuor,
1206 4024 1286 4082 terra,
1311 4020 1383 4086 ignis,
1404 4019 1543 4084 medisque
1563 4019 1618 4070 doe
1637 4020 1703 4070 luter
1722 4021 1859 4086 utrumque

245 4108 296 4153 tarn
308 4103 379 4168 longa
402 4120 501 4158 sursum
514 4108 630 4160 deorsum
644 4111 732 4162 itinera
742 4110 881 4174 conticere,
895 4112 1027 4176 cumdque
1072 4111 1186 4159 naturaei
1202 4111 1295 4160 Suntne
1311 4121 1369 4172 ergo
1382 4120 1440 4159 rere
1454 4107 1509 4158 huc
1521 4105 1727 4168 simulunirersa,
1743 4121 1774 4158 en
1788 4121 1859 4158 seor-

244 4192 336 4256 passim
348 4195 373 4242 et
384 4207 442 4244 sues
456 4194 568 4247 barbaris
581 4211 641 4263 opes
653 4199 790 4263 suppllure,
803 4213 880 4264 quum
900 4199 967 4250 domi
982 4215 1025 4265 po-
1072 4211 1126 4248 sum
1138 4212 1168 4248 ac
1182 4211 1263 4264 perse
1273 4197 1385 4262 singula?
1399 4199 1448 4258 Qui
1461 4199 1562 4250 tandem
1573 4199 1721 4249 ulterutram
1731 4197 1780 4248 dici
1796 4213 1856 4262 pos·

246 4281 295 4330 tius
311 4283 437 4332 monentes
451 4283 490 4334 rel
504 4285 578 4336 adiis
597 4287 638 4349 ,si
658 4286 701 4352 qui
717 4287 780 4338 torte
791 4286 827 4338 dii
843 4292 941 4351 essent,
954 4289 995 4341 rel
1012 4304 1027 4342 ιι
1072 4290 1113 4352 sit,
1128 4299 1207 4352 quum
1223 4291 1249 4339 et
1263 4287 1344 4352 genita
1360 4288 1403 4339 illa
1416 4289 1466 4338 sint
1476 4291 1502 4338 et
1519 4285 1664 4350 mutabilis,
1682 4286 1807 4350 siquidem
1827 4301 1858 4338 es

244 4370 364 4434 theologis
385 4385 457 4422 veras
477 4377 606 4440 certasque
625 4389 730 4438 eorum,
747 4391 804 4440 que
827 4379 853 4429 in
875 4379 1027 4445 pbilosophis
1072 4376 1185 4428 ridemus
1196 4390 1254 4428 curn
1267 4375 1320 4428 lieri
1336 4389 1401 4428 exse
1415 4376 1537 4439 invicem,
1552 4379 1605 4426 turn
1617 4375 1653 4426 iia
1666 4389 1767 4440 prorem
1777 4375 1858 4427 inter·

244 4459 411 4524 requiruntur,
425 4464 533 4515 rationes
544 4464 641 4516 discere
655 4466 814 4528 debuisseot;
830 4467 963 4532 dequibus
977 4470 1027 4536 ipsi
1072 4467 1122 4530 ire,
1137 4470 1167 4517 ut
1185 4479 1230 4517 uec
1251 4465 1371 4517 elemento
1390 4468 1520 4526 moueant,
1543 4478 1590 4516 nec
1611 4463 1787 4516 clementorum
1808 4465 1859 4515 ulls

243 4547 375 4599 exantlatis
397 4549 500 4602 induitis
522 4553 644 4604 laboribus
666 4555 732 4605 inter
754 4569 781 4607 se
798 4555 991 4621 dissentientes,
1011 4574 1027 4609 a
1071 4554 1226 4620 complexio?
1238 4557 1326 4619 ltaque
1340 4567 1431 4620 corpus
1440 4555 1487 4606 hoc
1500 4554 1567 4619 quod
1581 4568 1638 4605 rere
1649 4555 1697 4616 sit,
1712 4553 1736 4604 in
1748 4554 1857 4604 elemen-

244 4635 296 4688 reri
309 4637 615 4704 investigationemultum
633 4644 799 4696 oberrarunt?
814 4645 879 4704 Quid
892 4659 966 4712 porro
979 4661 1024 4700 ne·
1072 4645 1104 4696 tis
1118 4643 1221 4710 reperiri
1233 4657 1283 4695 non
1303 4647 1393 4709 potest.
1427 4647 1487 4696 Esto
1504 4664 1511 4694 ε
1530 4643 1661 4696 elementis
1675 4643 1778 4694 bccnou
1795 4655 1859 4692 eon-

242 4739 311 4778 eesss
322 4727 371 4778 illis
383 4728 437 4791 luit,
450 4743 514 4783 nors
527 4733 640 4796 quedem
656 4731 689 4784 de
701 4733 748 4784 diis
762 4735 915 4786 comminisci
926 4737 1025 4800 sudere,
1073 4733 1160 4797 renit3
1175 4737 1201 4784 at
1212 4734 1315 4785 muteris
1324 4747 1369 4785 ens
1382 4747 1436 4785 esse
1447 4736 1537 4799 potest.
1571 4732 1646 4798 Atqui
1659 4733 1691 4783 ab
1700 4745 1730 4783 eo
1746 4731 1858 4782 omniurn

241 4819 285 4866 out
297 4817 361 4866 luter
372 4831 398 4868 se
410 4823 505 4872 certare
516 4823 542 4872 et
552 4821 696 4886 digladiari,
710 4823 730 4873 si
747 4823 821 4876 modo
833 4830 903 4876 certa
915 4829 941 4878 et
954 4827 1024 4878 unua
1072 4825 1211 4888 longissimo
1223 4823 1296 4876 obest
1315 4823 1434 4886 materia,
1448 4824 1507 4886 quis
1526 4822 1647 4874 infirmior
1657 4821 1698 4872 illa
1711 4825 1765 4884 est,
1783 4837 1858 4886 qnam

242 4899 273 4955 de
289 4905 338 4956 dits
357 4905 521 4972 existimatio,
540 4924 651 4976 veraque
671 4911 794 4976 religionis
807 4915 914 4979 comitio
936 4916 1027 4979 prisco
1071 4931 1128 4980 quse
1137 4918 1276 4968 constanter
1286 4929 1431 4980 permanere
1445 4919 1528 4982 queat.
1572 4917 1617 4964 Est
1629 4913 1694 4964 enim
1705 4913 1799 4963 ilumen
1818 4925 1858 4961 εε-

242 5009 297 5046 rum
309 4995 435 5052 bominum
448 5003 594 5055 cerimoniis
605 5019 636 5056 ac
648 5007 771 5069 mysteriis
782 5009 932 5071 caeterisque
949 5008 1024 5059 urite
1071 5005 1155 5069 pidum
1169 5009 1195 5056 et
1210 5005 1368 5066 concitatum,
1386 5003 1480 5056 inlinitu
1492 5006 1518 5054 et
1527 5002 1648 5054 immensa
1660 5015 1709 5068 qus
1719 5000 1854 5060 altitudine,

242 5080 371 5149 theologis
383 5091 519 5144 rationibus
535 5094 716 5158 continebatur,
733 5109 810 5160 quum
832 5097 875 5147 illo
887 5095 939 5160 ipe
961 5111 1025 5150 conr·
1070 5108 1120 5158 qua
1132 5093 1270 5156 latitudine,
1284 5109 1334 5162 qua
1346 5093 1505 5158 longitudine.
1535 5095 1598 5143 Turn
1607 5093 1693 5156 paucis
1706 5089 1856 5156 qubusdam

242 5171 310 5220 '⁰⁰⁰¹
325 5177 479 5234 l⁰steromm
500 5195 622 5252 muscoso
638 5187 664 5234 ct
681 5185 829 5248 pmtessione
840 5186 933 5251 integra
947 5186 1022 5237 relin-
1071 5184 1203 5248 interjectis
1218 5203 1224 5233 :
1239 5183 1414 5247 quamobrem,
1427 5180 1523 5246 inquit,
1540 5181 1660 5244 preclare
1677 5179 1776 5232 dictum
1794 5177 1856 5230 tltud

241 5257 283 5322 qui
296 5263 397 5322 posset?
411 5265 452 5316 sin
469 5273 552 5320 autem
573 5275 693 5337 spprret,
712 5273 862 5326 recentiores
881 5274 942 5326 istos
963 5275 1023 5326 nibil
1071 5277 1118 5336 est,
1132 5271 1271 5338 materiam,
1283 5273 1305 5324 al
1312 5275 1346 5324 stt
1361 5272 1528 5335 interminata,
1542 5284 1597 5322 esse
1607 5269 1745 5332 inlinitum
1759 5269 1781 5320 si
1798 5281 1857 5320 rere
