3958 5942
218 383 274 446 tttd
715 383 840 446 surlet
861 383 1066 448 Puerorum
1088 387 1320 453 Pflrbosornt

193 555 200 566 ·
257 515 421 594 (Eusebius
436 515 753 596 Praepar·.Evang.iib.
768 517 820 579 XV
835 539 899 600 cap.
916 541 932 593 μ
950 527 993 582 τοῦ
1041 522 1231 606 μίν,πρδςτῇ
1252 531 1326 606 κοινῇ
1339 526 1441 599 κινήσει
1462 529 1514 586 τῦν
1530 527 1648 608 ἄστρων,
1670 534 1730 590 καθ’
1743 531 1776 605 ἣν
1791 535 1820 592 ἀν

215 605 295 665 αὐτοῦ
310 607 375 686 πρδς
388 605 433 666 τὸν
448 604 540 679 αὐτόν,
556 605 679 682 πέμπτην
698 606 828 682 σωμάτων
842 609 995 686 ύπστιθέμε-
1040 621 1097 680 ταῖς
1112 615 1234 697 σφαίραις
1249 615 1409 694 ἐνδεδεμένοι
1432 625 1562 678 κινοῦνται
1584 619 1677 687 πάντες
1697 622 1720 679 ei
1736 622 1822 680 ἀστέ-

216 714 257 752 ιον
278 693 389 768 οὐσίαν,
404 693 437 766 ἣν
461 693 519 754 οὔτε
536 696 635 764 Μωσῆς
656 694 715 754 ούτε
732 695 845 756 Πλάτων
861 696 993 778 γινώσκει.
1041 725 1098 782 ρες,
1114 699 1140 761 ai
1159 727 1187 762 τε
1202 706 1328 772 ἀπλανεῖς
1353 704 1400 765 κοιλ
1421 708 1444 766 οί
1467 705 1647 784 πλανώμενοι,
1663 709 1707 768 καί
1728 711 1822 790 ἑτέραν

214 779 322 861 Scripsi
338 787 375 842 :¹
397 781 440 840 ἐπὶ
464 780 511 858 μέν
527 784 580 840 τῶν
599 777 704 865 σίλλων]
724 805 789 843 cum
813 785 898 846 codd.
924 794 996 864 inter
1040 793 1124 858 αὐτοῖς
1139 789 1149 827 ¹
1167 792 1271 864 κίνησιν
1285 793 1456 867 ἀποδίδωσιν,
1474 794 1506 867 ἣν
1519 795 1550 866 δέ,
1566 795 1610 854 καὶ
1631 797 1716 864 ἄλλως
1727 797 1821 856 καλλί-

212 885 328 933 coetera.
343 872 481 931 Similiter
497 869 657 951 Sophocles
672 873 770 950 antig.
786 893 829 934 va.
844 875 902 952 789
914 875 959 934 καί
971 875 995 934 σί
1033 905 1097 955 στην
1113 872 1180 939 αίναι
1203 877 1372 956 σνμόίόηκε,
1395 876 1441 937 καί
1463 876 1652 955 προσήκουσαν
1676 879 1764 936 αὗτεῦν
1784 883 1820 960 τῇ

212 957 268 1018 οὔτ’
286 961 422 1020 ἀθανάτων
437 959 545 1042 φύξιμος
565 959 663 1032 ούδείτ,
678 961 730 1020 oea'
746 960 861 1040 inspirer
884 962 924 1021 ἀπ’
946 967 995 1022 ἀν·
1033 971 1109 1053 φύσει
1132 974 1178 1030 τοῦ
1198 967 1330 1044 σώματος.
1359 965 1497 1044 Σραιρικοί
1524 963 1575 1044 γάρ
1598 965 1686 1038 όντες,
1710 965 1819 1034 εἰκότως

212 1046 340 1127 δρώπων,
363 1051 431 1108 item
461 1049 602 1108 Aristides
625 1049 838 1109 Panathenaico
862 1064 932 1110 tom.
959 1052 991 1125 l,
1039 1055 1180 1136 σφαιρικὴν
1193 1055 1225 1115 ἀν
1236 1077 1294 1116 τινα
1313 1056 1414 1126 κίνησιν
1430 1053 1539 1124 ἕκαστος
1555 1065 1653 1115 κινοῖτο
1673 1055 1823 1135 περιδιιού-

212 1157 241 1214 p.
254 1139 293 1214 96
307 1136 373 1215 μόνῃ
387 1142 420 1217 τῇ
432 1137 506 1197 πόλει
522 1138 564 1197 ἰπὶ
576 1141 626 1198 τῶν
643 1141 796 1212 ίλληνικῶν.
815 1171 855 1186 -
866 1137 879 1176 '’
890 1137 925 1208 ὥς
937 1165 994 1199 τινα
1039 1165 1129 1219 μενος·
1145 1145 1159 1200 δ
1178 1143 1222 1215 δέ,
1244 1142 1290 1202 καί
1305 1141 1401 1214 ταύτης
1424 1145 1575 1223 ἀφαιρεῖται
1588 1149 1602 1190 ⁸
1623 1149 1670 1215 τῆς
1690 1142 1820 1216 κινήσεως

211 1222 286 1308 θεῖα]
303 1225 387 1284 codd.
408 1228 443 1292 ὡς
457 1227 520 1285 όντα
543 1227 614 1298 θεῖα,
633 1225 718 1305 eujus
736 1229 799 1288 ioco
814 1227 937 1305 Vigerus
960 1232 995 1296 ὡς
1038 1229 1146 1308 αὐτούς,
1161 1230 1193 1302 ἣν
1207 1233 1242 1297 ὡς
1254 1228 1368 1311 ἔμψυχοι
1381 1234 1530 1304 κινοῦνται,
1545 1231 1626 1306 μόνην
1638 1229 1665 1288 δέ
1680 1231 1821 1290 ἀπολείπει

210 1305 254 1370 oia
271 1313 304 1372 τά
320 1318 376 1372 θεῖα
394 1314 484 1373 scribi
508 1317 644 1374 voluerat.
658 1351 697 1361 -
719 1313 881 1398 ‘'Opqpoe]
909 1317 991 1378 iliad.
1014 1315 1019 1350 '
1037 1317 1085 1389 τλν
1100 1320 1143 1376 ὑπ’
1156 1317 1242 1376 ἀλλων
1256 1320 1309 1377 τῶν
1321 1317 1508 1398 περιεχόντων,
1520 1316 1611 1398 ὥσπερ
1627 1317 1737 1398 ἀψύχοις
1752 1341 1822 1394 συμ-

212 1401 263 1462 iib.
278 1405 305 1462 ΙΙ
323 1423 368 1464 vs.
382 1404 530 1480 478-479.
544 1405 594 1478 -)
1039 1404 1191 1467 ύαίνουσαν.
1207 1407 1261 1466 Καὶ
1276 1406 1307 1478 δὴ
1322 1403 1368 1464 καί
1384 1429 1449 1486 ιρησι
1459 1407 1506 1476 τὴν
1519 1406 1658 1484 γινομένην
1671 1406 1822 1487 ραντασίαν

250 1513 274 1551 o.
290 1489 406 1551 Ἔπειτα
424 1491 522 1560 τούτοις
543 1491 658 1570 έπόμενα
678 1493 777 1566 πολλά,
794 1496 822 1553 ἀν
844 1483 881 1559 οἷς
904 1495 992 1573 διαρέ·
1039 1498 1102 1568 ἡμῖν
1117 1496 1170 1556 ἀπδ
1185 1498 1236 1554 τῶν
1255 1493 1371 1575 ἀστέρων
1385 1499 1420 1562 ὡς
1432 1493 1589 1572 κινουμένων
1601 1495 1683 1564 πάθος
1696 1486 1762 1555 εἶναι
1772 1501 1823 1568 τῆς

212 1603 313 1660 ρονται.
327 1579 362 1638 ‘0
381 1579 428 1654 μέν
443 1581 494 1660 γάρ
510 1604 590 1660 φησι,
606 1579 640 1639 τά
659 1585 717 1640 κατ’
734 1581 842 1661 οὐρανὸν
856 1580 904 1653 τὴν
919 1581 992 1641 πλεί-
1037 1582 1166 1662 ἡμετέρας
1175 1583 1257 1665 ὄψεως
1268 1587 1281 1624 ¹¹
1291 1583 1478 1662 dipensatione,
1488 1583 1533 1642 καί
1543 1583 1659 1664 ὡσπερεί
1671 1583 1821 1660 σειομένης,

210 1692 276 1740 στην
291 1667 363 1728 ἰδέαν
380 1670 410 1726 ἐκ
422 1669 501 1748 πυρδς
517 1675 528 1704 ⁸
542 1669 627 1748 ἔχειν·
639 1673 653 1727 δ
666 1669 710 1743 δέ,
726 1671 838 1748 μηδαμῆ
853 1668 993 1746 1’μετεῖναι
1038 1671 1161 1742 ἀλήθειαν
1174 1673 1202 1732 δὲ
1218 1675 1266 1732 οὐκ
1284 1663 1364 1732 εἶναι·
1386 1672 1475 1753 ὥσπερ
1492 1672 1632 1738 Πλάτωνος
1655 1673 1708 1732 ἀπὸ
1720 1675 1822 1746 ταύτης

105 1757 106 1760 '
211 1765 265 1824 τοῖς
283 1755 411 1835 otperto<
432 1755 521 1834 πυρός.
541 1755 593 1820 Καί
615 1760 629 1814 δ
652 1757 699 1832 μέν
715 1780 808 1838 φησιν.
831 1758 929 1838 ἀνάψαι
949 1759 992 1816 τὸν
1037 1766 1084 1832 τῆς
1100 1761 1262 1840 φαντασίας,
1275 1761 1323 1835 τὴν
1337 1761 1401 1840 ὑπὲρ
1416 1766 1462 1832 τῆς
1474 1761 1599 1832 κινήσεως
1612 1761 1698 1820 πίστιν
1711 1761 1821 1838 λαμόά-

210 1845 266 1904 θεὸν
281 1847 335 1926 qo<
357 1847 384 1904 έν
404 1847 437 1924 τῇ
461 1845 568 1925 δευτέρα
590 1850 602 1880 ⁰
621 1845 686 1924 πρὸς
701 1849 749 1923 γῆν
764 1846 891 1926 περιόδῳ,
905 1844 939 1904 ἵν’
953 1845 993 1906 ότι
1038 1871 1138 1924 νοντας,
1151 1850 1210 1908 ἀλλ’
1227 1851 1272 1907 οῦκ
1291 1847 1404 1908 ἀπὸτοῦ
1419 1848 1507 1927 λόγου,
1529 1855 1573 1906 τοῦ
1587 1849 1764 1922 διδάσκοντος,
1779 1848 1818 1905 δτι

210 1933 329 2002 μάλιστα
339 1935 375 1998 είς
390 1931 494 1992 ἅπαντα
508 1931 623 2010 φαίνοιτο
634 1930 647 1968 ‘¹
658 1932 702 1992 τδν
715 1935 836 2014 οὐρανόν,
847 1934 907 2014 περί
918 1934 993 2006 ἡλίου
1038 1938 1139 2014 ἀνάγκη
1157 1936 1256 1996 τούτων
1271 1933 1391 2010 ἕκαστον,
1404 1939 1469 2016 ζῷον
1482 1936 1544 1994 όντα
1558 1935 1605 1994 καί
1621 1935 1709 2016 ψυχὴν
1721 1936 1819 2015 ἔχοντα

209 2019 239 2079 τδ
253 2025 369 2080 τοιοῦτον
385 2021 606 2101 ἀποφαινόμενος·
621 2023 634 2080 δ
650 2020 693 2093 δέ,
708 2021 754 2080 ότε
770 2023 817 2080 οὐκ
831 2023 926 2081 tedas
940 2029 992 2102 πῦρ
1038 2025 1082 2082 καί
1107 2029 1199 2102 σῶμα,
1226 2028 1353 2084 κινεῑσδαι
1371 2025 1419 2095 τὴν
1442 2023 1509 2082 ἰδίαν
1532 2025 1648 2095 κίνησιν
1671 2025 1746 2098 (πᾶν
1766 2025 1820 2103 γὰρ

210 2099 276 2168 ι’ίναι
289 2110 335 2170 τὸν
348 2111 438 2184 ἥλιον,
455 2109 485 2168 τδ
502 2111 529 2169 δέ
545 2115 599 2192 φῶς
614 2110 688 2178 εἰδὼς
706 2117 758 2190 πῦρ
779 2111 912 2192 καθαρόν,
930 2113 947 2184 ἤ
967 2136 992 2171 τι
1038 2115 1129 2190 σῶμα,
1143 2105 1163 2194 ᾧ
1178 2114 1226 2186 μέν
1239 2112 1330 2180 ἔξωθεν
1343 2111 1373 2171 τό
1387 2117 1530 2188 κινεῖσθαι,
1542 2103 1686 2192 nidoque-a}
1701 2112 1728 2170 δέ
1744 2113 1820 2171 ἔνδο-

208 2197 289 2278 πυρδς
301 2197 345 2274 όν,
357 2203 405 2260 ούκ
415 2197 553 2278 ίπιτρέπει
563 2203 616 2280 φῶς
630 2199 689 2280 περί
703 2199 780 2260 αύτδν
795 2202 916 2280 ἀνῆρδαι.
928 2199 991 2261 Ἔτι
1032 2193 1079 2260 Ιθεν
1094 2200 1139 2258 καί
1151 2200 1176 2269 ii
1189 2205 1293 2274 ἑαυτοῦ,
1308 2199 1443 2280 ἔμψυχον·
1456 2200 1467 2277 )
1480 2199 1631 2274 κινούμενον
1644 2199 1681 2270 δέ,
1693 2199 1739 2258 ἅτε
1751 2206 1820 2260 θεῖον

9 2293 189 2341 ''N-a..
198 2291 223 2352 ό
238 2287 303 2368 μέν,
325 2288 385 2349 κατ’
399 2279 464 2356 εἶδος
480 2289 627 2370 ἀφθαρσίαν
647 2288 786 2366 ἀπονέμων
801 2298 854 2358 τοῖς
874 2289 932 2348 κατ’
947 2291 993 2348 σύ-
1040 2280 1120 2352 όντα,
1137 2281 1184 2352 τὴν
1199 2285 1345 2354 καλλίστην
1360 2288 1489 2342 κινεῖσθαι
1510 2283 1626 2354 κίνησιν·
1638 2283 1784 2358 καλλίστης
1799 2285 1822 2342 δ’

209 2381 285 2460 pavia
301 2377 417 2452 ἅπασιν,
434 2377 617 2458 ἀποχωρήσεις
629 2379 701 2445 τινὰς
712 2379 798 2437 αὐτῶν
813 2377 858 2437 καὶ
871 2401 994 2458 προσ-μ»
1039 2371 1117 2440 οὔσης
1127 2372 1174 2440 τῆς
1185 2371 1211 2428 ἒν
1225 2369 1313 2452 κύκλῳ
1325 2373 1462 2446 κινήσιας,
1477 2373 1820 2446 subministrantium.

211 2469 299 2546 ρήσεις
316 2474 328 2502 ⁸
342 2466 507 2548 συμμέτρους
523 2467 587 2548 φησὶ
608 2467 736 2547 γίνεσθαι.
754 2465 941 2546 Ἀναγκιίζουοι
965 2467 991 2525 δέ
1038 2464 1073 2526 Ἥ
1089 2464 1116 2524 δέ
1130 2465 1250 2537 αἴσθησις
1265 2462 1298 2522 τά
1314 2463 1361 2538 μὲν
1374 2467 1404 2523 ίκ
1418 2467 1463 2522 τοῦ
1477 2462 1555 2540 λόγου
1571 2468 1729 2542 μαρτυροῖτο
1739 2459 1770 2519 δν
1784 2465 1819 2528 ὡς

208 2556 286 2612 αὐτὸν
301 2554 386 2632 λέγειν
401 2552 618 2631 ταῦτα,τδιςμὲν
633 2555 799 2633 ἀποκρίσεις,
816 2551 993 2620 αίτεάκτῒνες
1038 2551 1200 2625 ἀληθεύουσα
1208 2598 1217 2624 ,
1236 2553 1265 2612 οὗ
1289 2553 1341 2631 μὴν
1359 2555 1426 2624 αῦτη
1446 2553 1565 2633 παρέσχε
1594 2551 1642 2622 τὴν
1663 2556 1751 2609 πίστιν
1770 2553 1820 2620 τῆς

208 2650 253 2702 τοῦ
267 2641 342 2714 ἡλίου
365 2643 411 2702 καί
428 2643 584 2723 θερμότητες
606 2642 675 2702 κατδι
692 2643 836 2726 ἀπόρρυσιν
853 2645 933 2701 αὐτοῦ
948 2665 992 2718 γι-
1037 2641 1170 2714 κινήσεως.
1187 2641 1255 2722 Περὶ
1269 2639 1296 2699 δὲ
1311 2643 1356 2712 τῆς
1371 2645 1416 2700 τοῦ
1440 2641 1538 2707 παντὸς
1556 2639 1700 2715 κινήσεως,
1715 2641 1750 2708 ὡς
1770 2638 1819 2714 μὲν

212 2732 328 2806 σύμεναι·
345 2731 393 2798 τδς
407 2731 433 2790 δέ
449 2731 630 2811 προσκρίσεις,
646 2737 662 2803 ἡ
678 2731 722 2802 ἴση
738 2737 784 2791 τοῦ
803 2730 926 2809 μεγέθους
946 2733 992 2789 σύ·
1036 2730 1083 2790 οὐκ
1101 2733 1125 2790 tv
1146 2729 1235 2810 κύκλῳ
1249 2727 1300 2789 τινί
1315 2729 1431 2807 γίνεται,
1453 2727 1595 2806 νικώμενος
1609 2727 1660 2786 ὑπὸ
1674 2732 1721 2798 τῆς
1740 2731 1821 2806 ἀναρ-

208 2823 254 2878 τοῦ
270 2821 356 2934 μάσις.
374 2821 415 2880 Οὐ
430 2819 482 2898 γάρ
505 2821 537 2876 δν
560 2819 651 2892 ἤθελεν
665 2819 711 2879 ἴσα
727 2820 883 2901 ραίνεσδαι,
909 2821 990 2896 μηδὲν
1035 2819 1121 2898 γείας,
1137 2820 1186 2877 οὗκ
1200 2819 1275 2898 ἔσχεν
1292 2822 1421 2878 ἀντειπεῖν
1435 2818 1575 2878 Πλάτωνι·
1592 2820 1702 2896 παρεῖχε
1715 2815 1820 2875 δίκάν·

208 2909 264 2966 ἀνθ’
275 2931 311 2966 ων
323 2906 415 2989 ἀφίησι
426 2905 607 2984 λαμόάνοντα.
620 2905 655 2967 Ὁ
666 2905 693 2966 δί
707 2906 888 2987 Ἀριστοτέλης
902 2907 989 2980 πάντη
1035 2912 1119 2966 ταῦδα
1134 2906 1261 2986 διαμορδιν
1275 2909 1347 2987 αὐτῷ
1358 2907 1387 2965 τδ
1400 2907 1480 2967 καλὸν
1496 2912 1573 2964 τοῦτο
1585 2905 1688 2984 εύρημα
1701 2911 1747 2963 τοῦ
1762 2904 1820 2964 σιύ-

210 2995 297 3073 μένειν
322 2997 366 3056 ἐπί
387 2999 435 3068 τῆς
456 2997 535 3068 αὐτῆς
555 2995 643 3064 οὐσίας
668 2994 735 3055 αιἰτδι
758 2995 896 3076 βούλεται,
922 2995 989 3074 μήτε
1036 3018 1127 3075 ματος.
1150 2995 1186 3056 ‘0
1209 2995 1256 3072 μέν
1279 2995 1330 3076 γδιρ
1350 2997 1480 3073 Πλάτων,
1505 2993 1552 3053 ἅτε
1575 2993 1656 3052 ὄντοιν
1682 2993 1819 3072 τεσσάρων

206 3083 274 3153 τινδς
289 3085 374 3152 αιἰτοῖς
395 3085 612 3164 ἀποχωροῦντος,
635 3084 703 3160 μήτε
719 3085 879 3166 προσιόντος.
895 3083 956 3145 Ἔτι
975 3087 990 3143 ό
1035 3083 1183 3161 σωμάτων,
1198 3083 1243 3142 καί
1267 3084 1372 3144 πάντων
1388 3081 1466 3163 φύσει
1479 3081 1639 3159 κινουμένων
1664 3079 1752 3152 διπλῆν
1772 3080 1820 3139 καὶ

238 3313 262 3355 o.
275 3307 424 3368 Sequuntur,
437 3305 523 3370 inquit,
535 3305 581 3355 aiia
593 3304 811 3366 deindomuita,iu
819 3303 910 3366 quibus
919 3303 992 3353 ambo
1035 3303 1156 3366 assignat,
1167 3315 1241 3366 quem
1251 3305 1276 3354 et
1285 3300 1378 3366 alioqui
1393 3299 1589 3364 pulcherrimum
1602 3313 1658 3350 esse
1671 3302 1695 3349 et
1708 3313 1765 3349 cum
1778 3303 1821 3348 ta-

206 3393 271 3443 inter
295 3407 322 3444 se
343 3393 471 3445 dissident.
494 3394 590 3458 Quippe
612 3393 749 3444 eoeiestiuuu
776 3406 860 3444 rerum
885 3392 990 3456 speeiem
1035 3390 1096 3440 tium
1114 3403 1247 3455 carporum
1262 3391 1351 3440 natura
1368 3388 1529 3453 conjunctum
1548 3402 1604 3440 essa
1617 3391 1721 3438 constat.
1734 3391 1821 3442 Ouum

207 3481 315 3532 maxime
330 3483 401 3532 Plato
423 3482 480 3531 iacit
492 3496 522 3532 ex
537 3482 607 3545 igne:
624 3481 768 3532 Aristoteles
783 3483 854 3545 negat
871 3479 922 3529 itiis'
933 3495 990 3530 eum
1035 3479 1161 3530 animilia
1178 3477 1285 3543 globosa
1301 3457 1363 3538 sini,
1377 3479 1433 3542 jure
1451 3477 1552 3528 volubili
1564 3477 1672 3541 quodam
1692 3481 1718 3526 et
1731 3475 1757 3526 iu
1772 3489 1819 3525 ou·

207 3569 262 3634 igne
276 3570 410 3636 quidquam
423 3583 551 3620 communae
574 3583 636 3620 esse.
654 3573 733 3634 Atque
745 3569 786 3620 iiie
798 3570 897 3633 quidem
916 3569 1003 3619 ιίιειιιιι,
1037 3568 1090 3617 bum
1112 3571 1168 3618 aeto
1187 3569 1257 3618 motu
1273 3566 1374 3630 singutas
1394 3566 1514 3617 cieautur.
1535 3568 1567 3616 at
1587 3564 1732 3615 Aristoteles
1753 3564 1823 3614 bunc

207 3659 241 3709 ait
255 3659 285 3710 ad
308 3659 444 3710 secundum
466 3673 539 3722 supra
559 3663 650 3708 terram
670 3657 789 3707 ambitum
805 3657 885 3707 tumen
903 3669 990 3707 aceen-
1035 3670 1134 3721 quoque
1147 3660 1243 3706 motum
1257 3655 1307 3705 iilis
1318 3653 1403 3718 eripit,
1417 3666 1468 3717 quo
1479 3657 1599 3716 tanquam
1611 3653 1726 3704 animata
1740 3665 1820 3716 σμασ-

207 3750 290 3810 disse,
306 3751 335 3798 ut
349 3749 437 3798 auitum
453 3747 545 3811 passim
559 3759 630 3796 omne
646 3759 721 3810 quam
737 3746 844 3796 maxime
857 3745 989 3796 ooiiustra-
1037 3751 1086 3811 tur,
1099 3727 1206 3810 eumque
1217 3746 1297 3796 seium
1308 3745 1437 3810 relinquit,
1449 3745 1493 3810 qui
1507 3744 1540 3795 ab
1555 3744 1609 3794 aitis
1618 3743 1785 3794 ambientibus
1793 3745 1822 3792 et

207 3841 258 3899 ret,
280 3837 312 3888 de
326 3837 377 3888 sote
403 3837 451 3886 tate
471 3835 532 3899 quid
555 3833 716 3900 pronuntians
732 3855 738 3886 ι
754 3834 797 3885 sed
816 3833 870 3896 bie,
887 3833 954 3898 quod
967 3837 992 3884 et
1037 3837 1235 3900 inminentibus,
1249 3840 1367 3901 tanquam
1379 3835 1494 3887 inanimis
1504 3837 1634 3888 atteratur.
1650 3835 1724 3886 aedit
1732 3835 1821 3894 etiam,

208 3925 286 3976 satum
298 3925 378 3988 ἱραωιι
393 3937 448 3974 esse
463 3923 538 3982 uniit,
552 3925 578 3973 et
595 3923 678 3974 iumen
691 3925 736 3973 aut
750 3921 875 3988 puriorem
893 3920 990 3986 iguem,
1036 3929 1102 3990 quod
1126 3927 1220 3978 moveri
1239 3925 1310 3976 nobis
1331 3925 1410 3976 statie
1429 3925 1569 3987 videantur,
1594 3925 1618 3973 id
1636 3923 1776 3974 infirmioris
1793 3927 1823 3972 et

207 4017 251 4063 tui
271 4013 366 4076 inquid
383 4012 415 4062 ib
435 4013 489 4076 58⁰⁰
509 4011 649 4076 ii⁰f0⁰i⁰¹¹¹
662 4023 717 4062 ⁶⁸⁸⁰
737 4010 815 4073 sciat,
831 4009 915 4062 lumen
936 4009 992 4060 ¹⁶0⁰
1036 4017 1107 4082 quasi
1121 4016 1267 4082 trepidantis
1282 4016 1347 4066 ocuti
1360 4015 1421 4067 vitio
1433 4015 1503 4078 beri,
1519 4028 1598 4078 neque
1614 4014 1650 4064 ita
1665 4027 1692 4063 se
1705 4027 1758 4064 rem
1772 4013 1821 4062 ba-

207 4103 273 4154 tiaca
286 4102 364 4152 sotem
375 4114 504 4152 accensum
517 4115 571 4152 esse
580 4114 628 4151 neu
639 4099 758 4150 correedit.
774 4101 897 4150 Praeterea
907 4099 991 4150 territae
1036 4104 1094 4156 bere
1114 4125 1121 4155 2
1137 4105 1238 4170 'prinde
1260 4117 1290 4154 ac
1310 4103 1332 4154 si
1350 4104 1422 4154 Plato
1435 4101 1510 4154 tatem
1529 4106 1626 4153 motum
1638 4102 1685 4153 nee
1698 4101 1753 4152 viso
1771 4099 1822 4150 sibi

208 4194 322 4256 respectu
341 4191 552 4242 irnmortaiitatem
565 4191 707 4240 craiestibus
728 4189 825 4240 cunctis
839 4189 990 4250 attribuens,
1036 4193 1201 4257 persuaserit,
1217 4206 1246 4243 ae
1259 4207 1307 4242 non
1327 4194 1412 4258 potius
1432 4191 1534 4243 matonis
1553 4192 1605 4242 vim
1625 4194 1651 4242 et
1666 4193 1821 4241 momentum

207 4278 364 4333 decessiones
384 4279 409 4328 in
435 4278 468 4329 iis
490 4278 693 4343 accessionesque
715 4279 817 4330 mutuas
837 4278 992 4342 proportione
1036 4285 1163 4346 sequatur,
1175 4280 1330 4346 quadoeet,
1344 4281 1552 4347 quemadmodum
1564 4293 1721 4344 uanaquaque
1734 4291 1822 4329 earum

208 4367 315 4434 quadam
328 4365 428 4417 evenire
440 4365 521 4416 docet.
535 4369 615 4424 Quam
630 4363 818 4428 philosophandi
830 4364 948 4416 rationem
961 4363 992 4414 ab
1036 4369 1147 4420 animans
1157 4369 1202 4432 sit,
1214 4371 1301 4434 utpote
1312 4370 1394 4421 animo
1408 4369 1519 4422 simulet
1532 4383 1635 4435 corpore
1652 4367 1771 4434 praedita,
1782 4367 1822 4416 sic

208 4472 238 4511 eo
251 4457 368 4522 expressit
384 4455 530 4517 necessitas,
544 4459 573 4504 ut
584 4453 738 4505 uieocsaiones
749 4452 850 4517 quidem
862 4456 991 4515 atatueaet,
1038 4471 1083 4508 suo
1103 4458 1211 4522 quodum
1225 4463 1294 4510 motu
1308 4473 1364 4510 eam
1381 4457 1477 4510 incitari
1495 4479 1501 4510 ι
1525 4461 1631 4524 (corpus
1650 4455 1716 4508 enirn
1731 4468 1820 4514 omne,

208 4546 275 4612 quod
288 4559 303 4598 e
314 4546 367 4597 soie
376 4545 439 4596 radii
453 4547 479 4596 et
490 4543 583 4594 catores
597 4557 641 4608 per
652 4543 778 4594 ebiuvium
791 4545 893 4605 exeant,
906 4556 991 4594 acces·
1036 4547 1102 4609 quod
1126 4552 1241 4599 mouetur
1262 4549 1434 4611 extrinsecus,
1454 4549 1587 4598 tarentinum
1605 4551 1658 4607 est;
1675 4545 1742 4611 quod
1762 4559 1823 4594 τετυ

209 4637 291 4688 stenes
302 4649 378 4696 vere,
391 4634 457 4699 quod
470 4633 574 4698 aequalis
586 4634 641 4698 ejus
655 4632 799 4698 magnitudo
808 4644 906 4697 semper
919 4644 992 4696 appa·
1036 4635 1151 4687 interiore
1159 4639 1186 4688 at
1196 4650 1241 4688 suo
1252 4641 1323 4688 matu
1335 4637 1422 4697 cietua
1437 4637 1591 4699 animatum)
1606 4658 1612 4687 :
1626 4637 1757 4686 sinautem
1768 4647 1824 4684 ruu-

212 4727 274 4777 reat.
287 4727 372 4788 Neque
390 4723 454 4774 enim
475 4713 596 4788 aqualem
612 4719 694 4772 visum
707 4721 740 4772 iri
753 4719 927 4784 arbitrabatur,
947 4719 993 4770 nisi
1038 4728 1135 4789 reatur,
1149 4725 1207 4790 quia
1218 4725 1301 4778 divina
1313 4725 1363 4788 sit,
1376 4727 1542 4791 pulcherrimo
1555 4739 1609 4777 eam
1622 4727 1692 4776 motu
1708 4723 1763 4787 uti,
1776 4723 1824 4789 qui

209 4817 263 4881 ejus
274 4813 341 4881 qnod
353 4813 491 4864 dimitteret
511 4811 566 4863 ioco
580 4811 673 4878 aliquid
684 4811 874 4863 nancisceretur.
896 4810 994 4861 aristo·
1037 4825 1115 4878 quum
1135 4829 1182 4864 nan
1200 4815 1263 4865 atius
1277 4815 1322 4877 sit,
1341 4829 1415 4882 quarn
1436 4815 1477 4866 bie
1495 4813 1520 4866 in
1537 4815 1623 4866 orbem
1641 4814 1822 4876 circumactus,

210 4905 271 4956 teies
285 4917 346 4956 vere
361 4903 429 4954 omni
442 4915 473 4952 ex
488 4905 557 4966 parte
573 4901 597 4951 in
612 4899 697 4951 eadem
710 4901 765 4951 illas
777 4899 916 4952 substantia
936 4913 992 4964 per·
1039 4903 1105 4954 hune
1122 4904 1196 4954 ettam
1216 4903 1316 4954 omnino
1334 4917 1388 4954 eam
1402 4903 1493 4955 αοαιῑη.
1506 4905 1599 4956 sensus
1616 4906 1699 4954 autem
1718 4915 1779 4952 vera
1797 4900 1824 4950 in

209 5007 309 5044 merere
322 4993 444 5056 ruit,nee
457 4991 487 5042 iis
497 4993 541 5041 aut
551 4989 671 5041 decedam
682 4989 831 5052 quidquam,
841 4991 885 5039 aut
895 4987 994 5037 omnino
1039 4990 1085 5040 boe
1104 5002 1192 5054 genere
1208 4991 1364 5051 renuntians,
1377 4989 1492 5052 quamvis
1510 4989 1576 5040 iiiam
1594 4988 1696 5039 rationis
1710 4999 1823 5038 normam

211 5079 336 5130 acenteta.
350 5080 444 5130 Preter
460 5091 616 5130 eommunem
627 5078 698 5128 ilium
715 5081 827 5142 motum,
840 5092 891 5144 quo
903 5076 992 5128 suisin
1037 5079 1176 5130 testimonio
1198 5093 1243 5130 suo
1256 5078 1400 5142 confirmet,
1417 5081 1501 5130 tamen
1520 5077 1635 5130 motionis
1652 5077 1726 5128 istius
1748 5072 1823 5126 tidem

210 5165 316 5229 spheris
336 5167 436 5230 iitigata
457 5172 507 5218 tam
525 5169 661 5221 inerrantes
682 5181 756 5232 quam
782 5171 893 5219 errantes
916 5167 994 5219 stetin
1037 5181 1081 5232 per
1093 5182 1120 5218 se
1135 5181 1184 5218 non
1196 5167 1263 5219 iacit.
1282 5165 1332 5218 Sed
1344 5165 1410 5230 quod
1431 5165 1462 5216 ad
1475 5165 1586 5216 universi
1603 5167 1700 5216 metum
1716 5161 1821 5222 attinet.

211 5255 364 5317 moveantur,
377 5269 449 5306 suurn
467 5255 607 5322 quibusque
619 5257 690 5309 Piato
701 5271 731 5308 ae
745 5257 872 5323 proprium
887 5257 993 5310 aiterum
1040 5256 1181 5308 aristoteles
1193 5270 1219 5308 re
1231 5253 1358 5322 perspicua
1374 5257 1399 5306 et
1411 5251 1520 5306 euidenti
1533 5252 1675 5317 convietus,
1689 5265 1768 5320 quum
1779 5251 1821 5302 ad·
