3938 5968
467 341 1057 434 nrurcoaunrurcouncnuouun
1080 371 1360 434 ennarransrs
1668 379 1726 439 aar

103 506 199 584 μάτων
214 505 244 565 τδ
260 510 289 566 ἐν
299 509 337 588 τῷ
349 508 421 586 αὐτῷ
442 505 582 582 νέμεσθαι·
595 505 627 564 τδ
639 504 691 583 οίρα
707 513 822 564 συνεῖναι
835 513 891 573 τοῖς
944 513 1045 579 quando
1068 527 1194 565 sermones
1218 517 1243 564 et
1262 514 1425 578 cogitationes
1448 519 1547 565 nostras
1565 518 1730 568 communica·

102 597 190 675 ρίλοις
206 594 309 675 αἱρετόν
325 599 379 654 ἐστι
395 599 432 674 τῷ
449 593 585 677 σπουδαίῳ
605 593 651 654 καὶ
667 595 714 666 ἡδύ
729 595 765 655 ·δ
783 597 811 656 δέ
827 599 897 654 ἐστιν
942 619 1019 655 mus:
1042 605 1091 654 hoc
1110 604 1176 656 enirn
1196 604 1271 655 modo
1288 619 1336 654 una
1349 604 1436 656 vivere
1457 603 1569 655 homines
1583 605 1701 657 dicuntur
1722 625 1729 660 ι

102 686 178 763 αὐτῷ
196 683 314 764 αἱρετόν,
327 691 403 744 τοῦτο
425 687 463 744 δεῖ
486 685 616 765 ὑπάρχειν
635 687 721 766 αὐτῷ·
743 689 766 744 εί
789 685 817 744 δέ
837 685 895 761 μή,
943 693 1102 752 nequeenim
1116 707 1165 744 una
1179 694 1277 755 vivunt,
1293 693 1397 758 qnodin
1418 693 1504 744 eodem
1526 694 1579 744 loco
1591 695 1649 756 sint,
1666 697 1731 748 sicut

103 773 196 844 ἐνδεὴς
212 775 286 833 ἔσται
307 779 383 832 τοῦτο
397 774 426 833 τὸ
449 773 569 854 μέρος,δ
591 773 707 832 ίναντίον
729 773 785 833 ε’στί
802 779 835 854 τῇ
850 775 896 834 εὖ·
943 781 1059 847 pecudes‚
1079 795 1159 846 quum
1178 796 1222 847 per
1240 781 1340 832 easdem
1362 781 1452 833 herbas
1464 786 1607 847 pascuntur,
1626 799 1675 835 una
1691 787 1732 836 vi-

103 863 243 944 δαιμονίογ.
288 863 385 938 Δεήσει
416 863 469 946 άρα
498 867 535 944 τῷ
565 863 783 941 εὐδαιμονήσοντι
814 865 896 946 φίλων
943 871 1573 936 veredicimus:quarecumamicisconversari
1593 874 1732 928 virobono

103 954 270 1012 σπουδαίων.
325 960 328 965 ’
944 960 1052 1026 optabile
1072 963 1110 1011 eat
1132 963 1157 1011 et
1176 960 1314 1025 jucundum
1327 979 1334 1011 ι
1348 961 1417 1026 quod
1436 976 1496 1012 vero
1511 963 1620 1028 optabile
1640 965 1663 1014 ei
1679 967 1729 1026 est,

147 1045 278 1122 [Scripsi
291 1051 319 1102 :⁰
335 1045 460 1123 κάκεῖνο]
472 1043 537 1104 cod.
552 1047 668 1124 κᾴκεῖνο.
678 1075 718 1090 -
730 1041 816 1122 berip]
832 1045 896 1104 cod.
942 1051 1025 1102 bocci
1038 1053 1170 1116 suppetere
1181 1055 1296 1116 oportet:
1313 1053 1351 1102 sin
1368 1053 1459 1111 minus,
1476 1053 1523 1104 hac
1542 1059 1616 1119 parte
1628 1056 1730 1120 penuria

103 1135 142 1210 πῇ
156 1132 308 1214 Atque]
324 1133 396 1192 libri
409 1134 494 1202 ζώοις.
508 1133 570 1179 -l
584 1133 614 1192 τὸ
628 1133 686 1214 ζῆν]
699 1131 764 1191 cod.
781 1134 818 1212 τῷ
834 1135 891 1202 ζην.
944 1141 1080 1198 laborabit,
1098 1140 1240 1204 quodcum
1258 1141 1413 1192 beatitudIne
1425 1145 1526 1208 pugnat.
1542 1143 1573 1194 Ei
1589 1143 1666 1208 igitur
1686 1145 1731 1210 qui

102 1255 144 1266 —
157 1229 170 1258 θ
184 1225 257 1280 τοῦτ’
282 1221 357 1302 ἔστι]
382 1223 448 1285 cod.
475 1221 603 1284 τουτέστι.
632 1223 699 1268 -f
719 1228 787 1281 νοεῖν
809 1219 894 1303 ἐστιν]
943 1231 1031 1281 beatus
1045 1229 1146 1280 tuturus
1158 1233 1205 1292 est,
1223 1230 1310 1281 amicis
1325 1244 1389 1296 opus
1401 1231 1448 1282 erit
1466 1231 1562 1283 virtute
1577 1231 1697 1298 praeditis.

104 1310 173 1371 cod.
189 1319 258 1372 νοεῖν
276 1312 358 1373 ἐστίν.
371 1312 428 1390 -)

435 1477 504 1556 Κεφ.
529 1473 575 1534 ια’.

374 1644 432 1706 Περὶ
445 1643 518 1704 φίλων
534 1644 645 1706 ἀριθμοῦ.

146 1800 258 1862 *Ἐπεὶ
281 1799 308 1860 δέ
331 1801 408 1883 χρεία
424 1805 463 1882 τῷ
489 1800 622 1878 εὐδαίμονι
643 1798 746 1877 φίλων,
770 1795 895 1870 ζητητέον

103 1889 217 1970 πότερον
240 1891 378 1959 πλείστους
403 1889 493 1972 φίλους
507 1893 541 1956 ὡς
568 1889 605 1948 ἔνι
631 1887 748 1966 μάλιστα
772 1883 895 1958 ποιητέον

104 1979 200 2038 αὐτόν·
216 1977 234 2050 ἢ
248 1980 367 2061 καθάπερ
385 1980 429 2039 ἐπὶ
451 1985 499 2051 τῆς
514 1978 598 2047 ξενίας
622 1976 725 2056 εἴρηται
741 1977 827 2042 καλῶς
851 1971 896 2032 καὶ

103 2067 255 2146 ἁρμοδίως,
266 2073 301 2137 ὥς
318 2072 347 2129 οδ
370 2071 407 2128 δεῖ
423 2065 485 2145 μήτ’
503 2067 601 2136 ἄξεινον
619 2057 703 2137 εἶναι,
727 2063 795 2142 μήτε
810 2063 894 2124 πολύ-

104 2145 206 2230 ξεινον,
228 2156 296 2216 οὕτω
310 2157 356 2217 καὶ
374 2157 481 2217 ἐπὶτῶν
503 2157 585 2237 φίλων
605 2155 672 2222 είκός
687 2157 742 2213 ἐστι
756 2153 818 2231 μήτ’
833 2153 896 2236 cipr-

104 2247 150 2303 λον
166 2236 251 2317 εἶναι,
268 2247 334 2327 μήτε
352 2248 509 2328 πολύφιλον.

146 2335 308 2417 **Λέγομεν
320 2338 404 2396 τοίνυν
420 2337 514 2412 έκεῖνο,
523 2334 563 2394 ὅτι
572 2337 670 2414 τριχῶς
676 2336 722 2405 τῆς
736 2331 823 2414 φιλίας
832 2333 897 2392 διαι·

106 2427 248 2506 ρουμένης,
262 2427 366 2496 καὶτῆς
380 2427 427 2502 μὲν
447 2423 489 2482 δεδι
505 2423 535 2482 τθ
548 2422 680 2502 χρήσιμον
700 2419 795 2495 οὔσης,
812 2419 895 2492 τῆςδὲ

105 2514 142 2571 δι’
155 2513 254 2585 ἡδονήν
265 2519 329 2588 ,τῆς
345 2515 371 2572 δὲ
387 2519 432 2572 τοῦ
445 2515 541 2588 ἀγαθοῦ
558 2512 635 2569 ἕνεκα
657 2509 702 2568 καλ
721 2513 767 2580 τῆς
784 2513 895 2588 ἀρετῆς·

104 2605 158 2660 τῶν
185 2601 233 2678 μέν
249 2603 292 2660 δεδι
316 2605 346 2662 τὸ
358 2601 489 2683 χρήσιμον
511 2599 529 2670 ἢ
548 2599 595 2670 τὴν
612 2599 707 2669 ἡδονήν
736 2597 818 2678 ιριλων
843 2599 896 2656 θλί-

104 2715 160 2769 γων
176 2690 209 2750 διν
223 2691 323 2769 γένοιτο
336 2691 428 2772 χρεία,
441 2689 558 2766 μάλιστα
574 2690 625 2744 τῶν
638 2685 684 2761 μὲν
703 2685 745 2744 διδ
758 2685 787 2743 τὸ
804 2685 896 2764 χρήσι-

107 2805 171 2857 μον,
185 2781 225 2840 ότι
235 2779 331 2857 ὀλίγοις
342 2781 373 2839 ἄν
389 2804 428 2846 τις
439 2776 569 2856 ἀρκέσειεν
585 2775 602 2834 θ
614 2773 741 2854 χρῄζουσι
752 2783 764 2809 ²
782 2774 895 2852 βοηθεῖν,

105 2870 153 2929 καὶ
169 2870 325 2937 τὸπολλοὺς
343 2867 493 2948 θεραπεύειν
511 2865 649 2937 ἐπίπονον,
671 2864 789 2940 μάλιστα
810 2865 833 2921 εί
846 2863 893 2924 τύ-

105 2980 180 3036 χοιεν
198 2957 329 3038 περίεργοί
343 2981 409 3025 τινες
433 2955 522 3032 ὄντες,
538 2954 585 3014 καὶ
601 2957 737 3028 ζητοῦντες
754 2952 896 3034 θεραπεύε-

107 3053 169 3106 σθαι
184 3053 322 3128 περιττῶς.

149 3136 199 3171 ***
220 3141 281 3198 Τῶν
310 3136 337 3196 δὲ
362 3136 404 3195 διὰ
424 3135 472 3209 τήν
492 3135 605 3208 ἡδονήν,
630 3136 669 3194 ότι
694 3133 783 3210 ὀλίγης
805 3133 898 3204 ἡδονῆς

106 3225 187 3306 χρεία
201 3229 241 3306 τῷ
258 3227 307 3309 βίῳ
330 3226 375 3285 καὶ
396 3228 526 3305 ἀνέσεως,
542 3225 662 3304 καθάπερ
683 3225 709 3282 έν
732 3219 830 3302 εὐωχίογ
852 3227 898 3281 τοῦ

106 3313 272 3389 ἡδύσματος.

148 3405 217 3441 ****
231 3407 293 3466 Τῶν
314 3403 341 3463 δὲ
360 3401 509 3463 σπουδαίων
519 3401 564 3462 καί
577 3399 620 3461 διδ
634 3400 682 3473 τήν
694 3397 789 3480 ἀρετὴν
807 3399 893 3458 καὶτὸ

107 3495 208 3571 ἀγαθὸν
218 3493 376 3572 φιλούντων,
392 3491 519 3550 πλειόνων
534 3489 582 3568 μὲν
595 3492 633 3572 τῷ
650 3488 784 3566 εὐδαίμονι
795 3485 892 3558 δεήσει.

107 3582 187 3653 Πλὴν
197 3581 273 3640 ἔσται
284 3604 309 3638 τι
319 3579 364 3638 καὶ
376 3581 461 3638 αὐτῶν
475 3578 580 3659 μέτρον.
594 3581 721 3658 Καθάπερ
735 3576 786 3657 γδιρ
794 3566 895 3642 πόλεώς

106 3672 164 3727 ἐστι
177 3669 287 3749 μέτρον,
304 3668 350 3726 καὶ
368 3666 427 3727 οὔτε
442 3669 472 3725 ἐκ
495 3667 558 3726 δέκα
574 3667 717 3746 ἀνθρώπων
745 3665 842 3743 γένοιτ’
863 3665 894 3722 διν

106 3757 200 3835 πόλις,
217 3756 276 3815 οὔτε
288 3760 318 3816 ἐκ
333 3754 397 3816 δέκα
411 3755 560 3836 μυριάδων·
578 3756 607 3813 οδ
623 3753 674 3833 γὰρ
691 3752 723 3812 ἃν
736 3753 774 3811 ἔτι
788 3749 863 3819 πόλις
876 3756 892 3822 ἡ

106 3847 218 3920 τοιαύτη
240 3845 272 3904 διν
294 3845 335 3919 είη
351 3849 485 3906 συνοικίαι
507 3841 577 3902 οὕτω
598 3843 636 3901 δεῖ
659 3839 776 3908 καὶτοὺς
805 3839 895 3921 φίλους

107 3937 233 4015 ὡρίσθαι,
247 3936 292 3995 καὶ
307 3935 400 4014 μέτρον
416 3935 503 4002 αὐτοῖς
520 3923 598 3992 εἶναι.
613 3929 667 3992 Καὶ
688 3929 778 4010 ὥσπερ
791 3929 834 3987 ἐπὶ
848 3934 893 4001 τῆς

107 4023 211 4092 πόλευις
225 4028 253 4084 od
268 4023 297 4083 τὸ
320 4023 401 4084 ποσδν
416 4023 541 4105 ὥρισται,
558 4021 603 4080 καλ
619 4019 726 4102 ἀριθμὸς
746 4016 822 4098 ῥητός
837 4020 892 4076 ἐστι

107 4120 154 4172 τοῦ
167 4113 282 4186 πλήθους
296 4118 340 4174 τοῦ
356 4113 430 4173 πόλει
445 4113 642 4193 προσήκοντος,
660 4109 729 4168 άλλδι
748 4112 795 4166 τοῦ
819 4110 898 4188 ὓπερ-

10 4217 11 4222 ’
109 4203 252 4271 θάλλοντος
274 4206 384 4284 ἀριθμοῦ
408 4202 504 4274 τὸτῆς
527 4201 630 4270 πόλεως
647 4199 760 4281 μέτρον,
783 4199 893 4260 καὶτοῦ

1286 1493 1346 1558 (lap.
1365 1495 1407 1544 xl.

1191 1648 1224 1690 be
1235 1645 1363 1690 amicorum
1374 1653 1480 1690 numero

973 1803 1058 1858 Quum
1073 1799 1150 1862 igitur
1169 1798 1243 1849 beato
1263 1811 1327 1862 opus
1341 1797 1373 1846 sit
1385 1795 1478 1856 amicis,
1498 1794 1662 1862 quaerendum
1683 1799 1729 1854 est,

944 1893 1115 1955 utrumquem
1126 1887 1228 1952 plurimi
1236 1885 1307 1936 nobis
1317 1885 1436 1936 reddendi
1447 1886 1497 1936 sint
1509 1885 1591 1944 amici,
1600 1899 1633 1935 an
1646 1899 1732 1952 qnem-

942 1979 1076 2029 admodum
1097 1980 1165 2028 recte
1188 1980 1214 2026 et
1239 1974 1415 2026 convenienter
1438 1974 1470 2024 de
1498 1975 1668 2040 hospitalitate
1690 1975 1732 2024 di-

943 2072 1012 2118 etum
1026 2071 1073 2126 est,
1088 2080 1169 2132 noque
1187 2065 1270 2116 nullos
1288 2079 1369 2130 neque
1389 2064 1484 2114 multos
1497 2064 1667 2116 admittendos
1679 2078 1733 2116 esse

943 2156 1062 2221 hospites.
1080 2155 1153 2205 sicet
1175 2153 1206 2204 de
1218 2152 1305 2204 amicis
1318 2151 1368 2202 dici
1389 2152 1528 2212 conveniat,
1547 2166 1629 2220 neque
1650 2152 1733 2204 nullos

943 2258 1024 2309 neque
1035 2243 1129 2292 multos
1141 2255 1195 2292 esse
1210 2240 1345 2292 habendos.

974 2341 1161 2407 Respondemus
1176 2353 1243 2404 ergo,
1270 2352 1349 2405 quum
1372 2339 1398 2388 in
1420 2341 1471 2389 tres
1491 2338 1586 2402 species
1604 2338 1733 2390 dividatur

943 2430 1060 2488 amicitia,
1075 2443 1183 2493 quarum
1205 2443 1253 2478 una
1265 2433 1366 2495 propter
1384 2414 1589 2486 emolumentum,
1605 2427 1654 2477 alia
1669 2427 1734 2478 dele-

944 2517 1060 2568 ctationis
1068 2531 1151 2576 cansa,
1167 2517 1242 2568 tertia
1254 2518 1311 2568 boni
1325 2521 1351 2569 et
1363 2517 1442 2584 ipsius
1453 2516 1556 2568 virtutis
1571 2529 1646 2567 causa
1658 2515 1733 2566 insti-

944 2608 1041 2670 tuitnr;
1059 2605 1146 2656 amicis
1167 2607 1211 2671 qui
1225 2611 1325 2672 propter
1341 2607 1539 2658 emolumenturn
1559 2608 1603 2655 aut
1624 2605 1734 2656 delecta·

945 2696 1019 2746 tionis
1033 2709 1115 2754 causa,
1132 2695 1292 2762 maximeque
1302 2694 1347 2760 qui
1361 2693 1483 2745 commodi
1496 2692 1536 2744 sui
1547 2705 1622 2743 causa
1634 2692 1659 2742 in
1674 2690 1733 2742 emi-

944 2785 1029 2836 citiam
1047 2788 1158 2834 nostram
1172 2787 1301 2844 venerunt,
1317 2783 1403 2849 paucis
1416 2797 1471 2834 esse
1484 2795 1556 2848 opus,
1569 2780 1629 2847 quia
1646 2779 1733 2846 paucis

944 2877 1042 2926 tentum
1056 2887 1085 2924 ea
1098 2887 1156 2939 quta
1167 2873 1310 2924 desiderant
1330 2873 1487 2939 suppeditari
1500 2874 1612 2937 possunt,
1629 2869 1731 2920 multis-

944 2978 994 3030 que
1006 2963 1126 3014 inservire
1138 2962 1242 3014 difficile
1253 2967 1278 3014 et
1290 2963 1444 3014 laboriosum
1460 2965 1506 3020 est,
1526 2959 1635 3012 maxime
1651 2958 1674 3010 si
1687 2971 1733 3010 cu-

946 3053 1004 3105 riosi
1024 3053 1074 3104 sint
1085 3056 1111 3103 et
1121 3053 1281 3104 vehementer
1294 3053 1340 3102 coli
1358 3052 1467 3118 cupiant.

981 3141 1079 3193 Amicos
1088 3146 1172 3192 autem
1187 3143 1230 3216 qui
1243 3141 1379 3206 voluptatis
1388 3155 1463 3192 causa
1474 3139 1656 3203 comparantur,
1671 3149 1733 3202 pau·

952 3218 995 3255 cos
1008 3205 1070 3255 satis
1079 3219 1141 3264 esse,
1159 3219 1218 3269 quta
1231 3205 1353 3254 modicam
1367 3206 1465 3254 tantum
1477 3203 1631 3265 voluptatem
1647 3199 1732 3248 animi-

950 3281 1000 3331 que
1014 3267 1190 3317 relaxationem
1209 3267 1262 3317 rita
1280 3267 1398 3331 postulat,
1417 3269 1446 3316 ut
1466 3265 1493 3315 in
1508 3262 1588 3328 epulis
1606 3261 1732 3312 modicum

951 3329 1136 3380 condimentum
1151 3329 1294 3394 requiritur.

977 3419 1043 3468 viria
1059 3418 1130 3469 bonis
1147 3433 1206 3468 vero
1218 3417 1370 3482 virtutisque
1385 3419 1411 3468 et
1424 3415 1482 3467 boni
1503 3427 1579 3466 cauea
1593 3411 1735 3464 amentibus

944 3497 1059 3561 pluribus
1076 3497 1150 3548 beato
1164 3509 1228 3561 opus
1247 3495 1303 3546 erit.
1321 3494 1371 3546 Sed
1386 3495 1476 3544 borum
1489 3491 1564 3542 etiam
1578 3488 1670 3554 aliquis
1681 3501 1721 3538 roo

944 3578 993 3629 due
1010 3579 1066 3629 erit.
1084 3579 1118 3628 Ut
1131 3575 1196 3626 enirn
1213 3575 1322 3626 civitatis
1334 3573 1426 3637 aliquis
1437 3571 1528 3622 modus
1545 3572 1594 3628 cst,
1609 3582 1638 3618 ec
1654 3579 1734 3632 neque

945 3672 975 3708 ex
996 3657 1081 3706 docem
1097 3655 1240 3704 bominibus
1255 3655 1369 3704 constare
1392 3651 1482 3700 civitas
1493 3648 1588 3714 possit,
1602 3659 1684 3710 noque
1698 3658 1729 3694 ex

944 3740 1045 3787 centum
1061 3735 1189 3785 hominum
1211 3733 1322 3784 millibus
1341 3752 1347 3782 ι
1369 3732 1428 3796 qnia
1447 3729 1497 3779 tale
1517 3725 1669 3777 domicilium
1686 3736 1734 3772 non

945 3815 1052 3880 emplius
1073 3815 1121 3864 erit
1139 3813 1228 3864 civitae
1248 3832 1254 3862 :
1278 3811 1314 3861 sic
1336 3811 1412 3861 etiam
1430 3808 1546 3859 delinitos
1567 3819 1622 3856 esse
1642 3803 1735 3853 amicos

945 3899 1094 3958 certumque
1107 3894 1138 3943 iis
1150 3892 1254 3942 modum
1268 3892 1344 3942 statui
1355 3891 1461 3954 oportet.
1477 3889 1510 3938 ut
1522 3883 1734 3951 quemadmodum

946 3976 972 4027 in
986 3975 1088 4024 civitate
1106 3973 1174 4021 nulla
1193 3970 1294 4021 delinita
1318 3973 1356 4020 est
1379 3967 1515 4033 quantitas,
1541 3978 1623 4029 neque
1650 3969 1735 4015 certus

947 4055 1039 4120 aliquis
1049 4051 1217 4104 multitudinis
1228 4065 1286 4116 qnoe
1295 4049 1390 4100 civitati
1402 4047 1541 4106 conveniat,
1556 4049 1594 4096 cst
1607 4059 1733 4105 numerus,

948 4136 992 4187 sed
1015 4135 1069 4198 ejus
1092 4145 1149 4196 qna·
1164 4129 1243 4192 major
1262 4131 1300 4179 est
1315 4141 1389 4192 quarn
1407 4128 1505 4191 oportet
1526 4125 1696 4176 multitudinis
1709 4126 1735 4176 in

948 4217 1058 4276 civitate,
1077 4212 1181 4276 ejusque
1200 4223 1257 4274 quae
1268 4209 1348 4259 minor
1361 4211 1399 4258 est
1413 4205 1515 4256 delinito
1530 4203 1612 4262 modo,
1626 4204 1734 4254 nrediam

109 4293 275 4361 ἐλλείποντος
291 4291 453 4371 ὡρισμένου,
469 4293 501 4350 rt
517 4291 613 4369 μεταξὺ
630 4291 701 4352 ποσδι
718 4279 891 4374 μέτρονεῖναί
951 4296 1125 4364 quantitatem,
1153 4290 1262 4341 civitatis
1284 4303 1338 4340 esse
1366 4287 1468 4338 modum
1491 4285 1598 4336 dicimus
1626 4304 1633 4334 τ
1664 4283 1734 4334 verbi

109 4405 200 4460 ραμςν
224 4382 338 4450 πόλεως·
364 4372 433 4457 οἷον,
451 4381 510 4442 οὔτε
531 4385 555 4440 ol
581 4382 662 4461 χιλιοι
688 4381 763 4449 πόλις
784 4379 816 4440 δν
838 4379 896 4452 εἴη,
951 4394 1033 4438 causa,
1050 4391 1131 4442 neque
1149 4374 1217 4425 mille
1243 4371 1372 4422 civitatem
1384 4369 1526 4433 explebunt,
1540 4379 1621 4430 neque
1634 4368 1734 4416 centum

109 4470 168 4530 οὔτε
190 4474 217 4530 αἱ
241 4471 305 4532 δέκα
321 4471 454 4552 μυριάδες,
476 4470 544 4530 ἀλλὰ
567 4473 601 4531 τὰ
625 4470 739 4550 μεταξύ·
764 4469 833 4530 οὕτω
853 4469 897 4527 καὶ
948 4461 1034 4518 millia,
1054 4459 1098 4510 aed
1109 4469 1228 4507 numerus
1241 4453 1305 4503 inter
1326 4455 1462 4512 utrumque
1476 4447 1621 4511 interjectus
1638 4464 1644 4494 ι
1662 4445 1698 4494 sic
1709 4448 1735 4494 ct

65 4561 69 4571 “
109 4561 218 4619 ἐπὶτῶν
237 4563 318 4642 φίλων
342 4563 389 4619 οὺχ
412 4560 451 4620 ἔνι
477 4559 568 4620 λαςεῑ,
598 4562 706 4642 ἀρρμὸ,
732 4559 877 4638 mm„
946 4539 1071 4590 inarnicis
1090 4540 1174 4587 certus
1189 4545 1308 4583 numerus
1327 4529 1391 4580 sumi
1413 4529 1565 4590 nonpoteot,
1589 4523 1635 4574 sed
1653 4522 1733 4588 requi·

117 4651 169 4708 ‘pq’
204 4640 219 4708 ἶ
268 4650 280 4672 τ
383 4656 399 4668 ν
466 4645 518 4710 ¹³3
597 4650 627 4710 δι
700 4650 707 4672 ι
839 4603 896 4716 ρκ’
946 4622 1039 4676 rentur,
1053 4615 1161 4682 quoted
1174 4612 1317 4664 conuictum
1333 4607 1447 4659 sulficere
1463 4605 1624 4692 videbuntur.

110 4675 126 4706 α
195 4674 244 4710 Ην
268 4675 299 4708 αν
321 4674 440 4710 mom
518 4675 572 4719 σοις
615 4675 707 4711 ”mm
738 4675 777 4716 τις
806 4673 837 4708 ⁶⁰
853 4671 896 4718 Τίν’
977 4699 1030 4746 Ηοο
1044 4695 1110 4745 enim
1125 4692 1242 4743 amicitiae
1255 4687 1364 4740 maxime
1379 4683 1573 4751 propriumesse
1591 4681 1733 4732 ridebatur.

110 4740 198 4843 Ὶ-ίίῦτο
217 4739 269 4820 γὰρ
288 4740 372 4800 ἐδόκει
397 4741 574 4822 φιλικώτατον
589 4731 667 4800 εἶναι·
692 4736 755 4801 Ὅ“
779 4739 831 4819 γὰρ
850 4740 900 4816 οὐχ
946 4777 1031 4840 lleqne
1044 4773 1109 4824 enirn
1123 4772 1176 4822 lreri
1188 4782 1267 4835 posse.
1283 4771 1311 4818 ut
1323 4766 1381 4833 quis
1398 4778 1455 4816 curu
1469 4760 1584 4828 plurimis
1597 4760 1674 4817 vivat,
1688 4759 1734 4809 eis·

112 4848 164 4884 οιον
179 4853 209 4888 τε
220 4829 352 4898 πλείστοις
366 4833 446 4902 συζῆν
458 4831 504 4890 καί
514 4829 645 4908 διανέμειν
658 4828 766 4900 ἑαυτόν,
778 4829 898 4907 φανερόν.
945 4853 1117 4920 queomnibus
1126 4865 1180 4902 sese
1190 4849 1265 4900 dedat
1277 4852 1354 4912 alque
1364 4843 1499 4910 impertiat,
1515 4839 1675 4894 manifestum
1686 4842 1732 4892 est·

112 4921 160 4974 Δεῖ
177 4919 204 4976 δὲ
224 4919 268 4978 set
283 4919 470 5000 ooquepeo‘err
483 4922 537 4990 τοῖς
549 4921 649 5000 φίλοις·
664 4918 796 4984 πλείστοις
811 4917 838 4976 δέ
852 4909 899 4976 οὗ·
945 4935 1006 4983 llum
1019 4930 1113 4984 versari
1130 4944 1174 4980 nos
1186 4943 1243 4978 cum
1261 4926 1348 4978 amicis
1360 4927 1458 4989 oportet
1478 4938 1485 4972 ε
1504 4920 1572 4988 quod
1590 4919 1612 4970 si
1632 4917 1734 4985 plurimi

114 5025 153 5061 σιν
171 5007 280 5086 ἐργῶδες
303 5011 438 5086 μάλιστα·
466 5009 512 5070 καί
536 5009 588 5086 μὴν
612 5007 658 5070 καὶ
679 5007 816 5087 συναλγεῖν
844 5008 898 5078 δεῖ,
920 5033 923 5038 ·
945 5011 1046 5070 fuerint,
1065 5007 1319 5060 lactndilticillirnum
1333 5009 1371 5058 est
1385 5023 1391 5055 ι
1405 5003 1466 5069 quin
1479 5002 1556 5054 etiarn
1566 5000 1644 5052 amice
1656 4999 1732 5050 simul

115 5107 1730 5139 Μ

145 5181 158 5206 *
171 5181 230 5244 Gap.
251 5187 287 5232 10.
306 5180 356 5247 'Ap’
377 5180 419 5230 οὖν
440 5185 472 5237 ὡς
484 5181 613 5237 πλείστους
627 5179 708 5243 φελονς
721 5177 846 5234 ποιητέον,
862 5177 914 5226 κτλ.
932 5201 963 5210 -
981 5175 1010 5201 *¹*
1026 5176 1084 5230 Τοῖς
1102 5173 1145 5238 μὲν
1164 5173 1194 5232 δὴ
1213 5171 1273 5238 πρὸς
1292 5175 1379 5236 χρῆσιν
1398 5168 1493 5218 κτλ-
1512 5162 1557 5194 *⁴*
1576 5164 1625 5214 Καὶ
1640 5164 1663 5212 ol
1675 5161 1734 5232 πρὸς
1774 5155 1779 5165 ’

115 5253 203 5312 ἡδονὴν
220 5253 245 5302 δὲ
257 5256 308 5304 κτλ.
324 5252 423 5290 -****
436 5253 498 5311 Τοὺς
514 5253 540 5302 δὲ
558 5249 705 5307 σπουδαίους
719 5245 966 5317 πότερονπλείοτονς
980 5247 1032 5298 κτλ.
