3958 5942
790 419 1039 484 FRAGMENTA.
1654 436 1714 498 τις

103 561 152 631 τῆς
169 559 283 640 ψυχικῆς
297 557 345 626 τῆς
365 552 434 612 κατὰ
454 552 533 612 τόπον
554 553 705 632 γινομένης,
725 553 778 632 εῖγε
800 554 886 637 ἐφέσει
933 555 990 632 ἅμα
1005 563 1072 614 πᾶσι
1089 556 1174 636 παρὸν
1198 557 1265 635 μηδέ
1285 558 1355 619 κατά
1370 561 1586 645 συμῦτὸηκδςτῇ
1606 567 1710 635 ἐκείνων

104 647 176 716 τινὸς
197 651 214 717 ἡ
235 643 303 704 κατδι
322 642 401 703 τόπον
422 643 523 721 γίνεται
546 644 596 701 τῶν
620 643 746 723 ἐμψύχων
777 645 886 718 κίνησις.
932 645 1032 717 κινήσει
1056 648 1247 726 συγκινεῖσθαι;
1269 648 1323 709 Καὶ
1346 650 1471 730 ἀσφαλῶς
1498 657 1512 711 θ
1535 651 1657 732 Εὔδημος
1680 658 1711 720 τδ

103 736 198 795 Ταῦτα
220 737 234 793 δ
254 729 419 812 Ἀλέξανδρος
436 729 547 810 ἔγραψεν
569 734 604 797 ώς
623 731 725 790 τελικὸν
741 731 827 807 μόνως
846 732 886 792 αἴ·
931 735 1075 816 πρόύλημα
1095 734 1257 812 ἐκτιθέμενος
1282 763 1294 790 ι
1314 738 1338 795 εἰ
1358 739 1472 818 ἀμερές,
1491 741 1583 820 φησίν,
1607 746 1712 806 ἔστιτὸ

104 846 159 882 τιον
181 821 212 882 τὸ
231 819 343 902 πρώτως
362 825 450 880 κινοῦν
471 819 514 878 τὸν
529 819 696 898 Ἀριστοτέλη
718 819 803 899 λέγειν
822 824 887 881 ὐπο-
930 823 1041 904 πρώτως
1056 828 1142 882 κινοῦν
1157 823 1202 882 καί
1217 823 1254 900 μθ,
1272 825 1382 886 ἅπτεται
1399 832 1445 885 τοῦ
1463 829 1633 908 κινουμένου,
1654 837 1711 902 πῶς

104 908 256 990 δεχόμενος.
300 910 334 970 Ei
352 907 397 982 δέ,
412 910 447 976 ώς
461 908 554 968 πολλοὶ
568 905 642 986 λόγοι
660 907 819 982 δεικνύουσι,
840 908 885 968 καί
930 911 986 992 ἔχει
1006 911 1070 991 πρδς
1088 913 1166 986 αὐτός
1185 937 1196 966 ι
1212 911 1254 972 Τὸ
1267 904 1310 972 οὐν
1332 912 1427 994 ἀμερές
1442 914 1487 974 καὶ
1506 915 1543 993 μὴ
1559 919 1710 996 ἁπτόμενον

102 998 239 1070 ποιητικὸν
265 996 329 1056 αὐτὸ
352 996 467 1074 νομίζει,
490 994 539 1068 τὴν
561 994 608 1074 μέν
631 997 719 1078 ψυχὴν
739 998 786 1058 καί
809 997 885 1065 αὐτὸς
928 1006 974 1060 τοῦ
988 1003 1155 1078 κινουμένου,
1171 1003 1230 1060 ἀλλ’
1247 1001 1357 1082 ἀοχετον
1380 1002 1445 1084 πρὸς
1468 1006 1532 1066 αὐτὸ
1551 1007 1596 1066 καί
1617 1009 1712 1092 ἐξηρη-

102 1087 185 1145 οῖεται
206 1085 296 1167 ώσπτρ
317 1087 461 1146 δΠλοίτων
481 1090 525 1144 τοῦ
543 1084 720 1161 μεταόατικοῦ
741 1091 787 1159 τῆς
810 1086 884 1159 κινή·
930 1090 1018 1165 μένον,
1032 1093 1088 1157 πῶς
1104 1089 1212 1149 δύναται
1227 1095 1404 1168 συγκινεῖσθαι
1415 1096 1453 1173 τῷ
1468 1095 1623 1178 κινουμένῳ,
1639 1074 1708 1159 ώσττ

103 1198 168 1244 σεως
189 1175 275 1234 αἰτίαν
290 1165 370 1249 εἶναι,
388 1172 434 1232 τόν
449 1172 476 1232 δέ
493 1174 616 1246 ἀκίνητον
632 1181 689 1234 νοῦν
708 1181 753 1234 τοῦ
771 1175 833 1255 περὶ
851 1176 883 1235 τθ
929 1177 997 1237 κατὰ
1016 1177 1184 1254 συμῦεύηκδς
1199 1179 1343 1253 κινεῖσθαι;
1355 1181 1409 1240 Τὸν
1422 1179 1449 1240 δέ
1466 1181 1617 1260 Εὐδημονδ
1636 1186 1710 1247 Ἀλέ-

100 1263 167 1322 αὐτὰ
188 1263 235 1323 καῖ
248 1261 318 1323 κατδι
330 1263 364 1323 τὰ
380 1261 447 1323 αὐτδι
460 1261 505 1322 καὶ
517 1265 543 1321 ἐν
561 1266 599 1344 τῷ
614 1265 685 1342 αὐτῷ
701 1262 741 1322 ἀεῖ
758 1265 885 1324 κινεῖσθαι
931 1265 1036 1350 ξανδρος
1051 1267 1080 1326 τὸ
1093 1267 1203 1348 πρώτως
1216 1272 1304 1326 κινοῦν
1320 1272 1346 1326 ἐν
1362 1274 1399 1328 τῶ
1414 1271 1531 1349 μεγίστω
1546 1273 1610 1354 φησί
1625 1274 1709 1354 λέγειν

101 1352 160 1410 καθ’
187 1351 232 1411 ἕνα
252 1352 327 1431 λόγον
348 1352 395 1411 καὶ
419 1351 482 1430 μίαν
506 1350 589 1422 τάξιν.
632 1355 665 1413 Εἰ
683 1344 727 1412 οὐν
743 1355 836 1434 ἀμερὲς
855 1353 884 1413 τδ
928 1358 1020 1437 κύκλῳ
1040 1361 1077 1436 τῷ
1102 1355 1146 1416 δεδι
1165 1361 1216 1416 τῶν
1241 1358 1345 1418 πόλων·
1360 1327 1434 1427 οὐτος
1452 1359 1503 1440 γὰρ
1516 1331 1642 1442 Ιτοίχιστα
1664 1388 1708 1423 κι-

100 1447 190 1500 κινοῦν
205 1441 250 1500 καῖ
264 1441 494 1524 χωριστδνποίντρ,
510 1442 653 1520 σωμάτων,
669 1443 732 1504 αὐτδ
747 1448 805 1504 καθΙ
820 1443 883 1504 αὐτὸ
927 1455 1019 1506 νεῖται.
1064 1445 1137 1525 Ἐγώ
1154 1445 1181 1504 δὲ
1203 1445 1286 1513 οὐτως
1300 1439 1374 1528 εὐρον
1387 1447 1435 1521 τὴν
1450 1449 1553 1530 γραφὴν
1565 1454 1591 1510 ἐν
1605 1454 1644 1532 τῷ
1659 1454 1710 1512 Εὐ-

100 1529 200 1590 τέλειον
223 1532 381 1610 ἐξῃρημένον
403 1538 448 1592 τοῦ
471 1531 567 1600 παντὸς
591 1540 743 1610 σωματικοῦ
763 1533 881 1608 κόσμου,
928 1535 1030 1616 δημείῳ
1042 1561 1054 1590 ι
1067 1539 1114 1606 τῆς
1130 1533 1157 1594 δέ
1170 1534 1306 1616 σφαίραςό
1323 1537 1370 1612 μέν
1390 1538 1468 1606 τόπος
1484 1541 1498 1596 δ
1518 1539 1578 1618 περὶ
1591 1537 1651 1606 τούς
1664 1539 1710 1599 πό-

99 1621 190 1687 καλιῦς
210 1621 267 1700 ἔχει
289 1621 372 1695 λέγειν
394 1623 438 1679 καί
458 1628 595 1700 πανταχοῦ
616 1622 681 1682 αὐτδ
703 1622 748 1682 καῖ
767 1623 882 1700 οὐδαμοῦ
926 1626 986 1691 λους
1004 1623 1119 1702 τοίχιστα
1144 1627 1262 1684 κινεῖται.
1286 1654 1297 1676 ι
1323 1625 1376 1688 Καί
1401 1625 1486 1708 τούτῳ
1509 1628 1536 1687 δὲ
1559 1630 1709 1711 ἀφιστάνειν

99 1698 178 1770 εῖναι.
223 1713 258 1770 Et
275 1709 302 1768 δέ
322 1713 345 1769 oi
367 1709 415 1786 μὲν
432 1711 605 1793 Πυθαγόρειοι
620 1715 645 1770 ἐν
666 1715 705 1793 τῷ
719 1713 817 1792 κέντρῳ
838 1713 881 1772 λε’·
928 1711 1009 1789 ἄξιον,
1023 1711 1154 1790 ότιδμὲν
1169 1711 1336 1793 Ἀλέξανδρος
1349 1716 1425 1793 ἐντῇ
1447 1719 1494 1786 τῆς
1509 1717 1621 1798 σφαίρας
1632 1743 1707 1798 περι-

98 1818 189 1874 γουσιν
210 1798 345 1878 ἱδρῦσθαι,
370 1802 384 1857 ό
409 1797 436 1858 δέ
462 1799 641 1879 Ἀριστοτέλης
662 1803 689 1859 ἐν
715 1805 747 1880 τῇ
771 1802 882 1862 ἀπλανεῖ
927 1801 1016 1881 φερτῖορ
1033 1804 1063 1861 τδ
1080 1799 1190 1878 πρώτως
1209 1806 1300 1860 κινοῦν
1316 1801 1416 1878 νομίζει
1430 1803 1515 1882 λέγειν
1527 1803 1572 1863 τὸν
1592 1805 1708 1887 Ἀριστο-

98 1884 199 1965 σφοιίρορ
220 1887 298 1966 φησὶν
322 1879 400 1959 εἶναι,
423 1890 516 1949 ἐκεῖνοι
541 1888 588 1966 μέν
610 1887 641 1950 τδ
659 1888 765 1970 κέντρον
790 1893 882 1962 ἐπιτη-
926 1891 1002 1964 τέλη·
1019 1890 1124 1968 μήποτε
1138 1889 1201 1950 δὲέν
1219 1892 1257 1970 τῷ
1279 1891 1368 1971 κύκλῲ
1383 1891 1477 1972 λέγων,
1495 1897 1521 1952 ἐν
1536 1898 1574 1976 τῷ
1591 1893 1645 1977 ὅλῳ
1659 1898 1707 1957 οὐ·

97 1975 224 2054 δτιόττρον
238 1980 290 2034 τῶν
307 1977 394 2035 ἄλλων
405 1983 450 2036 τοῦ
465 1978 562 2046 παντὸς
575 1983 662 2059 μερῶν
673 1979 807 2056 νομίζουσι
819 1979 882 2061 πρὸς
928 1983 998 2060 ρανῷ
1013 1978 1106 2059 λέγεκ)

95 2061 198 2140 μέθεξιν
212 2069 261 2137 τῆς
274 2071 320 2124 τοῦ
338 2067 496 2146 δημιουργοῦ
513 2072 651 2148 συνοχικῆς
666 2068 711 2127 καῖ
727 2070 881 2148 ἐδραστικῆς
965 2088 1001 2127 εν.
1024 2065 1104 2147 Ἔχει
1123 2069 1145 2127 δ’
1164 2065 1294 2146 ἀπορίαν,
1318 2069 1340 2125 εἰ
1357 2066 1491 2149 ἐνδέχεταί
1510 2094 1536 2128 τι
1558 2070 1709 2150 κινούμενον

96 2154 276 2234 ἀγαθότητος,
290 2161 304 2216 θ
319 2156 346 2216 δὲ
360 2155 541 2237 Ἀριστοτέλης
555 2158 665 2240 πρώτως
680 2159 821 2218 ἀπολαύειν
834 2163 881 2230 τῆς
926 2163 1007 2215 κινεῖν
1026 2157 1156 2238 συνεχῶς·
1178 2154 1247 2214 ἀλλὰ
1262 2154 1300 2232 μὴ
1317 2156 1408 2234 ὥσπερ
1422 2159 1452 2215 τὸ
1468 2158 1549 2218 ὠθοῦν
1569 2163 1649 2221 πάλιν
1664 2164 1709 2222 καί

96 2244 290 2323 δημιουργικῆς
309 2245 410 2324 νομίζει
434 2246 573 2318 κινήσεως.
620 2246 672 2308 Καὶ
692 2245 735 2305 διά
759 2253 834 2306 τοῦτο
857 2250 880 2307 οῖ
927 2245 1074 2325 πόλιν,τῷ
1099 2243 1189 2324 ἐφεξῆς
1212 2233 1279 2304 εῖναι
1303 2248 1428 2324 συνεχῶς.
1451 2242 1490 2306 Ἦ
1509 2246 1560 2328 γὰρ
1583 2249 1647 2309 αὐτὸ
1669 2252 1709 2309 δεῖ

95 2336 146 2410 μὲν
173 2335 348 2414 Πυθαγόρειοι
373 2334 482 2404 Ἑστίας
506 2334 585 2396 τόπον
608 2336 654 2396 καί
678 2336 762 2404 Ζανὸς
782 2336 881 2417 πύργον
926 2337 1001 2394 ὠθεῖν
1024 2331 1042 2405 ἢ
1066 2333 1162 2408 ἕλκειν,
1186 2331 1203 2405 ἢ
1226 2333 1353 2416 ἀμφω,ἦ
1373 2333 1462 2416 ἕτερόν
1488 2359 1513 2394 τι
1536 2337 1707 2418 ἐκδεχόμενον

93 2421 207 2481 ἐκάλουν
222 2423 252 2484 τὸ
263 2423 380 2504 κέντρον,
394 2427 407 2482 θ
423 2426 446 2483 δ’
461 2424 642 2506 Ἀριστοτέλης
654 2425 702 2506 (p.
717 2425 787 2486 265.
804 2427 834 2483 b.
850 2425 877 2506 8)
926 2423 991 2483 ἀλλο
1006 2422 1071 2503 παρ’
1095 2422 1190 2496 ἄλλου,
1204 2419 1295 2504 ώσπερ
1317 2423 1402 2483 ποίλαι
1423 2422 1518 2502 ἐλέχθη
1538 2424 1583 2484 ἐπί
1597 2429 1649 2484 τῶν
1667 2431 1706 2508 ῥι-

93 2511 194 2590 μέτρον
217 2516 269 2572 τῶν
292 2511 379 2573 α’ίλλων
395 2513 522 2587 κινήσεων
536 2519 584 2587 τὴν
605 2519 653 2586 τῆς
670 2517 801 2582 ἀπλανοῦς
821 2513 880 2574 ἔλε-
925 2510 1090 2590 πτουμένων.
1109 2513 1144 2572 Εἰ
1169 2509 1195 2570 δὲ
1218 2509 1345 2589 διαιρετὸς
1369 2507 1405 2570 ὧν
1431 2515 1444 2570 θ
1466 2509 1518 2591 ἀὴρ
1543 2510 1560 2584 ἢ
1585 2513 1615 2574 τδ
1639 2514 1708 2594 ὕδωρ

92 2623 141 2680 γτν
155 2604 191 2669 ὡς
204 2601 313 2682 πρώτην
326 2604 371 2663 καὶ
386 2605 566 2684 συνῃρημένην
582 2605 627 2664 καί
640 2605 670 2665 τὸ
685 2608 729 2665 τοῦ
744 2611 876 2672 κινοῦντος
925 2608 1002 2675 κινεῖ,
1018 2599 1075 2660 ἀλλ’
1092 2603 1127 2667 ὡς
1141 2598 1183 2658 ἀεῖ
1197 2598 1359 2676 κινούμενος,
1377 2599 1532 2680 ἀμφοτέρως
1553 2601 1577 2660 δ’
1591 2603 1641 2683 οὐχ
1654 2595 1706 2665 οῖόν

91 2689 192 2769 ὐμερές
209 2690 252 2749 διὰ
265 2696 312 2765 τῆς
326 2697 474 2772 ταχυτῆτος
488 2693 720 2771 ἐντικονιζομένην.
763 2693 804 2753 Οὐ
825 2692 879 2774 χρὴ
925 2713 952 2750 τε
978 2690 1041 2768 μίαν
1063 2678 1221 2762 εῖναι,οἰλλ’
1243 2690 1383 2770 ἐχομένην.
1426 2688 1503 2764 Μόνη
1523 2688 1576 2770 οῖρα
1596 2691 1707 2772 συνεχὴς

90 2769 139 2846 οὐν
164 2778 306 2841 δεδοικέναι
331 2785 369 2858 μὴ
392 2782 460 2842 κατὰ
486 2782 654 2860 συμύεὐηκὸς
676 2784 825 2858 κινήσωμεν
849 2783 879 2843 τδ
924 2780 956 2852 ἣν
978 2783 1045 2839 κινεῖ
1057 2778 1087 2838 τό
1106 2777 1244 2852 ἀκίνητον·
1260 2778 1302 2837 ἀεὶ
1317 2777 1367 2858 γδρ
1383 2777 1479 2856 δμοίως
1497 2777 1559 2860 έχον
1575 2779 1620 2840 καί
1642 2785 1706 2863 πρὸς

90 2867 206 2948 πρώτως
217 2876 315 2945 κινοῦν,
333 2875 359 2931 ἐν
374 2875 412 2953 τῷ
427 2874 538 2932 ἀπλανεῖ
553 2872 671 2952 λέγοντες
685 2873 748 2932 αὐτὸ
762 2878 877 2954 οὐρανῷ.
923 2868 953 2928 τὸ
968 2869 1119 2946 κινούμενον
1135 2867 1231 2946 ὁμοίως
1251 2867 1302 2936 ἕξει
1317 2866 1363 2927 καί
1377 2870 1502 2948 συνεχῶς.

89 2959 135 3019 Οὐ
149 2960 201 3036 γάρ
216 2961 285 3019 ἐστιν
301 2963 327 3018 ἐν
344 2963 381 3041 τῷ
397 2964 496 3043 οὐρανῷ
511 2962 608 3041 κυρίως
623 2963 720 3035 έκεῖνο,
736 2964 796 3021 ἀλλ’
811 2965 879 3022 δού·
964 2959 1153 3038 (Aristoteles
1174 2957 1264 3036 Phys.
1288 2955 1343 3016 lib.
1360 2955 1429 3016 t'ltl
1448 2977 1512 3036 cap.
1533 2978 1568 3017 10
1586 2979 1616 3038 p.
1637 2963 1705 3034 267.

91 3049 171 3127 ρανὸς
186 3051 213 3107 ἐν
235 3051 321 3130 αὐτῷ·
343 3050 418 3131 εἴπερ
434 3053 464 3110 τδ
479 3051 506 3110 έν
523 3075 574 3111 τινι
591 3053 743 3132 περιέχεται
767 3050 819 3110 ini
832 3056 878 3112 τοῦ
923 3048 952 3110 b.
981 3069 1000 3124 9
1025 3047 1071 3106 ed.
1099 3047 1221 3109 Βαλίον.
1243 3046 1411 3124 Simplicius
1426 3046 1478 3108 sol.
1495 3047 1638 3108 3αο.δδέ
1653 3051 1707 3112 Εὐ·

89 3139 121 3195 ἐν
141 3127 163 3217 ᾧ
187 3140 260 3213 ἐστι,
283 3139 401 3220 περιέχει
421 3139 449 3200 δὲ
471 3144 554 3201 ἐκεῖνο
575 3139 618 3201 τδν
645 3140 705 3200 όλον
727 3139 823 3219 κόσμον
844 3145 877 3221 τῇ
924 3139 1007 3214 δημος
1021 3142 1097 3196 τοῦτο
1116 3135 1163 3215 μέν
1177 3137 1226 3195 οὐκ
1242 3139 1336 3216 ἀπορεῖ
1353 3133 1418 3217 ὅπερ
1440 3138 1453 3193 δ
1473 3135 1669 3214 Ἀριστοτέλης,
1684 3141 1707 3198 εί

88 3225 196 3306 ἀπείρῳ
218 3230 296 3286 αὐτοῦ
320 3228 440 3305 δυνάμει.
487 3229 597 3301 Μήποτε
613 3229 641 3288 δέ
662 3227 752 3302 οὐδίὴ
771 3233 878 3303 ἐπινοη-
924 3223 1060 3306 ἐνδέχεταί
1082 3249 1108 3284 τι
1132 3226 1283 3295 κινούμενον
1304 3230 1382 3282 κινεῖν
1403 3227 1538 3304 συνεχῶς,
1563 3227 1655 3308 ἀπορεῖ
1679 3226 1706 3286 δέ

88 3321 167 3375 θεῖσα
182 3315 233 3374 tui
248 3321 293 3377 τοῦ
306 3316 474 3397 Ἀλεξάνδρου
488 3319 597 3398 βοήθεια
610 3319 675 3400 πρὸς
690 3318 720 3378 τὸ
730 3317 798 3396 μηδέ
808 3316 877 3378 κατὰ
924 3313 982 3373 ἀντὶ
995 3313 1101 3388 τούτου,
1116 3316 1140 3373 εἰ
1157 3310 1292 3392 ἐνδέχεται
1309 3312 1340 3372 τὸ
1355 3312 1476 3384 ἀκίνητον
1493 3323 1583 3376 κινεῖν.
1627 3319 1708 3376 Δοκεῖ

88 3403 265 3480 συμότόηκθς
280 3408 364 3466 ἐκεῖνο
381 3411 511 3466 κινεῖσθαι
531 3407 665 3488 αὐτάρκης
679 3405 750 3465 ἐστίν
767 3406 818 3466 ἀπὸ
838 3407 878 3464 ἐν·
921 3403 985 3484 γοίρ,
1002 3402 1077 3484 φησί,
1093 3401 1123 3461 τὸ
1137 3409 1222 3463 κινοῦν
1238 3401 1308 3462 κατθι
1321 3402 1400 3461 τόπον
1415 3398 1433 3472 ἢ
1447 3403 1530 3492 ὠθοῦν
1542 3400 1560 3474 ἢ
1573 3402 1649 3462 ἕλκον
1665 3427 1707 3464 κι-

87 3493 164 3559 νοίας
180 3493 219 3552 ἔτι
233 3501 362 3575 προϊοῦσα
376 3501 422 3554 τοῦ
434 3499 461 3556 ἐν
473 3498 511 3575 τῷ
525 3497 628 3577 οὐρανῷ
643 3487 708 3554 εῖναι
723 3494 752 3554 τὸ
767 3493 877 3575 πρώτως
922 3501 985 3566 νεῖν,
1002 3493 1025 3550 τί
1045 3492 1071 3552 δέ
1086 3489 1123 3566 μὴ
1145 3489 1248 3573 [μόνον]
1268 3489 1360 3563 οθτως,
1375 3491 1434 3548 ἀλλ’
1448 3493 1493 3550 οὐν
1510 3491 1657 3567 ἁπτόμενόν
1677 3515 1706 3569 γε

86 3587 198 3642 κινοῦν·
215 3585 238 3642 εἰ
251 3582 301 3662 γδιρ
315 3583 353 3662 μὴ
368 3587 394 3644 ἐν
414 3584 498 3665 μορίῳ
509 3585 577 3660 τινί,
592 3585 687 3668 φησίν,
701 3583 792 3660 ἐστίν,
815 3585 874 3643 ἀλλ’
921 3577 939 3652 ἢ
955 3577 1048 3650 αὐτδῆ
1067 3579 1099 3637 δι’
1123 3576 1252 3652 ἄλλου,ἢ
1268 3579 1303 3638 δι’
1318 3579 1373 3646 ἑνδς
1387 3577 1405 3650 ἢ
1421 3576 1464 3638 διύι
1488 3577 1625 3642 πλειόνων.
1667 3582 1706 3642 Τδ

86 3674 118 3730 ἐν
134 3672 210 3752 ποῖση
233 3675 451 3756 τῇπεριφερτίρ,
476 3675 566 3748 ἐπειδὴ
587 3679 696 3747 ηπῦσα
716 3676 744 3732 οὐ
766 3677 874 3733 κινεῖται
923 3667 950 3726 δὲ
969 3666 1063 3750 ἀμερές
1080 3665 1182 3734 οὐδενὸς
1205 3665 1339 3748 ἐνδέχεται
1364 3667 1495 3748 ἅψασθαι·
1517 3671 1545 3726 οὐ
1565 3668 1616 3746 γόρ
1635 3669 1705 3726 ἐστιν

84 3759 150 3820 οὐδὲ
163 3761 267 3837 ἀμείόει
282 3763 371 3836 τόπον,
385 3766 443 3824 ἀλλ’
457 3767 483 3823 ἐν
497 3767 536 3844 τῷ
549 3767 621 3845 αὐτῷ
634 3764 718 3842 μένει,
733 3763 792 3823 οὐδὲ
808 3765 877 3823 κατὰ
923 3761 1002 3819 αὐτοῦ
1017 3757 1047 3817 τὸ
1062 3756 1109 3834 μὲν
1126 3756 1209 3838 ἆρχή,
1230 3756 1261 3816 τὸ
1277 3757 1304 3816 δέ
1318 3756 1414 3837 πέρας.
1439 3759 1490 3814 τῶν
1507 3757 1535 3814 δέ
1550 3756 1705 3833 ἆπνθμένννν

92 3850 263 3928 συμόεῦηκθς
282 3851 314 3910 ἀν
333 3862 439 3913 κινοῖτο.
482 3856 516 3916 Εἰ
533 3843 577 3913 οὐν
594 3859 610 3926 ἡ
628 3851 675 3929 μέν
694 3863 769 3912 πᾶσα
791 3854 821 3912 οὐ
834 3877 877 3912 κι-
920 3845 955 3906 τδι
978 3846 1081 3926 πέρατα
1099 3845 1167 3923 ἅμα.
1211 3835 1332 3914 Πῶεθῖίν
1355 3845 1457 3917 '‘titii“
1478 3843 1509 3903 τὸ
1531 3843 1639 3923 wigii
1660 3844 1706 3902 καί

87 3944 184 4014 νεῖται,
202 3939 230 3999 ri
244 3940 271 4000 δέ
282 3941 393 4020 πρώτως
404 3948 492 4003 κινοῦν
506 3947 532 4002 ἐν
547 3945 584 4023 τῷ
597 3943 712 4023 τοίχιστα
728 3941 876 4024 κινουμένῳ
920 3934 978 3996 λόει
992 3935 1040 4008 τὴν
1054 3935 1167 4014 ἀπορίαν
1182 3934 1285 4012 λέγων,
1301 3933 1341 3992 ὅτι
1356 3931 1389 3991 τδι
1407 3931 1454 4010 μὲν
1470 3931 1611 4012 κινούμενα
1626 3934 1704 4008 κινεῖ,

88 4028 201 4109 λέγεται
217 4020 294 4103 εῖναι,
312 4031 391 4104 δῆλον
410 4031 450 4092 ότι
465 4035 512 4093 οὐκ
525 4031 595 4090 ἔστιν
615 4034 640 4092 ἐν
653 4037 686 4112 τῇ
699 4032 771 4111 πόση
796 4055 873 4111 περι·
922 4024 956 4083 τὰ
969 4021 997 4083 δὲ
1008 4027 1171 4104 ἠρεμοῦντα·
1187 4022 1232 4082 καί
1252 4021 1287 4082 τά
1307 4022 1354 4101 μέν
1369 4021 1512 4099 κινούμενα
1529 4031 1595 4082 κινεῖ
1616 4022 1706 4082 ἀπτό-

89 4117 194 4197 φερείρ.
235 4115 352 4180 Ἔπειτα
365 4123 387 4180 εἰ
403 4121 449 4198 μὲν
469 4121 551 4188 οὐτως
571 4120 641 4181 ἐστίν
654 4122 682 4179 ἐν
697 4123 730 4198 τῇ
746 4119 819 4200 πόσῃ
841 4123 876 4190 ώς
922 4137 989 4191 tutti
1008 4111 1095 4173 ἄλλων
1111 4113 1183 4192 (118·
1202 4111 1365 4188 ἀλλήλων),
1385 4113 1434 4191 Οὐκ
1449 4109 1545 4186 ὁμοίως
1559 4110 1587 4171 δέ
1603 4112 1702 4174 πάντα·

90 4210 324 4290 κατατεταγμένον
339 4212 365 4269 ἐν
379 4213 494 4290 αὐτῇ,ἡ
515 4211 542 4270 δέ
556 4220 630 4270 πᾶσα
649 4209 718 4268 κοιτδι
734 4208 813 4290 μόρια
835 4233 876 4269 κι·
922 4204 962 4265 Οὗ
984 4202 1035 4284 γύιρ
1053 4205 1089 4270 ὥς
1107 4205 1124 4273 θ
1145 4205 1179 4281 'iii
1202 4197 1248 4272 *ii
1269 4207 1383 4280 νφνῖθνν
1403 4203 1537 4282 potatam
1558 4203 1601 4260 ἐπ’
1622 4203 1704 4275 atrio

87 4305 190 4370 νεῖται,
205 4300 284 4370 δῆλον
309 4299 349 4360 ότι
374 4299 421 4360 καί
445 4300 509 4360 αὐτὸ
530 4299 598 4377 μετὰ
618 4302 670 4358 τῶν
686 4298 784 4380 μορίων
804 4299 873 4358 κατὰ
923 4290 978 4352 ἀνω
1001 4290 1097 4370 ἐκίνει,
1119 4289 1188 4350 οὐτω
1209 4288 1256 4349 καί
1274 4289 1304 4350 τδ
1322 4290 1434 4371 πρώτως
1458 4294 1585 4362 κινῆσαν·
1606 4293 1704 4374 οὐγὰρ

86 4385 258 4462 concisioni<
278 4387 457 4461 κινηθήσεται.
501 4391 534 4452 Ei
557 4389 585 4450 ii
606 4388 726 4468 ἀσχέτως
744 4389 790 4448 καί
811 4387 873 4467 tiis,-
924 4381 1114 4463 προγινιμένητ
1139 4381 1265 4455 κινήσεως
1291 4383 1374 4441 ἐκεῖνο
1401 4380 1475 4440 κινεῖ.
1523 4382 1565 4444 Οὐ
1595 4381 1645 4461 γὰρ
1672 4387 1704 4443 ἂν

87 4475 211 4555 ρημένως
223 4479 261 4556 τῷ
281 4477 334 4558 tto
345 4478 468 4558 πιίρεστι,
483 4477 509 4538 τί
524 4477 623 4539 κωλόει
643 4477 755 4546 καὶτοῖς
769 4475 876 4556 μέρεσιν
923 4470 962 4530 ἔτι
973 4469 1084 4550 πρώτως
1098 4469 1203 4544 κινοίη,
1221 4466 1279 4541 ἡδί
1293 4472 1328 4548 γῆ
1343 4467 1467 4530 οὐδέποτε
1480 4471 1615 4550 ἠρεμοῦσα
1629 4467 1701 4549 πρώ·

85 4564 209 4646 ἀσχέτως
224 4569 269 4627 καί
281 4567 446 4649 ἐξηρημίνως
461 4568 506 4628 καί
521 4569 667 4650 ἀμερίστως
680 4567 725 4626 καί
745 4566 875 4640 ἀκινήτους
898 4615 901 4628 .
920 4583 971 4628 τως
994 4558 1118 4635 mittini)

118 4771 159 4816 82.
177 4764 421 4825 Dubitatnrautom‚
439 4779 500 4816 nunt
514 4765 568 4816 fini
587 4766 678 4831 possit,
698 4769 728 4817 ut
747 4767 875 4832 quippiam
920 4773 985 4825 aquo
1002 4761 1100 4816 movet,
1122 4755 1167 4807 soil
1186 4759 1216 4806 ut
1242 4769 1338 4821 semper
1362 4758 1433 4806 motu
1461 4755 1594 4819 agitatos:
1615 4757 1703 4806 neutro

86 4858 161 4907 motu
174 4855 296 4920 agitatum
309 4855 462 4908 continenter
473 4857 586 4918 moveat;
597 4854 642 4906 sod
660 4859 749 4907 nonni
762 4856 789 4907 id
807 4857 875 4922 qnod
920 4847 995 4900 1110110
1005 4849 1089 4898 moins
1099 4857 1165 4898 1111111
1176 4859 1229 4897 0⁵50
1239 4846 1335 4910 1101011.
1349 4843 1394 4895 Sed
1407 4843 1492 4908 11111188
1505 4845 1571 4894 inii?
1582 4857 1609 4894 111
1620 4842 1703 4895 001119·

89 4943 185 4995 iterum
202 4947 278 5010 nique
300 4944 392 4996 iterim
409 4944 492 5010 pellit,
505 4959 538 4996 ox
559 4959 588 4996 oo
605 4945 759 4996 continenter
776 4948 872 5005 movet,
919 4939 1002 4989 rentes
1014 4939 1095 4989 erunt.
1115 4935 1187 4988 solus
1205 4934 1283 4998 igitur
1303 4933 1376 4985 inest
1392 4932 1524 4983 oontinuus
1543 4934 1638 4992 motus,
1652 4947 1704 4998 qno

86 5033 160 5100 qnod
177 5035 262 5084 moiun
276 5033 392 5099 deinceps
403 5037 470 5086 nunt.
484 5036 534 5085 Ant
547 5035 613 5085 onim
630 5035 712 5100 ipsum
724 5036 815 5101 pollere
833 5035 874 5086 vol
919 5031 946 5082 id
958 5029 1026 5096 quod
1038 5033 1076 5082 ont
1086 5027 1225 5087 immobile,
1236 5028 1329 5078 movet.
1340 5029 1425 5084 Quum
1434 5024 1500 5077 enim
1509 5037 1606 5089 sompni
1617 5023 1702 5076 eodem

87 5123 192 5173 trahone
214 5122 256 5173 vel
273 5125 410 5188 ntmmquo
437 5122 519 5174 facero
541 5124 651 5186 oportet;
681 5126 725 5173 out
747 5122 875 5174 diversum
919 5120 994 5172 modo
1014 5134 1041 5172 so
1056 5119 1163 5178 liabent:
1179 5117 1255 5168 etiam
1276 5114 1309 5165 ad
1334 5113 1448 5178 inquot
1464 5115 1581 5166 movetur
1599 5112 1702 5166 eandem

87 5209 164 5275 qniti=
176 5209 246 5262 atiud
258 5209 290 5262 nb
304 5210 365 5270 olio,
389 5211 523 5276 εωίμῖοιιε,
537 5213 567 5260 ut
587 5211 660 5260 anteo
675 5209 786 5262 diximus
798 5212 829 5262 do
844 5211 875 5261 iis
920 5207 1040 5260 rationem
1051 5211 1077 5260 ot
1088 5205 1297 5258 continuationem
1312 5201 1424 5254 habebit.

86 5312 147 5363 qun
166 5299 340 5366 projiciuntur.
365 5299 466 5352 sivero
486 5313 566 5365 quum
581 5297 700 5352 dividuus
717 5299 751 5352 sii
769 5301 811 5353 atr
832 5299 874 5352 vol
949 5288 952 5296 ’
