4020 5950
243 407 248 416 .
274 345 315 407 ⁴⁰
987 335 1184 412 scindenti

272 475 413 555 σώματος,
432 477 450 549 ἢ
471 476 522 536 ύιτθ
541 483 593 538 τῶν
604 476 706 553 όντων,
725 481 743 553 ἢ
765 480 816 540 ini
830 481 934 561 ίτίροιν.
957 483 1010 542 Καὶ
1032 485 1054 542 εί
1100 482 1166 555 θείς
1177 481 1207 542 τθ
1216 481 1254 559 μὴ
1270 481 1299 542 θν
1314 480 1477 562 ἀφανίζεται.
1491 478 1561 540 Ἀλλ’
1575 479 1598 540 εί
1611 479 1660 558 piu
1675 483 1719 564 ἀφ’
1731 471 1767 541 όν
1781 481 1890 562 θγόνιτο

272 563 320 642 μίν
334 564 386 625 ύττθ
397 569 449 626 τῶν
464 565 564 641 όντων,
580 567 597 640 ἢ
613 566 664 626 iaci
679 570 733 628 τῶν
747 569 838 650 κύκλιρ
851 569 1009 647 κινουμίνιον
1021 569 1054 628 τὰ
1100 573 1137 638 είς
1150 572 1236 630 ἕκιῑνα
1250 570 1353 644 λυθείη,
1365 569 1445 629 πόλιν
1454 568 1553 647 γίνεται
1565 567 1658 650 ίτιρα·
1672 567 1717 628 td
1730 568 1758 628 τί
1770 569 1822 650 γθρ
1836 571 1888 643 τὴν

272 655 315 712 ἐπ’
332 653 448 728 εὐθείας,
464 652 482 724 ἣ
496 656 546 714 ύττθ
566 659 618 714 τῶν
637 657 678 718 ίττ’
702 656 801 725 εύθιίας
817 657 850 716 τὰ
871 658 969 740 κύκλιρ.
985 658 1054 718 Ἀλλ’
1101 659 1186 740 ἀρχὴν
1197 657 1317 738 ίηίνετος
1335 659 1369 718 ΕΙ
1380 656 1407 715 di
1423 659 1459 724 τίς
1472 656 1503 715 ci
1519 654 1557 733 μὴ
1573 655 1601 716 θν
1615 655 1706 716 ἄπεισι
1716 656 1750 718 τθ
1765 655 1846 731 ὄντα,
1861 658 1891 718 τί

272 740 331 801 cudi
348 742 382 804 τθ
396 742 485 824 κύκλῳ
499 745 644 827 φθαρτικὴν
659 744 715 826 ἔχει
729 746 821 828 φύσιν·
836 745 879 807 διὰ
896 747 925 808 τί
937 747 987 828 γθρ
1003 773 1054 826 μη·
1101 748 1198 808 κωλύει
1213 746 1318 806 καὶτὸν
1333 746 1391 806 θεὸν
1412 751 1491 805 τοῦτο
1511 751 1621 820 παθεῖν,
1643 745 1719 808 Ελθί
1739 750 1756 818 ἡ
1776 744 1890 824 δύναμις

272 829 316 890 niv
337 833 438 911 ὁρῶμεν
454 833 551 892 ίκιῖθεν
567 833 752 914 φθειρόμενονς
773 835 840 900 onii,
850 835 884 896 τὰ
899 839 941 896 ἐπ’
955 837 1055 905 εὐθείας
1101 840 1214 912 κωλύει,
1231 838 1278 897 οὐκ
1293 834 1349 895 loct
1373 836 1483 895 δυνατοῦ
1497 833 1590 894 ύαυτθν
1611 833 1689 912 μόνον
1711 835 1813 904 σώζειν.
1830 835 1889 896 Καὶ

271 915 378 976 ἰκείνων
392 918 510 998 ἅψασθαι
521 918 643 978 δύναται·
655 920 733 980 διὰτί
744 920 797 1004 γθρ
807 921 870 1003 όχρι
880 927 925 982 ν’ύν
935 925 1052 994 odadun
1105 926 1202 1004 ὁμοίιος
1212 925 1239 984 dd
1249 923 1376 984 ἀδύνατον
1389 926 1420 983 tx
1430 926 1483 983 τῶν
1494 922 1532 1001 μὴ
1541 921 1623 984 όντων
1636 922 1754 1001 γίνεσθαι
1766 921 1801 982 τθ
1811 923 1887 998 όντα,

272 1003 358 1081 νήθης
375 1005 447 1068 Ἀλλ’
460 1007 518 1066 οὐδὲ
533 1007 620 1069 τὰθπ·
635 1009 735 1076 εὐθείας
750 1012 797 1070 ὑπ’
811 1011 934 1084 ἀλλήλων
948 1012 1055 1093 φθιίρι-
1100 1015 1147 1074 καί
1165 1015 1199 1076 τθ
1213 1013 1277 1074 όντιι
1292 1015 1328 1081 εἰς
1341 1013 1372 1072 τθ
1395 1011 1433 1090 μὴ
1458 1011 1487 1070 θν
1503 1010 1684 1094 ἀφανίζεσθαι.
1698 1009 1763 1073 Ἔτι
1783 1011 1887 1091 ἀνάγκη

272 1101 332 1156 σθαι
349 1095 474 1156 δύναται·
491 1102 508 1168 ἡ
530 1095 578 1170 μίν
595 1097 648 1179 γθρ
663 1099 744 1158 ἄλλου
759 1098 841 1179 φθορθ
857 1099 938 1158 ἄλλου
956 1101 1055 1180 γίνισίς
1101 1103 1146 1163 τὸν
1160 1101 1278 1181 κόσμον,
1292 1103 1315 1162 εἰ
1330 1099 1513 1183 φθιίρεται,ἢ
1531 1098 1690 1180 κατὰφύσιν
1705 1097 1888 1181 φθείρισθαιῆ

273 1184 343 1242 ἐστι·
359 1185 478 1245 τοῦτοδὲ
493 1184 643 1266 φθείρεσθαι
665 1185 713 1264 μὲν
731 1189 778 1246 οὐκ
795 1187 869 1261 ἔστι,
890 1187 1053 1265 μεταόοίλλε-
1101 1193 1175 1274 τεαρθ
1190 1192 1276 1274 φύσιν.
1298 1188 1381 1270 Παρὰ
1398 1189 1474 1271 φύσιν
1490 1187 1518 1248 di
1532 1188 1682 1270 φθιίρισθαι
1695 1188 1774 1248 ιιύτθν
1789 1187 1888 1248 ἀδύνα-

271 1275 332 1330 σθοιι
353 1271 390 1330 δι’.
409 1275 442 1332 Et
456 1273 484 1334 δὲ
502 1271 547 1332 ὑπ’
562 1273 649 1334 σίλλων
668 1275 799 1352 σωμάτων
813 1279 827 1334 θ
841 1275 939 1352 κόσμος
951 1278 1054 1356 φθείρε-
1101 1304 1145 1342 τον
1156 1284 1181 1339 ¹.
1195 1279 1265 1340 Otii
1279 1278 1330 1359 γὰρ
1344 1277 1375 1337 τθ
1392 1276 1466 1356 παρθι
1484 1276 1562 1358 φύσιν
1577 1279 1700 1358 προτερεῖ
1712 1281 1758 1350 τῆς
1769 1276 1888 1358 φύσεως·

270 1383 315 1418 ται
327 1367 356 1438 ⁰,
372 1361 451 1422 πόθεν
469 1363 631 1442 γενομίνιον,
656 1363 674 1436 θ,
696 1371 746 1425 τοῦ
764 1365 845 1426 όντων
863 1367 910 1425 οὐκ
926 1365 997 1426 ἔστιν
1018 1371 1054 1428 εἰ·
1102 1371 1125 1428 εἰ
1143 1367 1171 1427 δὲ
1192 1365 1261 1426 κατθ
1276 1364 1369 1446 φύσιν,
1396 1365 1435 1424 θεῖ
1456 1363 1545 1446 ίτίραν
1561 1353 1689 1439 εἶναιτὴν
1704 1361 1888 1440 μεταόοίλλου-

271 1448 341 1508 πιῖν.
353 1448 415 1510 Ἔτι
427 1460 480 1510 πθν
496 1451 525 1512 τὸ
545 1453 715 1534 φθειρόμενον
730 1454 747 1526 ἢ
760 1453 840 1529 είδιι,
857 1453 875 1526 ἢ
890 1453 939 1534 ύλῃ
956 1455 1056 1536 φθιίρε-
1103 1481 1153 1516 σαν
1176 1461 1222 1518 τοῒι
1241 1455 1341 1531 κόσμου
1361 1451 1409 1525 τὴν
1432 1451 1527 1532 φύσιν,
1548 1451 1616 1532 ὅπερ
1629 1451 1660 1510 ού
1674 1449 1806 1534 φαίνεται.
1824 1449 1890 1512 Ἔτι

270 1559 329 1596 ται·
341 1536 397 1598 ἔστι
408 1539 435 1598 δὲ
445 1527 512 1607 εἶδος
525 1539 572 1617 μὲν
585 1541 615 1600 τθ
625 1546 737 1622 σχῆμα,
751 1541 801 1613 ύλη
815 1541 842 1601 δύ
856 1541 887 1601 τθ
899 1546 987 1619 σῶμα.
1002 1542 1056 1602 Καί
1102 1553 1157 1606 τεᾶν
1179 1545 1210 1604 τθ
1234 1541 1309 1626 φύσει
1330 1539 1500 1623 φθειρόμενον
1514 1539 1561 1600 καί
1582 1543 1660 1612 ἡμεῖς
1675 1542 1788 1624 φθείρειν
1808 1540 1888 1600 δυνό-

271 1628 324 1684 τιῗιν
341 1625 389 1702 μίν
410 1629 486 1686 εἰδῶν
502 1629 696 1708 φθειρομίνων,
718 1631 766 1702 τῆς
788 1629 816 1690 δί
832 1629 896 1702 ύλης
910 1629 1053 1708 μενούσης,
1102 1637 1183 1710 μιθα·
1205 1635 1250 1692 τοῦ
1269 1630 1296 1689 δὲ
1320 1629 1422 1708 κόσμου
1438 1628 1469 1690 τθ
1499 1625 1546 1707 μίν
1573 1625 1696 1688 κυκλικθν
1721 1630 1800 1705 σῶμα
1826 1628 1888 1688 οὔτε

272 1711 348 1794 ίτεριι
364 1716 466 1793 όρῶμεν
481 1713 615 1794 γινόμενα.
629 1719 665 1778 Ei
684 1717 712 1776 θί
727 1717 777 1791 ύλη
792 1717 943 1800 φθιίριται,
958 1723 1014 1787 πῶς
1029 1721 1055 1778 ίν
1102 1719 1203 1801 ύφθειρί
1212 1718 1250 1787 τίς
1259 1741 1334 1796 ιεοτι,
1343 1717 1401 1778 ούτε
1414 1717 1544 1796 μετόόαλι
1554 1715 1563 1754 ¹
1572 1741 1579 1756 ·
1588 1715 1624 1776 τθ
1638 1713 1666 1776 di
1677 1719 1793 1798 στοιχεῖα
1807 1740 1890 1794 μετα-

272 1802 403 1869 τοσούτοις
417 1801 502 1862 ύτεσιν
517 1805 563 1862 uix
577 1805 719 1882 ἐπελιτιενς
734 1807 767 1866 Ei
780 1807 807 1866 δὲ
819 1806 877 1866 ἀντὶ
890 1811 937 1876 τῆς
950 1811 1055 1888 φθειρο-
1103 1809 1211 1870 όόλλιιν
1226 1807 1274 1886 μίν
1288 1805 1414 1881 δυνατόν,
1430 1803 1583 1888 φθιίρεινδί
1604 1805 1739 1866 ἀδύνατον.
1753 1802 1817 1867 'Eri
1834 1813 1889 1865 τεᾶν

273 1889 353 1968 μίνιις
373 1890 448 1972 ἐτίρα
466 1891 474 1928 ¹
487 1891 605 1970 γίνεται,
620 1891 638 1963 ἢ
654 1894 685 1952 ίκ
697 1897 749 1952 τῶν
768 1893 849 1954 όντων
869 1893 888 1968 ἢ
908 1895 939 1954 ίκ
952 1897 1003 1954 τῶν
1019 1895 1056 1972 μὴ
1102 1897 1132 1956 τθ
1146 1895 1317 1977 φθιιρόμενον
1327 1895 1380 1956 ini
1394 1895 1489 1976 χρόνου
1500 1893 1698 1972 μεταόιίλλιται
1709 1891 1755 1952 καί
1774 1897 1890 1974 qipd-d

273 1977 354 2038 ὄντοιν
369 1978 484 2057 γίνεται·
499 1979 562 2038 ἀλλ’
576 1982 599 2039 εἰ
614 1979 663 2057 μίν
683 1982 713 2040 ἐκ
730 1982 893 2058 τῶνόντων,
910 1981 1057 2042 τῶνόντων
1103 1984 1130 2042 ni
1155 1983 1253 2062 κόσμος
1272 1985 1300 2043 ἐν
1325 1982 1459 2051 τοσούτοις
1482 1983 1566 2044 ύτεσιν
1592 1979 1778 2060 ἀμετύόλητος
1802 1981 1888 2059 ptum

272 2065 403 2142 μενόντων
417 2065 477 2140 ἀεί,
491 2067 536 2126 καὶ
550 2071 566 2140 ἡ
580 2069 630 2140 ύλη
646 2069 719 2128 ίστιν
734 2069 786 2130 ἀεί.
803 2071 834 2130 Εἰ
846 2069 874 2130 di
889 2068 934 2129 καί
947 2068 981 2128 cd
994 2068 1057 2128 όντα
1102 2075 1228 2132 Τοσαῦτα
1242 2070 1288 2132 καί
1303 2071 1368 2151 πρθς
1381 2069 1441 2138 τούς
1461 2069 1639 2153 θσχυροτίρυιν
1654 2067 1812 2136 θττοδείὶειον
1826 2071 1887 2129 θεο-

272 2154 419 2234 φθιίρεται,
434 2157 463 2214 ού
479 2155 523 2214 τθν
545 2155 643 2232 κόσμον
660 2155 759 2236 μόνον,
776 2157 845 2218 όλλθ
859 2157 904 2218 καὶ
918 2157 951 2216 τθ
970 2157 1057 2218 πάντα
1105 2159 1198 2236 μένους
1213 2159 1328 2226 εἰπόντες
1349 2157 1427 2218 αύτθν
1446 2158 1510 2235 ἡμῖν
1529 2155 1661 2237 ιύχόμεθα
1678 2153 1756 2216 ίλειιν
1774 2154 1818 2216 τθν
1839 2157 1888 2216 κό-

271 2239 376 2318 λίγουσι
396 2244 555 2322 φθείρεσθαι.
571 2245 607 2304 Et
621 2243 648 2304 δθ
670 2246 767 2306 ἐκτῶν
789 2243 826 2324 μὴ
848 2243 930 2304 όντων
949 2247 967 2316 ἡ
989 2243 1055 2318 ὕλη,
1104 2271 1171 2326 σμον
1186 2245 1306 2328 γενίσθαι
1320 2246 1344 2304 ¹¹.

271 2331 375 2408 πρῶτον
390 2329 438 2406 μίν
449 2331 576 2390 ἀδύνατον
592 2333 623 2391 tx
637 2337 690 2392 τῶν
704 2333 741 2408 μὴ
755 2333 837 2394 όντων
852 2324 917 2392 εἷναί
932 2356 965 2390 τι.
982 2334 1016 2393 Et
1030 2331 1058 2392 δί
1143 2333 1228 2395 ΙὈτι
1251 2335 1326 2418 φύσει
1351 2335 1481 2417 ἄφθαρτος
1499 2338 1514 2394 θ
1534 2333 1651 2414 κόσμος]
1667 2333 1741 2393 Vide
1759 2334 1891 2395 ocellum

271 2421 349 2476 τοῦτο
359 2417 477 2495 γίνοιτο,
491 2419 537 2478 καλ
552 2419 661 2479 δυνατὸν
674 2422 705 2480 la
718 2423 771 2482 τῶν
783 2421 821 2500 μὴ
833 2421 915 2482 όντων
933 2411 999 2480 ιίναι
1010 2419 1058 2491 τὴν
1104 2423 1254 2483 Lucanum
1272 2423 1309 2484 de
1325 2424 1409 2486 univ.
1431 2436 1491 2484 nat.
1508 2443 1571 2502 cap.
1599 2423 1664 2482 riu
1679 2421 1795 2499 λίτομαι.
1809 2421 1890 2483 Phil.

271 2504 354 2582 ύλην,
369 2504 417 2571 ἕως
430 2505 461 2566 θν
472 2496 490 2586 ᾖ
502 2504 536 2566 cd
551 2506 590 2584 μὴ
607 2506 691 2582 ὄντα,
707 2508 783 2570 ἔσται
798 2508 872 2581 καλὴ
887 2509 936 2581 ύλη
946 2531 953 2546 ·
965 2510 995 2569 οὔ
1006 2507 1058 2588 γθιρ
1104 2514 1157 2574 Gr.
1180 2513 1240 2574 νοί.
1266 2511 1280 2572 l
1303 2533 1333 2592 p.
1356 2513 1414 2572 388
1438 2531 1520 2589 seqq.
1539 2509 1654 2568 Placuit
1674 2522 1769 2568 tamen
1791 2511 1892 2569 multis

272 2592 371 2665 δήποτε
383 2594 429 2652 καὶ
443 2593 476 2654 cd
493 2595 530 2672 μὴ
543 2594 605 2656 ὄντα
621 2597 778 2658 ἀπόλλυται.
791 2597 866 2660 litat
883 2598 997 2656 ἀνείδεον
1012 2597 1073 2655 it-
1107 2615 1256 2674 veterum‚
1283 2601 1374 2660 alium
1401 2599 1542 2658 mundum
1577 2616 1639 2658 esse
1665 2599 1891 2676 sempiternum,

270 2705 345 2760 γουσι
356 2679 403 2756 μίν
414 2681 463 2754 τλν
476 2683 557 2755 ύλην,
573 2687 677 2764 πρῶτον
689 2685 735 2761 μίν
749 2685 792 2748 td
808 2685 833 2745 τί
843 2687 873 2746 ού
890 2685 960 2746 κατὰ
971 2683 1054 2764 piru,
1103 2682 1192 2742 alium
1223 2679 1386 2740 mortalem.
1423 2677 1509 2739 Philo
1547 2675 1666 2736 Judaeus
1696 2676 1758 2756 περὶ
1788 2676 1890 2754 κόσμου

272 2771 330 2828 ἀλλ’
344 2769 398 2851 cip
416 2771 517 2848 γίνεται
531 2777 608 2830 τοῦτο
619 2775 658 2852 τῷ
672 2772 785 2852 κόσμῳ,
801 2773 892 2834 ἔπειτα
904 2775 934 2832 ού
946 2773 975 2832 τθ
990 2765 1056 2832 εἶναι
1106 2767 1252 2849 ἀφθαρσίας
1263 2768 1304 2825 uit
1319 2785 1327 2826 ι
1345 2763 1454 2824 δύναται
1466 2764 1493 2823 δὲ
1507 2763 1576 2826 κατθι
1597 2762 1731 2830 Στωϊκούς
1748 2769 1763 2826 θ
1782 2761 1830 2843 μίν
1852 2788 1892 2832 τις

271 2861 323 2916 τῶν
335 2859 466 2932 σωμάτων
477 2903 485 2934 ,
496 2859 527 2920 τὸ
538 2859 566 2918 θλ
581 2859 678 2928 κύλλος
690 2859 821 2941 φθείρωσι
832 2861 920 2938 μόνον.
933 2859 995 2922 Ἔτι
1003 2869 1056 2919 πᾶν
1106 2857 1205 2934 κόσμος
1225 2854 1322 2928 ἀίδιος,
1342 2857 1357 2914 ό
1373 2853 1402 2914 δί
1424 2876 1463 2922 τις
1485 2855 1596 2935 φθαρτὸς
1615 2853 1754 2932 λέγεσθαι·
1778 2853 1893 2935 φθαρτθς

271 2945 302 3004 τθ
314 2945 483 3027 φθειρόμενον
499 2942 601 3030 εῆιίφ’
616 2936 653 3006 ὧν
668 2947 790 3028 ἐγίνετο,
807 2951 842 3016 είς
857 2951 943 3010 ἐκεῖνα
955 2949 1056 3022 λύεται,
1106 2946 1153 3026 μίν
1166 2949 1180 3006 θ
1194 2944 1263 3006 κατὰ
1278 2943 1471 3024 διακόσμησιν·
1487 2942 1570 3011 ἀίδιος
1582 2940 1609 3001 δὲ
1622 2945 1636 3000 θ
1651 2939 1719 3021 μετὰ
1741 2944 1790 3012 τῆς
1804 2943 1891 3000 ἐκτετι-

271 3113 319 3164 Sed
333 3127 378 3164 uec
390 3128 448 3178 quo
461 3118 529 3166 recte
543 3115 657 3166 ieruutm
679 3119 767 3167 mutuo
788 3116 890 3168 incursu
906 3117 987 3182 periro
1006 3130 1061 3181 poa·
1106 3114 1186 3166 aotiu
1198 3113 1225 3164 id
1237 3112 1305 3178 quod
1317 3126 1367 3164 nou
1385 3113 1425 3164 eat
1440 3113 1561 3162 mututur.
1594 3112 1690 3161 Verum
1709 3109 1732 3160 ai
1750 3107 1892 3172 exquibus

271 3203 345 3264 aunt,
369 3203 444 3254 unius
463 3203 529 3254 euim
550 3205 677 3268 corruptio
693 3205 798 3256 ulterius
819 3205 944 3268 gmerutio
961 3207 1013 3266 οιις
1034 3207 1061 3255 at
1105 3204 1213 3266 oculuit,
1242 3202 1269 3254 in
1286 3215 1316 3253 ea
1334 3201 1443 3253 aolutum
1466 3199 1553 3262 fuerit,
1566 3211 1656 3250 rursus
1675 3197 1724 3248 aliu
1743 3199 1893 3258 οαεοοειιιιες

271 3291 320 3342 hoc
343 3292 442 3366 destrui
460 3292 547 3356 utique
575 3307 624 3344 uou
645 3298 699 3356 eat,
721 3293 766 3345 sed
784 3294 919 3346 immutari.
952 3294 978 3344 Si
1002 3307 1060 3344 vero
1106 3292 1223 3359 quamob
1237 3303 1338 3342 caueam
1351 3291 1417 3342 euim
1429 3289 1529 3340 cumino
1543 3289 1636 3338 iactum
1651 3289 1709 3338 eat?
1725 3285 1820 3345 Quodsi
1829 3285 1856 3336 iu
1867 3285 1893 3336 id

272 3381 327 3432 aliia
337 3380 483 3446 corporibus
504 3380 612 3432 muudus
629 3384 805 3448 corrumpitur,
821 3384 887 3434 uude
905 3383 946 3434 iilo
960 3382 1061 3434 auadto
1105 3381 1172 3448 quod
1184 3394 1234 3432 uon
1246 3383 1286 3431 eat
1305 3393 1335 3432 ee
1352 3393 1409 3444 que
1423 3380 1480 3428 suut
1493 3377 1600 3438 aberunt,
1612 3375 1673 3440 quid
1684 3375 1782 3434 obsint,
1796 3375 1892 3438 quomi-

272 3470 510 3532 riutautuiiisiut,
524 3470 644 3522 declarari
658 3485 707 3521 uon
720 3475 810 3537 puteat.
844 3475 970 3524 Praeterea
983 3471 1059 3536 qnod·
1106 3485 1153 3522 uua
1166 3471 1213 3522 deo
1233 3469 1308 3522 etium
1322 3468 1371 3519 Ιιοο
1390 3465 1550 3518 εοείθοιιλι
1568 3465 1589 3516 ai
1606 3463 1717 3530 potentie
1730 3463 1891 3528 ejusohutut,

273 3571 369 3623 cunque
389 3559 564 3624 corrumpitur,
580 3561 624 3610 aut
643 3557 723 3610 iorma
741 3563 786 3612 uui
805 3560 908 3612 materia
928 3561 1061 3626 corrumpi·
1106 3573 1155 3610 non
1175 3561 1215 3612 eat
1238 3558 1345 3624 potentia
1366 3569 1394 3608 ce
1412 3555 1492 3620 ipsum
1515 3553 1685 3605 tautummodo
1704 3565 1812 3604 uerrere.
1843 3550 1893 3602 Sed

272 3649 315 3697 tur
330 3665 337 3698 ε
351 3647 391 3698 eat
402 3649 486 3698 autem
499 3647 579 3698 torma
592 3646 683 3712 figura,
696 3649 801 3701 materia
809 3662 908 3713 corpur.
941 3647 1061 3708 Quocirca
1107 3647 1218 3698 aimiiitar
1230 3645 1306 3698 etiam
1319 3643 1374 3697 deri
1393 3643 1492 3710 nequit,
1508 3644 1603 3694 uttum
1615 3654 1647 3693 eu
1660 3641 1692 3692 iia
1706 3653 1763 3704 quo
1774 3653 1823 3690 uon
1834 3642 1894 3690 sum

272 3735 359 3787 turmis
372 3735 547 3800 pereuntibus,
561 3740 677 3788 manante
688 3737 805 3799 materia,
818 3737 879 3787 aiiaa
892 3737 985 3787 turmas
996 3735 1061 3801 gigni
1106 3751 1136 3786 aa
1149 3749 1207 3800 quia
1219 3737 1278 3786 aunt
1291 3733 1460 3800 procreentur,
1483 3735 1538 3782 tum
1553 3743 1583 3781 aa
1596 3743 1653 3794 quan
1666 3731 1727 3780 aunt
1746 3728 1808 3780 inid
1824 3729 1891 3792 quod

273 3823 396 3877 ridemus.
429 3824 523 3886 Quodsi
544 3825 647 3876 motoria
669 3825 844 3890 corrumpitur,
874 3824 998 3890 quomodo
1023 3825 1061 3875 tot
1106 3841 1155 3878 nou
1169 3828 1208 3878 eet
1221 3826 1406 3878 convertantur.
1441 3825 1545 3886 Insuper
1561 3833 1661 3871 uecesee
1671 3822 1710 3870 est
1724 3819 1840 3870 muudum
1851 3855 1859 3880 ,
1872 3817 1894 3868 ai

272 3925 391 3965 annorum
404 3914 483 3979 spatio
496 3927 544 3964 uon
553 3913 661 3965 deiecit?
675 3913 701 3964 si
712 3927 772 3966 rero
783 3928 828 3980 pro
840 3927 869 3966 ea
880 3927 936 3978 quo
949 3927 1059 3965 corrum-
1107 3917 1286 3980 corrumpatur,
1299 3915 1344 3965 eut
1354 3912 1490 3965 secuudum
1503 3913 1617 3962 naturum
1626 3909 1669 3960 eut
1677 3911 1770 3974 proter
1781 3907 1894 3958 naturam

272 4003 340 4070 pitur
354 4003 402 4053 aliu
416 4002 535 4066 nascitur,
547 4005 591 4054 aut
602 4016 633 4054 eu
645 4001 685 4054 iiia
699 4017 756 4067 quo
767 4007 841 4066 cnut,
856 4006 945 4054 auter
957 4002 989 4053 iis
1002 4015 1059 4066 qum
1106 4003 1240 4069 corrumpi.
1272 4001 1347 4068 Atqui
1361 4000 1416 4052 iicri
1434 4014 1484 4051 uon
1496 3999 1594 4064 puteat,
1616 4000 1646 4048 ut
1668 3999 1760 4062 preter
1777 3997 1894 4046 ceturam

272 4105 321 4142 ιιοιι
332 4089 628 4155 aaut,originemhabot.
662 4094 695 4141 At
708 4091 730 4142 ai
741 4105 773 4142 ex
784 4091 815 4142 iic
827 4105 885 4155 que
898 4094 971 4155 aunt,
983 4105 1061 4156 quum
1107 4093 1287 4158 corrumpatur.
1320 4093 1406 4157 Neque
1429 4087 1495 4139 euim
1514 4085 1541 4138 id
1565 4085 1633 4151 quod
1654 4085 1748 4134 nature
1772 4083 1896 4146 repugnat

273 4192 302 4230 ca
315 4191 371 4243 quo
390 4181 449 4230 eunt
468 4191 564 4244 semper
584 4183 718 4244 maneant,
732 4185 759 4232 et
773 4183 876 4233 materia
897 4194 995 4246 semper
1012 4183 1059 4231 eat.
1106 4183 1184 4248 ipsam
1207 4181 1320 4232 naturam
1339 4178 1423 4229 vincit.
1455 4177 1498 4228 siu
1518 4178 1603 4227 autem
1623 4171 1756 4225 secumdum
1775 4171 1892 4220 naturum

274 4265 983 4334 sinautemctiliaquoauutmrrumpuntur,nouaclum
992 4283 1061 4320 rouu-
1106 4269 1280 4336 corrumpitur,
1296 4268 1370 4320 ulium
1386 4279 1441 4318 esce
1463 4269 1577 4316 naturam
1598 4263 1707 4328 oporiet,
1729 4271 1787 4324 qum
1806 4257 1893 4308 muudi

273 4355 405 4420 dum,scd
423 4357 499 4410 etiam
517 4357 613 4422 reliqna
629 4357 713 4409 omnin
731 4359 855 4424 corrumpi
871 4359 1001 4411 niiiruuant.
1035 4359 1062 4410 Si
1105 4361 1234 4420 naturam,
1253 4356 1320 4422 quod
1342 4369 1391 4407 uon
1411 4353 1518 4416 ridetur,
1536 4353 1661 4404 immutet.
1695 4349 1733 4400 Ad
1751 4343 1806 4398 haec
1819 4345 1893 4410 quid·

273 4461 302 4499 οε
313 4446 358 4509 iis,
372 4459 429 4511 quo
446 4459 497 4498 nori
507 4449 579 4511 suut,
590 4448 695 4500 materia
709 4449 827 4513 nascitur,
840 4449 949 4514 primum
960 4448 1061 4514 quidem
1105 4443 1166 4510 quid
1178 4446 1266 4495 natura
1277 4441 1452 4506 corrumpitur,
1465 4439 1491 4491 id
1506 4453 1551 4491 uos
1562 4451 1661 4504 quoque
1670 4447 1827 4499 corrumpere
1835 4445 1893 4498 pos·

277 4549 308 4588 ox
321 4535 353 4587 iia
364 4549 422 4600 quo
433 4549 484 4587 uon
500 4537 558 4587 aunt
569 4549 618 4588 uon
633 4539 717 4603 potoet
728 4537 865 4602 quidquam
880 4551 943 4588 esso.
977 4535 1026 4592 sed
1039 4535 1059 4586 ci
1105 4547 1191 4584 eumue
1210 4552 1217 4585 ε
1232 4532 1276 4584 ted
1290 4529 1423 4582 rotundum
1442 4529 1531 4580 muudi
1551 4540 1641 4592 corpus
1658 4537 1732 4577 nemo
1744 4535 1823 4587 noque
1836 4534 1893 4572 cor·

273 4623 301 4676 id
322 4623 366 4676 θοι
386 4623 525 4690 poteritque
546 4639 577 4676 cx
595 4623 627 4678 iia
647 4639 704 4690 que
719 4639 768 4677 uon
784 4627 844 4676 suut
863 4625 967 4675 matoria
989 4635 1059 4686 creo,
1106 4621 1173 4686 rupit
1195 4632 1304 4684 uuquam
1319 4631 1399 4681 neque
1422 4613 1561 4666 immutarit
1584 4633 1591 4664 ι
1613 4625 1700 4663 rerum
1724 4611 1844 4661 clementa
1865 4609 1894 4657 ut

274 4723 349 4779 quam
363 4713 578 4780 diueaquaeuou
595 4712 1059 4790 conterunt,tumdiueritetmate-
1105 4710 1236 4761 immutare
1246 4707 1317 4769 iicet,
1331 4705 1365 4758 ita
1376 4704 1480 4771 perdere
1490 4715 1540 4754 uon
1550 4701 1617 4752 licet.
1651 4693 1894 4760 Accedit,utquod-

273 4803 311 4856 rin
322 4821 329 4856 ι
342 4817 423 4870 neque
439 4803 505 4855 enlm
522 4817 634 4870 uuquam
651 4817 680 4856 ea
693 4817 752 4868 quae
771 4817 821 4855 nou
841 4806 913 4868 suut,
926 4803 1058 4854 intereunt.
1105 4814 1202 4866 cunque
1222 4797 1397 4862 corrumpitur,
1416 4797 1528 4859 temporo
1547 4791 1694 4842 immutatur
1712 4789 1739 4839 ct
1757 4785 1892 4837 senescet:

275 4895 330 4945 iam
354 4892 377 4945 ei
400 4893 532 4946 informem
550 4893 639 4944 dicunt
664 4893 810 4956 materiem,
832 4891 940 4958 primum
960 4890 1061 4956 quidem
1106 4890 1149 4942 ced
1162 4889 1270 4943 muudus
1281 4889 1320 4938 tot
1334 4882 1541 4949 auronumspctio
1553 4877 1714 4932 immutabilia
1728 4877 1820 4928 ruauet.
1832 4875 1893 4926 Hoc

274 4983 436 5046 quamobrem
449 4995 497 5034 non
515 4981 617 5046 ungulis
635 4981 764 5046 paruam,
780 4980 824 5032 aed
838 4981 954 5032 universo
969 4978 1061 5030 muodo
1106 4981 1159 5028 tam
1170 4975 1251 5028 multa
1269 4975 1345 5028 atium
1358 4987 1416 5025 cum
1430 4972 1461 5022 iia
1477 4969 1520 5036 qui
1533 4969 1686 5021 firmioribus
1705 4963 1893 5032 probatioribus

275 5068 323 5120 hoc
340 5071 476 5136 contingit?
497 5071 592 5122 Deinde
606 5083 655 5121 nou
674 5069 839 5121 substantium
856 5082 1000 5134 corporum,
1017 5067 1062 5118 aad
1106 5063 1214 5130 indigent
1227 5063 1319 5127 locuti,
1341 5061 1425 5129 iprum
1445 5057 1581 5124 muudum,
1596 5059 1625 5110 ut
1641 5053 1714 5108 uobis
1728 5053 1849 5120 propitius
1861 5051 1893 5103 rit

275 5171 362 5210 eorum
372 5159 583 5223 poemorum
594 5159 693 5212 unium
706 5157 818 5225 perdent.
851 5159 974 5210 rreum
987 5135 1061 5220 iuru-
1106 5151 1269 5205 moramur.

273 5245 336 5312 quid
348 5247 522 5312 corrumpitur,
537 5251 581 5300 aut
600 5261 630 5300 οε
644 5247 734 5314 quibua
748 5245 853 5310 coaluit,
865 5247 892 5298 tu
902 5257 932 5300 ca
947 5244 1059 5303 εοΙνίιυε,
