4020 5950
836 413 888 478 DE
908 413 1098 480 Phoraua.
1721 425 1761 488 59

149 554 216 614 dem
230 554 288 612 riri
301 552 380 612 docti
392 553 951 644 animadverterunt.1senimPlatonis¹
982 580 1047 620 nem
1062 561 1114 620 lib.
1128 560 1184 636 lll¹
1202 561 1240 620 56
1252 561 1394 639 affirmat,
1415 562 1563 622 Platonem
1586 565 1679 626 libros
1693 587 1762 628 suos

149 646 259 726 pariter
266 663 299 702 ac
307 642 469 702 Democriti
483 643 543 724 (32)
557 645 664 724 scripta
677 639 708 704 in
718 645 936 724 tetralogiasdi·
981 651 1023 710 ita
1036 649 1150 711 dedisse
1163 650 1297 726 foras,ut
1307 651 1486 728 tragicorum
1500 664 1653 730 poetarum
1673 668 1762 716 tetra·

149 735 248 812 gessit.
256 733 340 805 Quod
349 732 575 814 ipsumtestatur
584 734 730 812 Diogenes
738 734 934 800 laertiusllb.
981 739 1074 818 logias
1088 741 1265 814 imitaretur,
1292 740 1340 800 vel
1354 753 1387 798 ut
1404 741 1497 800 verba
1510 761 1605 818 greca
1625 763 1732 822 ponam
1752 767 1759 805 ι

150 821 309 898 1X,t.511is
325 821 426 882 verbis
443 841 451 884 t
466 822 542 882 τὰδὲ
557 821 648 906 βιὸλία
661 825 741 884 αὐτοῦ
752 827 798 884 καὶ
811 823 935 906 Θροίσυλ·
982 827 1139 909 Θρασύλαος
1153 829 1181 890 δι’
1202 851 1267 908 ρησι
1279 826 1325 888 καί
1338 827 1407 888 κατὰ
1429 827 1475 901 τὴν
1493 829 1621 910 τραγικὴν
1635 836 1763 912 τετραλο-

149 913 194 979 λος
214 911 379 994 ἀναγέγραφε
404 907 474 970 κατὰ
498 909 571 982 τάξιν
597 911 693 990 οὕτως,
716 913 829 994 ὡστερεὶ
844 913 889 976 καί
902 911 935 972 sd
981 916 1040 995 γίαν
1055 916 1174 978 ἐκδοῦναι
1191 915 1268 976 αὐτὸν
1283 914 1343 984 τοίις
1357 917 1492 996 διαλόγους
1508 919 1576 999 (34).
1590 919 1765 999 Thrasyllus

151 997 306 1078 Πλάτωνος,
319 997 389 1058 κατὰ
395 998 579 1082 τετραλογίαν.
591 999 707 1082 Quippe
716 1014 748 1062 ut
760 1002 793 1061 in
804 1021 839 1062 eo
846 1021 935 1081 opere
982 1006 1073 1084 igitur
1087 1005 1280 1086 opinabatur,
1296 1007 1543 1084 quemadmodum
1561 1010 1662 1086 tragici
1678 1009 1764 1072 Grae-

150 1087 199 1146 cui
222 1087 349 1148 indicem
369 1091 477 1152 lecerat
490 1089 525 1152 sd
547 1089 663 1172 πρὸτῆς
688 1091 859 1172 ἀναγνώσεως
883 1095 936 1152 τῶν
982 1113 1082 1154 corum
1098 1108 1191 1174 poetae
1205 1095 1237 1154 in
1260 1095 1389 1174 publicis
1410 1095 1489 1156 ludis
1503 1116 1536 1158 ac
1553 1097 1764 1160 certaminibus

149 1175 319 1258 Δημοκρίτου
333 1174 445 1260 βιὸλίων
460 1190 532 1238 teste
550 1179 683 1260 Diogene
702 1181 757 1241 lib.
774 1181 826 1257 lll,
847 1189 881 1252 tr
908 1197 936 1242 et
983 1182 1019 1240 de
1035 1184 1133 1262 palma
1156 1184 1233 1242 inter
1247 1202 1310 1243 sese
1335 1191 1479 1244 certantes
1497 1187 1669 1266 compositis
1684 1201 1765 1266 quat·

151 1267 189 1338 45
219 1265 256 1326 de
280 1264 441 1326 Democriti
460 1267 523 1326 rita
546 1281 575 1328 et
600 1269 713 1346 ingenii
739 1271 936 1332 monumentis
983 1282 1050 1330 tuor
1068 1271 1178 1330 fabulis
1196 1271 1228 1330 in
1248 1271 1402 1350 publicum
1417 1273 1538 1352 prodire
1556 1274 1708 1350 solebant,
1723 1277 1766 1336 sic

149 1356 352 1434 disputaverat
372 1377 380 1412 ι
397 1359 437 1414 ita
458 1375 523 1418 eam
538 1355 570 1416 in
589 1358 647 1417 alio
659 1358 809 1418 volumine
823 1359 859 1418 de
870 1359 936 1418 Pla·
983 1359 1136 1421 Platonem
1149 1380 1209 1420 non
1223 1361 1369 1439 singulos,
1383 1363 1435 1422 sed
1458 1375 1616 1440 quaternos
1633 1365 1766 1443 dialogos

149 1459 218 1505 tone
241 1444 361 1528 copiose
388 1444 500 1506 dixisse
525 1444 684 1526 probabile
708 1460 762 1508 est.
793 1448 934 1508 Caeterum
984 1463 1155 1527 argumento
1167 1449 1340 1529 plerumque
1365 1450 1542 1511 cohaerentes
1560 1452 1699 1512 emisisse.
1716 1455 1766 1513 At·

149 1553 211 1593 non
224 1533 420 1612 antiquiorem
438 1531 626 1614 Thrasyllum
647 1534 798 1596 aLaertio
819 1537 936 1614 signiti-
985 1541 1036 1617 qui
1050 1541 1076 1599 si
1088 1538 1192 1599 eodem
1212 1539 1345 1616 Diogene
1360 1539 1419 1619 (35)
1441 1553 1559 1600 auctore
1573 1541 1720 1614 nonnulli,
1735 1542 1768 1601 in

152 1621 233 1696 ceri,
248 1640 265 1682 e
278 1621 419 1702 pluribus
437 1635 517 1704 patet
543 1623 711 1699 erroribus,
736 1625 768 1684 in
783 1645 857 1704 quos
877 1646 935 1684 non
983 1628 1089 1706 quibus
1104 1628 1315 1706 Aristophanes
1330 1629 1537 1705 gramntatictts
1552 1630 1614 1698 luit,
1633 1629 1767 1706 dialogos

150 1709 313 1784 incidisset,
329 1713 354 1771 si
365 1723 414 1772 aut
427 1709 557 1772 vivendo
570 1712 712 1790 attigisset
722 1713 935 1788 Democritum,
956 1723 960 1784 i
985 1717 1154 1777 Platonicos
1181 1736 1315 1794 magnam
1347 1730 1459 1796 partem
1486 1717 1546 1798 (36)
1576 1719 1609 1776 in
1634 1718 1770 1796 triloqias

150 1815 201 1861 aut
217 1801 319 1860 saltem
333 1799 418 1882 prior
432 1811 514 1858 aetate
529 1798 639 1860 luisset.
655 1798 735 1860 later
748 1797 803 1860 hos
817 1820 936 1860 errores
984 1803 1202 1881 descripserunt
1225 1823 1243 1864 a
1263 1802 1415 1884 republica
1436 1805 1625 1884 incipientes,
1649 1825 1686 1864 ex
1711 1827 1769 1885 qus

151 1907 338 1952 numeramus
360 1901 390 1948 et
410 1905 495 1961 eunt,
514 1887 593 1968 quod
616 1887 652 1946 de
667 1889 808 1968 temporis
822 1889 934 1968 spatio,
985 1913 1050 1952 cum
1059 1892 1170 1952 Timaeo
1179 1905 1208 1952 et
1220 1891 1313 1952 Critia
1326 1894 1422 1972 prima
1432 1893 1533 1953 classis
1542 1907 1699 1969 constaret,
1714 1895 1766 1954 alii

150 2001 210 2062 quo
219 1977 330 2040 vixerit
338 1977 539 2049 Democritio,
550 1976 621 2036 falsa
633 1977 764 2051 tradidit,
775 1991 804 2035 et
814 1979 892 2056 quod
900 1977 936 2038 de
985 1995 1087 2042 contra
1106 1995 1217 2042 mutato
1234 1981 1340 2042 ordine
1362 2001 1396 2042 ac
1414 1981 1627 2042 diversissimis
1644 1983 1771 2042 rationi-

150 2069 312 2132 Anterastis
326 2067 368 2126 ita
376 2063 541 2144 judicavit,
556 2079 714 2144 utreque,
731 2066 828 2126 sintne
841 2067 935 2126 Plato·
984 2069 1040 2131 bus
1052 2089 1173 2150 operum
1184 2069 1403 2130 Platonicomm
1417 2070 1523 2130 classes
1533 2069 1768 2144 constituerunt,

151 2160 197 2219 nis
212 2179 249 2219 an
263 2176 323 2218 ιιιιιι
339 2155 399 2216 sint
421 2154 606 2235 exploratum
627 2155 654 2214 ei
673 2155 759 2214 fuisse
776 2169 935 2234 appareat,
985 2159 1041 2220 hoc
1054 2160 1131 2220 inter
1149 2171 1267 2220 caeoeros
1283 2172 1312 2218 et
1325 2158 1518 2236 Thrasyllum
1535 2159 1675 2218 interesse
1688 2157 1770 2236 judi·

153 2267 246 2328 ncque
269 2243 379 2326 quibus
417 2243 597 2320 argumentis
625 2243 794 2305 Democrito
819 2244 852 2302 in
879 2242 937 2302 hoc
986 2248 1110 2308 candum
1129 2261 1183 2320 est,
1200 2247 1280 2326 quod
1302 2249 1400 2308 ceteri
1421 2247 1538 2326 quidem
1563 2246 1600 2306 ad
1615 2245 1770 2306 libidinem

152 2335 269 2418 dialogo
289 2335 387 2394 locum
414 2331 627 2405 vindicaverit,
651 2332 722 2391 satis
746 2330 936 2407 intelligatur·
986 2338 1070 2397 aliter
1083 2350 1169 2414 atque
1179 2337 1263 2396 aliter
1275 2336 1323 2396 vel
1338 2337 1432 2414 ipsius
1447 2335 1593 2406 materiae,
1608 2336 1655 2393 vel
1672 2355 1769 2395 rerum

152 2424 208 2484 Sed
222 2425 259 2485 de
272 2438 398 2502 utroque
411 2420 566 2500 lapsuy'am
583 2419 858 2480 alibidisseruimus
870 2420 937 2499 (33).
987 2425 1190 2498 tractationis,
1223 2425 1268 2483 rel
1290 2423 1438 2483 scribendi
1463 2425 1578 2502 generis
1600 2421 1701 2482 habita
1721 2442 1774 2482 ra-

153 2513 224 2585 Quae
237 2533 328 2594 quum
347 2513 388 2572 ita
402 2511 461 2570 sint
471 2554 480 2583 ,
509 2522 605 2570 tamen
626 2527 662 2568 ne
681 2507 854 2586 Thrasyllus
870 2511 938 2588 qui·
986 2514 1066 2572 tione
1081 2511 1213 2574 Platonis
1232 2515 1343 2590 scripta
1361 2510 1589 2583 distribuerunt,
1605 2510 1655 2568 hic
1675 2522 1770 2568 autera

152 2603 218 2662 dem
233 2601 321 2662 nobis
334 2597 540 2680 despiciendus
562 2612 622 2672 est,
637 2597 737 2678 quiin
757 2595 940 2658 conficiendo
987 2600 1111 2679 singulis
1133 2619 1206 2680 quas
1226 2600 1393 2662 condidisse
1415 2600 1507 2660 serurr
1527 2599 1669 2660 classibus
1685 2615 1772 2679 quat-

150 2705 179 2749 οι
197 2690 328 2752 Platonis
350 2703 379 2748 et
407 2687 569 2748 Democriti
592 2687 785 2767 scriptionum
814 2686 936 2748 elencho
988 2703 1053 2750 tuor
1090 2689 1241 2768 assignans
1267 2688 1399 2767 dialogos
1428 2690 1585 2770 ipsumque
1601 2689 1769 2764 ¹Platonem

152 2780 333 2860 antiquiores
357 2778 475 2838 videtur
499 2789 634 2837 auctores
654 2787 776 2836 secutus.
801 2774 886 2846 Quod
909 2789 941 2835 ut
987 2799 1077 2856 opera
1103 2799 1156 2841 sua
1177 2778 1247 2840 ιιατδ
1268 2779 1440 2860 τιτραλογίαν
1460 2777 1625 2858 publicasse
1650 2791 1770 2838 conten-

156 2869 283 2944 credar,
302 2866 439 2948 pluribus
455 2865 584 2928 adducor
597 2865 774 2928 rationibus.
988 2867 1078 2946 dens,
1102 2888 1161 2928 non
1175 2880 1233 2928 tam
1251 2869 1323 2928 novi
1342 2867 1414 2946 quid
1436 2866 1560 2940 invenit,
1579 2884 1666 2945 quam
1692 2866 1771 2946 quod

198 2960 240 3020 Ac
253 2959 382 3038 primum
398 2957 517 3036 quidem
538 2955 710 3034 Thrasyllus
736 2955 814 3036 apud
836 2955 941 3032 Dioge·
988 2957 1169 3018 aveteribus
1187 2969 1337 3037 acceperat
1361 2958 1500 3016 intactum
1526 2956 1656 3033 reliquit.
1672 2953 1772 3034 Neque

154 3157 311 3208 tranianum
325 3153 397 3220 equis
412 3151 592 3204 discurratur.
615 3150 757 3204 Notandum
780 3164 848 3212 rere,
865 3151 943 3202 Thra·
989 3151 1073 3204 cabuli
1085 3152 1172 3202 lanua
1185 3151 1319 3214 Βάθυλλος,
1331 3151 1442 3208 Βαθιίλος,
1454 3148 1584 3205 Βαθύλαος.
1596 3147 1634 3198 Ol.
1648 3147 1777 3200 Demostli.

158 3227 248 3290 syllam
259 3224 373 3291 proximo
390 3226 447 3274 ante
461 3221 552 3273 'tiberii
571 3221 668 3274 obitum
683 3235 746 3272 anno
760 3223 841 3273 Tauro
858 3223 884 3276 et
900 3221 942 3272 ti·
989 3225 1046 3287 ιιρθς
1058 3224 1163 3274 Βοιωτθν
1178 3222 1345 3287 θιιδρτροιιιδς
1362 3222 1474 3287 μητρῴας
1493 3232 1549 3284 pag.
1565 3221 1634 3281 ιθθθ,
1650 3223 1680 3269 λθ
1692 3216 1778 3284 steph.

154 3298 217 3348 bone
233 3296 302 3348 (loss.
323 3293 435 3345 debitum
455 3293 551 3343 nature
569 3291 720 3354 reddidisse,
746 3305 825 3358 qaum
845 3291 944 3342 fatalem
990 3295 1058 3358 (pag.
1072 3297 1118 3344 265
1131 3293 1170 3344 ed.
1185 3293 1413 3358 bohierianthol.
1426 3291 1478 3342 Pal.
1489 3295 1514 3355 7,
1525 3296 1564 3342 θθ.
1575 3288 1666 3342 aueo.
1676 3293 1689 3342 1
1699 3303 1724 3355 p.
1738 3296 1777 3342 θθ.

153 3371 202 3422 sibi
214 3371 300 3420 horam
312 3381 344 3418 ex
355 3367 429 3417 astris
443 3367 577 3430 auguratus
591 3368 665 3415 esset.
679 3364 727 3414 Dio
739 3364 840 3416 curlus
854 3366 942 3424 LVIII,
988 3365 1018 3414 Ι).
1032 3363 1128 3428 Αίοιρίι.
1141 3367 1187 3426 ΠΙ,
1204 3368 1244 3427 οδ,
1262 3369 1285 3414 θ.
1299 3363 1362 3414 illuc
1374 3362 1492 3424 elflrttur,
1505 3373 1602 3412 errasse
1616 3362 1774 3412 lluobnerant

155 3447 185 3494 λλ
203 3441 260 3493 τότε
281 3440 324 3503 μὲν
342 3439 387 3502 γὰρ
402 3441 415 3488 ὁ
430 3437 581 3501 θρασυλλος,
597 3439 631 3499 τῷ
652 3435 776 3486 δ’διιιόντι
794 3436 832 3499 ἦρι
855 3435 943 3492 ἐκεῖνος
989 3435 1032 3498 qui
1046 3433 1298 3499 inDlogenisLaertii
1316 3433 1529 3496 adiumentique
1543 3432 1643 3497 scripsit
1657 3435 1779 3497 θραοίλος

153 3517 193 3568 tal
206 3513 327 3564 τείλναίου
347 3510 457 3573 Ιίρδνλυυ
476 3511 516 3562 καί
533 3508 571 3559 tet
589 3508 693 3558 Ποντίου
714 3507 825 3571 Νιγρίνου
846 3507 943 3558 ὑπάτων
992 3525 1037 3576 pro
1057 3513 1208 3576 θράσυλλος,
1227 3510 1464 3564 θςυς“Αςῃιινοσίρηιι
1483 3509 1600 3573 Diogenis
1620 3509 1780 3562 undatione

155 3586 304 3644 ιτιλείτησε.
324 3581 394 3633 Idem
407 3582 493 3631 rouo
512 3581 538 3630 et
554 3577 672 3630 suetonio
689 3579 853 3630 οοοοωίιοοο
870 3577 946 3628 resen
992 3583 1142 3647 laudatoque
1153 3584 1312 3636 Βολιιοοιιιίο
1324 3585 1356 3636 ια
1369 3583 1508 3636 λιινινοιιοιι
1523 3582 1597 3645 opto.
1608 3595 1634 3646 p.
1648 3585 1703 3638 ιιι,
1716 3581 1780 3632 vtae

154 3659 198 3710 tib.
213 3657 264 3715 LV.
281 3658 306 3704 11
324 3652 486 3714 attestatio
499 3647 668 3714 teutatem,
685 3653 727 3709 τθι
739 3648 779 3698 διὰ
793 3655 840 3699 τῶν
851 3649 945 3712 ἄστρων
991 3656 1045 3720 ejus
1056 3655 1114 3706 adn.
1128 3655 1160 3706 ad
1171 3656 1241 3720 ιλιορ,
1257 3656 1299 3709 th.
1318 3659 1365 3718 nl,
1381 3657 1514 3718 131x,41,
1531 3653 1573 3704 uni
1586 3651 1657 3704 codd.
1674 3653 1780 3716 θράαολ-

156 3727 311 3792 μαντιθῆςῶθ
326 3723 367 3772 ²⁸¹
378 3721 516 3786 θίάσυλλθθ
530 3720 606 3783 ἄνδρα
626 3719 706 3776 wi<
721 3719 878 3784 ἅστρθλθλίθί
890 3719 943 3768 δία·
991 3727 1030 3780 λος
1039 3723 1141 3787 habent,
1151 3728 1177 3776 et
1195 3723 1227 3774 ad
1236 3729 1281 3788 tlt,
1295 3732 1325 3776 56
1342 3724 1385 3775 ubi
1399 3727 1495 3774 cunctas
1513 3722 1663 3772 membranae
1677 3722 1704 3773 ln
1719 3722 1781 3773 scri-

156 3796 280 3864 τιροιθτα
294 3795 370 3858 ἔχων,
384 3793 463 3843 πάντα
476 3792 516 3841 ναί
534 3790 565 3841 τὰ
582 3793 663 3853 ἐαυτῷ
677 3790 719 3838 καὶ
738 3789 769 3838 τὰ
786 3790 882 3847 ἐκείνου
899 3806 944 3842 πε·
991 3797 1064 3860 ptura
1074 3791 1615 3860 θρασύλοοςοοιιοοιιθοοι.-(θι)νίαιιιιι.
1628 3795 1671 3842 Gr.
1682 3793 1779 3856 arran.

157 3867 271 3934 προνμίνα
289 3865 393 3930 ἀκριῦῶί
409 3863 538 3924 ἠπίστατο·
557 3864 599 3914 καὶ
612 3861 680 3923 Mitt<
693 3860 753 3924 litt,
771 3861 808 3911 ὅτι
828 3863 945 3924 milico<
991 3867 1130 3933 Votlpag.
1146 3870 1200 3919 387.
1213 3893 1245 3906 -
1258 3867 1451 3930 (rememorati
1464 3863 1684 3925 Abderittolragm.
1695 3875 1720 3927 p.
1739 3870 1780 3913 ιθ·

156 3941 217 3991 ποτὲ
230 3939 254 3989 ἰν
269 3937 384 4002 caetra
398 3932 811 3998 τὸνθιάσνλλυθπὸτοῦτιίκονι,
830 3933 882 3982 ἐπεὶ
899 3935 943 3996 νό-
992 3942 1029 3999 at,
1046 3942 1075 3988 οι
1095 3951 1163 4003 seqq.
1177 3937 1270 4003 -(ιιι
1290 3938 1425 3990 necamus
1445 3934 1499 3987 no.
1518 3933 1587 3988 ιοοιι.
1607 3932 1689 3984 ιιοιοι,
1711 3937 1782 3998 ινιι,

157 4028 196 4068 νος
208 4009 276 4072 αὐτῷ
287 4006 412 4058 πάνθ’θσα
426 4005 511 4056 ἐνενόει
527 4005 637 4070 συνήδιι,
653 4003 734 4065 οἰοιιν,
751 4004 855 4061 heilica
872 4004 944 4054 αὐτὸν
991 4013 1021 4060 42
1037 4022 1092 4074 pag.
1105 4013 1121 4060 4
1136 4023 1143 4054 z
1160 4011 1295 4061 «διδοῦναι
1309 4010 1394 4072 αὐτὸν,
1406 4006 1499 4072 inquit,
1519 4007 1638 4074 refertar
1657 4005 1695 4056 αιί
1713 4005 1777 4058 Pla·

158 4078 388 4146 σουθρωπάσαντα,
401 4079 473 4142 ipseo
491 4078 563 4128 διὰτί
575 4075 726 4139 wirma
738 4073 845 4133 εἰπόντος
856 4075 881 4125 δὲ
893 4076 945 4126 κίν-
992 4083 1093 4143 torem,-
1108 4079 1262 4144 iltrasyttas
1273 4083 1364 4132 tameo
1375 4079 1431 4130 hac
1444 4080 1478 4130 de
1495 4094 1537 4145 se,
1550 4091 1606 4130 ιιοιι
1619 4073 1649 4126 dt
1664 4073 1777 4128 Platone

156 4153 228 4206 θυνίν
246 4167 301 4203 τινα
320 4149 474 4212 θιιοιιτιιλιιν,
497 4149 624 4213 θαυμάσας
645 4145 725 4196 οὐκέτ’
744 4147 804 4196 oded
823 4147 944 4206 ίιιοίησιν.
992 4149 1183 4215 dteerat5tpse
1198 4153 1268 4201 enlm
1290 4149 1444 4214 Thrasyllus
1461 4149 1533 4202 hatte
1551 4145 1704 4198 instituerat
1718 4145 1780 4196 dta-

159 4227 232 4276 otro
246 4222 292 4287 γάρ
313 4237 360 4271 του
374 4219 454 4270 πάντα
471 4220 559 4278 ίιιιίνος
581 4220 663 4284 σαφῶς
680 4218 756 4282 hist,
776 4221 840 4268 ὥστε
862 4219 902 4267 acl
918 4221 945 4268 τὸ
995 4221 1117 4285 locorum
1143 4222 1270 4272 ordinato.
1290 4241 1302 4265 ο
1324 4220 1373 4272 Sed
1392 4221 1447 4272 haeo
1468 4218 1598 4287 explicatio
1612 4217 1780 4281 grammaticae

157 4295 241 4343 πλοίου
256 4293 286 4343 τὸ
300 4293 343 4352 τὴν
353 4290 465 4354 ἀγγελίαν
483 4293 519 4358 τῷ
532 4290 635 4356 Τιθιρίῳ
646 4295 688 4349 τῆς
700 4291 733 4345 ele
745 4291 841 4354 Ῥώμην
856 4289 946 4340 ἀνακο-
994 4291 1089 4355 legions
1099 4293 1238 4358 repugnat,
1254 4291 1303 4342 nisi
1316 4292 1379 4343 sorte
1398 4292 1505 4356 scriptor
1516 4291 1598 4356 inepte
1617 4287 1715 4339 locutus
1731 4292 1777 4340 est.

158 4365 228 4429 μιδῆς
241 4365 307 4430 capt
325 4379 352 4414 τα
364 4368 406 4422 τῆς
423 4363 510 4428 μητρδς
524 4364 565 4414 οιαὶ
577 4361 642 4426 παρὰ
658 4364 701 4410 τοῦ
716 4359 857 4422 Αὐγούστου
876 4361 945 4425 φέρον
993 4363 1349 4430 Vid.i1atthiasoramm.gr.
1366 4363 1382 4428 §
1403 4367 1458 4416 580.
1476 4367 1529 4417 not.
1546 4389 1579 4402 -
1589 4359 1641 4425 (st)
1657 4359 1780 4424 aimanos

158 4435 280 4501 πόρρωθεν
295 4435 401 4485 κατιδὼν
413 4436 548 4498 ιτροσιτλέον
563 4439 683 4497 προειπεῖν
705 4433 773 4498 αὐτῷ
795 4433 809 4482 δ
823 4433 947 4495 ἀγγέλλειν
993 4435 1107 4488 Laertius
1120 4433 1162 4488 lib.
1177 4438 1224 4499 ΠΙ,
1234 4441 1263 4486 ol
1281 4437 1357 4488 :turos
1369 4436 1409 4496 rt,
1423 4436 1457 4488 οἷον
1470 4436 1573 4488 istrael
1585 4433 1751 4498 Ἀριστοφάνη(
1768 4435 1782 4482 δ

158 4508 263 4570 ἔριλλεν.
278 4507 316 4557 ct.
334 4505 447 4558 (tremori
462 4504 554 4556 anecd.
572 4501 948 4570 mandamentorum
994 4507 1168 4574 γραμματικός,
1190 4509 1223 4566 τίς
1240 4507 1358 4574 τριλογίας
1377 4509 1477 4560 δλιιουσι
1498 4507 1553 4564 τοθς
1576 4503 1709 4564 διαλόγους.
1733 4504 1779 4552 Καί

159 4576 282 4642 Thrasylli
303 4575 383 4626 atium
400 4576 504 4626 Neronis
530 4573 661 4640 hoperiruu
684 4572 828 4638 predixisse
848 4573 949 4624 Tacitus
993 4579 1087 4644 νιριίηην
1100 4578 1141 4641 ptr
1154 4579 1270 4641 τιθέασιν,
1288 4579 1316 4640 tls
1333 4582 1426 4642 ἡγεῖται
1446 4578 1572 4638 Πολιτεία,
1585 4574 1700 4638 Τίραιος,
1719 4576 1779 4637 Κρι-

160 4649 245 4700 narrat
260 4644 345 4698 annal.
360 4647 404 4708 VI,
418 4647 457 4698 θλ.
471 4644 660 4697 Nominisraria
671 4643 794 4708 scriptura
805 4643 872 4710 apud
882 4647 950 4696 Gras-
993 4650 1052 4709 stag·
1074 4649 1197 4713 διοτίραν,
1222 4649 1351 4713 Σοφιστής,
1375 4648 1517 4710 Πολιτικός,
1539 4645 1666 4710 Κρατύλος·
1686 4641 1778 4706 τρίτην,

161 4737 203 4772 ras
226 4727 271 4776 est.
301 4721 436 4773 thatinis
466 4723 608 4773 eonstmtcr
633 4719 778 4783 Thrasyllus
801 4721 946 4786 appelletur.
994 4723 1083 4786 ίθόροι,
1098 4720 1192 4782 Μίνως,
1206 4719 1334 4783 Ἐπινομίς·
1346 4719 1472 4784 τιτάρτην,
1492 4717 1632 4776 θιοιίτητος,
1645 4712 1780 4776 Εὐθύφρων,

163 4792 231 4844 Adde
246 4794 307 4845 locis
321 4806 396 4858 supra
409 4793 490 4845 allatis
503 4793 571 4844 hane
581 4791 708 4843 luvenalis
717 4804 818 4842 versum
833 4793 877 4844 Sat
902 4795 946 4854 VI,
998 4791 1132 4855 Ἀπολογία·
1155 4791 1278 4857 ripaeos,
1294 4791 1403 4856 Κρίτων,
1422 4789 1535 4852 Φαίδων,
1553 4784 1702 4838 'hamelet'
1717 4785 1781 4835 τὰδ’

163 4867 209 4916 575
222 4884 228 4914 :
241 4867 295 4916 lton
307 4867 353 4920 ibit
364 4865 458 4932 pariter
467 4865 579 4916 numeris
594 4865 711 4916 revocata
721 4861 850 4928 Thrasylli.
863 4865 949 4915 Graec
994 4862 1054 4914 ἀλλα
1066 4861 1119 4913 καθ’
1134 4863 1158 4912 ἓν
1166 4863 1208 4912 tat
1223 4860 1338 4918 θτιίιιτως.
1349 4860 1470 4924 Ἄρχοντυι
1485 4861 1509 4909 et
1519 4861 1541 4910 οί
1554 4857 1595 4920 μίν
1605 4858 1636 4911 θοι
1645 4852 1781 4918 revelantes

162 4937 249 4988 autem
276 4937 319 5002 qui
339 4938 475 5004 Θράσυλλος
494 4935 594 4998 dieitur,
615 4933 720 4986 eundem
744 4935 803 4986 ticet
823 4937 948 4999 θρασύλον
993 4935 1040 4985 ἀπὸ
1051 4939 1092 4994 τῆς
1103 4931 1359 4992 praesterirent
1376 4930 1521 4983 autumo
1536 4931 1578 4978 τοῦ
1596 4924 1709 4989 μείζονος.
1721 4927 1744 4976 ot
1759 4926 1781 4976 δ’

161 5020 254 5058 rotare
267 5011 292 5058 ct
305 5010 450 5072 θρασύλοισν.
466 5008 530 5060 Vide
545 5009 574 5058 (l.
584 5005 692 5058 Keitium
704 5005 847 5058 doctissime
859 5007 892 5058 de
902 5007 950 5058 hoo
993 5004 1039 5054 tet
1055 5003 1167 5069 θεάγους·
1182 5003 1238 5054 ίνιοι
1252 5004 1277 5054 a
1294 5003 1445 5066 Εὐθύφρονος·
1470 5001 1535 5050 δλλοι
1555 4999 1737 5058 Κλειτοφῶντος·
1748 5015 1783 5047 τι·

161 5078 290 5130 ιιοιιιίιιοιιι
308 5093 396 5144 genere
413 5081 580 5132 disserentem
600 5078 626 5131 in
647 5091 714 5142 spec.
733 5078 896 5145 onomatolog.
911 5093 940 5144 gr
992 5077 1028 5133 νίς
1043 5075 1152 5140 Τιμαίου·
1163 5079 1186 5127 ot
1199 5074 1220 5124 δ’
1231 5076 1279 5125 διτδ
1294 5073 1407 5138 Φαίδρου·
1422 5073 1495 5136 Ιττροι
1508 5069 1649 5129 esuriisse·
1661 5067 1745 5119 πολλοὶ
1754 5071 1781 5120 rt

160 5149 269 5214 (Lipsiae
284 5151 356 5214 leto)
372 5154 469 5215 pagata
488 5152 514 5200 et
524 5162 588 5213 quos
606 5147 642 5202 ibi
656 5149 748 5200 excitat
760 5152 875 5200 veterum
887 5149 949 5200 scri-
993 5147 1130 5210 Ἀιιολογίαν
1143 5148 1184 5208 τὴν
1198 5146 1271 5210 ἀρχὴν
1285 5149 1417 5196 ποιοῦνται.
1434 5169 1466 5180 -
1480 5141 1533 5207 (θθ)
1547 5143 1602 5194 δίου
1622 5155 1709 5195 amnas
1725 5143 1782 5194 Pla·-

160 5223 262 5286 ptorunt
277 5219 445 5286 explicatores.
460 5221 536 5282 Naro,
558 5223 587 5270 ut
604 5233 682 5270 unum
696 5220 838 5284 hujusmodl
860 5228 947 5273 nomen
994 5219 1059 5270 tonis
1072 5219 1149 5270 libros
1170 5219 1216 5284 hac
1232 5215 1285 5278 leae
1303 5215 1456 5276 diviserunt,
1477 5214 1522 5266 sed
1544 5228 1621 5280 quum
1640 5216 1781 5282 quindecim

160 5281 281 5358 praterea
295 5291 435 5358 proteram,
448 5292 582 5344 notissime
601 5296 659 5342 sunt
672 5292 748 5343 varia
767 5291 880 5356 ejusdcm
899 5292 946 5341 νοὲ
967 5307 971 5324 ·
994 5291 1046 5354 eius
1056 5291 1181 5342 volumina
1196 5288 1306 5354 quinque
1319 5287 1424 5352 trllogiis
1435 5288 1558 5354 complexi
1573 5292 1664 5350 essent,
1680 5289 1781 5353 rellqute
