3976 5948
805 385 856 444 Dll
878 383 1123 446 XENOGRATE.
1713 393 1770 454 tot

165 530 240 590 gene
253 530 322 571 vera
335 512 463 585 sentire,
482 512 655 571 dissentiunt
670 513 786 574 lonsius
801 513 871 594 (ιδ),
886 517 947 575 Bae-
991 519 1066 577 ratio
1081 517 1182 576 haberi
1200 537 1260 586 non
1274 531 1369 598 potest
1377 563 1386 596 ,
1402 521 1547 597 siquidem
1570 523 1666 582 solum
1682 524 1772 586 Laer-

165 601 224 660 lius
237 599 309 681 (17),
318 600 380 661 alii.
393 599 465 659 llam
473 601 858 682 primumilla’Oluputddur
870 627 948 664 σονα-
992 605 1063 666 tium
1078 605 1251 683 locupletem
1265 617 1366 664 testem
1382 625 1444 666 esse
1458 621 1590 686 apparet.

165 688 240 768 γωγή
255 709 315 749 non
330 701 374 748 est
386 689 493 749 incerti
508 689 664 769 scriptoris
679 692 792 770 antiqui
807 713 901 772 opus,
915 708 949 754 ιιι
1034 692 1134 752 Sedut
1148 693 1297 771 digressus
1310 713 1328 752 a
1342 695 1422 754 read
1438 697 1621 776 propositum
1641 699 1768 774 redeam,

164 777 310 837 lleursius
325 776 455 856 putabat,
471 777 521 836 sed
532 777 688 855 scaligeri,
702 780 947 858 quemadmodum
992 780 1183 856 Xenocrates,
1202 783 1393 858 Agathenoris
1414 784 1546 865 lilius,a
1567 807 1660 865 puero
1674 788 1771 851 Plato-

164 877 226 925 tum
241 865 306 943 ipse
323 865 427 928 fatetur
441 863 478 922 ad
493 862 614 926 Eusebii
628 865 776 926 Chronica
788 887 856 947 pag.
874 871 945 944 431,
992 889 1059 928 nem
1072 870 1188 930 audivit
1204 872 1279 950 (18).
1295 871 1408 930 Etenim
1423 875 1527 950 procul
1547 874 1639 934 dubio
1661 889 1772 938 mature

167 964 229 1011 tum
248 952 453 1018 Valckenarius
467 951 505 1012 ad
527 953 718 1014 Theocritum
733 974 800 1035 pag.
823 977 880 1030 27⁰
897 958 948 1016 de-
995 960 1096 1020 relicta
1107 963 1204 1040 patria
1216 961 1291 1022 urbe
1306 963 1432 1023 Athenas
1441 963 1603 1024 habitatum
1616 968 1771 1040 concessit,

166 1042 349 1100 monstrarit.
364 1040 477 1101 Deinde
490 1041 583 1099 multo
597 1042 790 1102 verisimilius
801 1057 845 1102 est
855 1043 948 1104 Scall-
991 1063 1024 1108 ut
1035 1051 1153 1128 optimis
1164 1051 1333 1112 auctoribus
1345 1051 1379 1110 in
1392 1054 1581 1132 philosophia
1591 1069 1771 1116 versaretur.

165 1147 266 1204 gerum
278 1148 405 1204 errasse,
420 1149 507 1207 quam
520 1129 666 1190 laertium
681 1151 741 1190 non
753 1151 822 1192 vera
833 1132 948 1192 dixisse.
992 1138 1039 1199 lbi
1056 1141 1183 1218 primum
1205 1140 1350 1201 AEschinis
1374 1143 1405 1200 in
1422 1141 1608 1221 disciplinam
1630 1163 1661 1203 se
1681 1146 1772 1204 tradi-

166 1215 198 1274 ld
223 1231 316 1277 autem
340 1217 506 1278 rationibus
533 1220 620 1278 certis
643 1233 672 1279 et
699 1218 865 1280 illustribus
893 1222 944 1281 do·
992 1225 1055 1298 dit,
1083 1227 1135 1304 qui
1159 1241 1279 1307 propter
1304 1241 1503 1308 paupertatem
1525 1231 1658 1289 mercede
1684 1233 1772 1292 doce-

165 1306 225 1364 cuit
238 1307 356 1368 Daelius.
375 1305 483 1365 Earum
499 1309 613 1386 prima,
629 1329 718 1386 quam
731 1307 873 1386 subjicit,
884 1309 946 1369 haec
991 1311 1041 1371 bat
1052 1313 1123 1392 (19).
1141 1315 1227 1374 lluue
1237 1318 1358 1377 unicum
1373 1317 1552 1395 discipulum
1564 1337 1632 1378 mon
1645 1320 1673 1378 ei
1689 1319 1771 1380 Plato

164 1406 217 1453 est.
233 1391 426 1453 Xenocratem
448 1397 489 1455 ait
504 1415 521 1454 a
537 1395 692 1473 juventute
707 1397 839 1456 Platonis
854 1397 946 1458 disei—
991 1399 1151 1477 subtraxit,
1166 1404 1218 1481 qui
1245 1425 1393 1484 nunquam
1422 1405 1514 1464 amice
1543 1426 1608 1466 cum
1639 1407 1772 1470 AEschine

165 1483 247 1560 plina
259 1502 420 1542 nsumesse
433 1496 462 1542 et
474 1483 626 1544 Platonem
634 1486 695 1563 jam
710 1485 855 1550 seniorem
866 1487 948 1547 seho-
992 1489 1102 1550 vixisse
1125 1491 1226 1552 fertur.
1252 1493 1383 1571 Contigit
1408 1506 1504 1553 autem
1531 1492 1706 1570 Xenocrati,
1737 1510 1769 1554 ut

167 1571 210 1629 las
224 1569 333 1630 hahere
354 1573 479 1651 coepisse
495 1594 502 1630 :
520 1573 556 1631 de
573 1573 714 1648 scaligeri
728 1575 870 1633 sententia
885 1576 947 1636 Pla·
992 1580 1126 1655 quamvis
1137 1582 1221 1639 tardo
1232 1596 1307 1641 esset
1318 1583 1439 1659 iugenio
1447 1626 1456 1656 ‚
1471 1595 1568 1642 tamen
1583 1583 1639 1642 sub
1650 1583 1774 1642 Platone

167 1671 263 1718 tonem
293 1659 515 1737 quatuordecim
539 1673 650 1718 tantum
676 1661 762 1719 annis
787 1659 946 1722 Xenocrati
992 1666 1129 1741 magistro
1144 1669 1267 1728 multum
1284 1671 1317 1728 in
1329 1672 1518 1750 philosophia
1531 1683 1560 1729 et
1573 1673 1694 1750 optimis
1709 1687 1770 1732 stu-

167 1758 251 1805 aetate
269 1749 454 1826 praestidsse3
478 1767 549 1824 ergo
573 1768 631 1807 non
654 1749 784 1829 potuisse
808 1749 887 1810 hunc
905 1751 947 1814 ,ab
991 1753 1049 1812 diis
1064 1749 1230 1831 proliceret.
1247 1757 1387 1818 Caeterum
1404 1772 1476 1837 quot
1499 1779 1590 1818 annos
1605 1775 1691 1822 natus
1713 1763 1774 1821 suc·

166 1835 286 1895 ineunte
300 1835 497 1895 adolescentia
511 1836 593 1895 illius
607 1837 770 1896 auditorem
794 1857 866 1900 esse.
881 1839 946 1900 Ete-
991 1840 1030 1897 rit
1044 1838 1237 1918 Xenocrates,
1254 1865 1313 1922 quo
1328 1859 1460 1925 tempore
1481 1847 1611 1906 Platonis
1627 1850 1772 1908 sermoni·

165 1925 226 1983 nim
242 1924 326 1983 Plato
342 1924 405 2002 jam
428 1926 611 2002 trigesimum
629 1925 733 2002 agebat
746 1945 867 1998 annum,
888 1949 947 2006 quo
991 1927 1046 1986 bus
1065 1933 1206 1991 interesse
1220 1934 1321 2012 coepit,
1341 1935 1485 1995 incertum
1500 1948 1551 1995 est.
1570 1935 1659 1996 Plato¹
1680 1940 1767 2008 euim,

164 2026 293 2092 tempore
308 2011 494 2072 Socratesex
508 2013 661 2072 hominum
677 2015 739 2072 vita
754 2015 944 2092 demigrarit3
991 2036 1082 2094 quum
1101 2019 1153 2078 ille
1167 2020 1199 2078 iu
1222 2023 1311 2100 vitam
1336 2026 1469 2094 veniret,
1487 2023 1669 2100 trigesimum
1684 2045 1773 2102 quar-

164 2100 249 2179 cujus
264 2114 331 2182 post
345 2115 468 2160 mortem
483 2102 570 2180 plura
584 2102 655 2162 fecit
668 2103 791 2176 itinera,
807 2105 885 2163 uude
900 2125 947 2165 re·
992 2117 1051 2162 tum
1065 2111 1155 2168 arratis
1166 2128 1275 2170 aunum
1286 2111 1402 2187 agebat.
1417 2112 1551 2185 aceedit,
1564 2114 1645 2190 quod
1655 2113 1773 2173 Socrate

163 2189 223 2248 dua
240 2189 357 2248 demum
379 2187 597 2269 philosophiam
623 2191 773 2269 professus
796 2193 946 2254 studioso·
990 2206 1122 2264 mortuo,
1135 2197 1187 2272 qui
1196 2209 1300 2274 quarto
1314 2199 1498 2276 Olympiadis
1508 2207 1546 2275 9t
1556 2219 1633 2258 auno
1645 2199 1770 2272 obierat,

165 2297 229 2336 rum
248 2277 391 2355 juvenum
408 2291 501 2338 coenis
514 2278 627 2339 habuit.
649 2278 726 2355 Ergo
748 2293 797 2338 aut
816 2280 946 2358 Scaliger
990 2279 1075 2356 plura
1090 2284 1219 2362 suscepit
1232 2287 1349 2345 itinera.
1366 2287 1480 2346 Deinde
1495 2286 1621 2345 Athenas
1637 2306 1773 2348 reversus

165 2366 275 2424 fallitur
290 2379 341 2426 aut
352 2365 375 2427 ii
386 2379 537 2442 auctores,
555 2369 606 2445 qui
619 2365 813 2426 Xenocratem
827 2371 947 2446 perado·
990 2381 1144 2444 postquam
1154 2371 1283 2430 scholam
1299 2387 1462 2450 aperuerat,
1473 2372 1520 2430 bis
1531 2385 1642 2432 tantum
1657 2375 1688 2432 iu
1700 2375 1775 2434 Siai-

164 2455 354 2514 lescentulum
377 2454 493 2514 Platoni
521 2475 640 2534 operam
662 2455 777 2515 dedisse
802 2457 944 2522 scribunt¹
991 2454 1059 2512 liam
1076 2455 1192 2515 videtur
1210 2477 1273 2532 esse
1288 2461 1447 2536 proiectus.
1462 2458 1557 2516 Unius
1571 2478 1643 2516 vero
1658 2460 1774 2520 itineris

166 2543 263 2602 Altera
276 2545 352 2602 ratio
366 2563 383 2602 a
397 2543 486 2602 Daelio
501 2545 588 2604 allata
601 2544 678 2604 haud
689 2545 786 2604 minus
800 2548 946 2624 exquisita
991 2561 1087 2601 mmet
1107 2543 1162 2602 fuit
1180 2543 1357 2608 Xenocrates
1372 2546 1444 2628 (ao).
1459 2547 1534 2604 Hinc
1549 2545 1691 2623 conjicias
1707 2568 1773 2607 eom

163 2643 214 2689 est.
229 2629 346 2709 Quippe
361 2629 552 2690 Xenocratem
573 2645 717 2692 memorat
734 2634 822 2692 tortio
843 2634 946 2713 Olym.
991 2628 1123 2689 Platonis
1144 2633 1328 2692 institutione
1339 2634 1401 2712 jam
1416 2647 1482 2694 ante
1497 2633 1634 2711 Dionysii
1650 2635 1773 2712 majoris

162 2718 260 2797 piadis
286 2729 342 2789 114
360 2741 438 2779 auno
461 2721 588 2796 legatum
604 2721 641 2780 ad
667 2722 852 2800 Antipatrum
876 2725 946 2784 mis.
991 2717 1104 2776 obitum
1125 2737 1188 2779 esse
1210 2741 1312 2798 usum,
1329 2724 1359 2781 id
1377 2735 1422 2782 cst
1435 2741 1470 2780 eo
1486 2733 1619 2800 tempore
1632 2723 1711 2800 quod
1728 2726 1775 2781 in-

164 2825 228 2864 sum
251 2825 324 2866 esse.
340 2808 452 2878 Quodsi
475 2811 574 2888 primo
597 2809 782 2890 Olympiadis
805 2831 841 2887 91
868 2831 945 2872 anno
992 2819 1035 2864 ter
1050 2807 1176 2885 primam
1192 2823 1219 2867 et
1233 2812 1388 2870 secundam
1403 2810 1574 2890 philosophi
1589 2809 1773 2872 Siciliensem

162 2907 247 2955 naurs
263 2909 337 2954 esset
346 2943 356 2975 ,
370 2895 499 2955 futurum
517 2896 625 2971 fuisse,
641 2911 674 2956 ut
694 2899 786 2956 aetatis
806 2917 883 2959 anno
902 2901 939 2978 93
991 2897 1254 2972 peregrinationem
1267 2899 1411 2958 interluit.
1422 2897 1496 2956 Vivo
1507 2899 1650 2974 Dionysio
1660 2898 1772 2976 majore

163 2983 239 3042 lianc
252 2983 425 3062 legationem
441 2987 537 3045 obiret
562 3009 568 3045 :
590 2987 710 3046 minime
725 3000 821 3046 autem
836 2993 946 3064 proba.
991 2980 1180 3042 Xenocratem
1199 2985 1327 3045 Athenas
1341 2987 1475 3060 venisse,
1488 3005 1525 3044 ex
1539 2986 1707 3044 certaminis
1721 3008 1773 3065 po·

162 3071 226 3130 bile
239 3092 315 3145 esse,
331 3087 463 3134 auctores
480 3075 532 3152 qui
547 3075 622 3134 hanc
644 3075 818 3151 legationem
840 3077 946 3137 litteris
991 3071 1088 3130 latotli
1119 3074 1285 3132 narratione
1317 3075 1456 3134 efficitur.
1483 3074 1646 3151 Dionysius
1677 3088 1773 3134 autem

164 3162 371 3241 munerisque
387 3163 565 3222 mandarunt
583 3163 657 3222 nihil
675 3163 711 3222 de
729 3183 844 3223 summa
858 3165 945 3242 legati
992 3159 1095 3219 morbo
1110 3160 1241 3220 debitum
1265 3163 1394 3221 reddidit
1414 3161 1702 3238 natura-Nausigeue
1725 3183 1773 3220 ar·

164 3265 310 3311 senectute
337 3253 426 3312 luisse
450 3253 601 3328 dicturos,
619 3253 645 3311 si
670 3253 836 3331 decrepitus
858 3273 945 3313 senex
992 3245 1098 3307 ohonte
1114 3246 1174 3330 (ιι)
1186 3250 1285 3328 primo
1303 3251 1487 3329 Olympiadis
1505 3251 1558 3308 103
1574 3270 1666 3322 anno,
1683 3270 1774 3327 quum

165 3336 221 3396 talc
231 3341 378 3416 negotium
391 3341 541 3419 suscipere
557 3340 686 3399 auderet.
699 3339 792 3400 tastis
806 3343 897 3418 igitur
908 3343 945 3401 de
990 3337 1168 3398 Xenocrates
1179 3339 1457 3416 duodetricgsimum
1476 3341 1569 3398 aetatis
1583 3358 1691 3397 aunum
1706 3358 1772 3414 age·

164 3431 258 3486 causis
284 3427 390 3487 Laertii
412 3429 570 3488 auctoritas
592 3430 659 3508 plus
677 3429 755 3506 apud
772 3449 826 3488 uos
851 3431 943 3505 valet,
990 3427 1047 3488 bat.
1063 3428 1146 3486 adde
1158 3427 1237 3506 quod
1256 3429 1339 3486 Plato
1350 3428 1459 3486 dicitnr
1471 3427 1665 3505 quadraginta
1679 3446 1772 3485 annas

163 3535 249 3592 quam
274 3516 416 3594 Scaligeri
431 3515 627 3594 Ὀλυμπιάδων
642 3517 800 3596 συναγωγή,
817 3518 887 3577 licet
908 3538 943 3578 ex
991 3530 1076 3576 uatus
1086 3517 1244 3594 Syracusas
1255 3520 1381 3595 primum
1392 3536 1423 3575 se
1433 3516 1592 3575 contulisse
1606 3515 1685 3594 (aa);
1701 3536 1774 3594 praa-

163 3606 293 3682 antiquis
318 3605 447 3665 lontibus
476 3605 562 3664 ducta
592 3606 639 3665 sit.
667 3605 847 3666 Censorinus
872 3627 945 3668 vero
990 3618 1068 3664 terea
1082 3605 1230 3665 Diodorus
1238 3607 1352 3664 Siculus
1361 3624 1550 3681 congressum
1561 3602 1693 3662 Platonis
1708 3625 1773 3663 cum

163 3694 298 3771 exempla
312 3693 396 3772 pouit
410 3694 542 3753 virorum
560 3695 610 3769 qui
626 3695 658 3752 in
679 3695 759 3753 fatali
775 3713 852 3754 anuo
866 3710 945 3756 octo·
990 3695 1135 3770 Dionysio
1151 3693 1186 3752 ad
1202 3696 1319 3752 tertium
1334 3692 1521 3770 Olympiadis
1542 3693 1580 3768 98
1596 3710 1704 3749 aunum
1722 3710 1772 3749 re-

163 3780 275 3854 gesimo
289 3783 386 3859 primo
401 3781 488 3839 linem
500 3781 569 3838 vitae
583 3780 768 3854 habuerunt,
784 3782 942 3860 plurimos·
992 3781 1055 3841 lert.
1071 3781 1180 3840 Verum
1194 3794 1341 3858 utcunque
1354 3795 1415 3851 est,
1426 3781 1488 3838 sive
1504 3789 1540 3846 to
1555 3781 1619 3838 sive
1631 3788 1667 3848 td
1679 3799 1773 3839 annos

162 3886 220 3943 que
231 3868 302 3927 citat
315 3888 388 3947 quos
400 3870 447 3926 vel
468 3869 546 3952 hunc
559 3869 651 3927 aetatis
666 3889 775 3928 annum
793 3889 851 3928 nou
865 3891 943 3928 com·
991 3885 1075 3928 uatus
1090 3871 1174 3928 Plato
1190 3870 1317 3947 primum
1338 3867 1497 3944 Syracusas
1512 3867 1600 3938 adiit,
1616 3879 1693 3924 certe
1707 3881 1774 3944 post

163 3955 290 4034 plerisse
305 3957 353 4015 vel
365 3957 476 4015 diutius
488 3958 599 4016 vixisse
610 3979 647 4018 ex
662 3959 730 4017 aliis
747 3961 943 4018 monumentis
991 3961 1106 4018 tertium
1122 3957 1306 4036 Olympiadis
1318 3958 1356 4033 98
1370 3975 1477 4014 annum
1491 3957 1668 4015 Xenocrates
1687 3954 1774 4013 hthe-

163 4043 348 4121 intelligitur.
366 4047 500 4123 Denique
513 4047 675 4107 Luciauum
686 4049 751 4125 sive
766 4052 818 4107 τῶν
835 4051 945 4130 Μεκρσ-
991 4067 1041 4106 nas
1058 4048 1148 4108 venit.
1163 4046 1264 4122 Neque
1280 4044 1358 4102 enim
1375 4044 1537 4102 verisimile
1548 4056 1610 4116 est,
1622 4062 1688 4102 eum
1702 4061 1774 4120 pue-

164 4130 230 4189 dlua
244 4133 417 4211 scriptorem
434 4135 465 4192 in
478 4135 669 4212 exquirendis
684 4133 867 4210 temporibus
884 4154 943 4194 non
991 4155 1072 4207 rum,
1096 4133 1226 4192 nondum
1244 4133 1343 4191 decem
1368 4151 1461 4190 annos
1475 4131 1629 4190 habentem
1652 4131 1774 4188 Athenis

163 4237 277 4298 semper
291 4222 459 4299 diligentem
477 4222 566 4281 luisse
576 4223 654 4282 inter
667 4243 767 4283 omues
776 4223 865 4283 hodie
879 4245 945 4283 con·
990 4225 1020 4283 iu
1033 4243 1093 4282 una
1103 4221 1290 4301 philosophia
1300 4221 1385 4300 quasi
1400 4220 1619 4279 tabernaculum
1635 4222 1703 4280 vitae
1715 4239 1774 4278 suae

162 4321 227 4368 stat.
246 4307 345 4387 ltaque
358 4309 513 4388 utriusque
529 4313 656 4371 auctoris
670 4313 701 4370 iu
716 4312 770 4370 hac
785 4313 944 4390 quaestione
990 4313 1160 4374 collocasse.
1188 4309 1281 4388 Igitur
1304 4309 1388 4368 Plato
1419 4311 1536 4369 circiter
1563 4311 1775 4388 quinquaginta

161 4557 185 4602 et
198 4552 240 4602 tlh.
253 4555 293 4614 tv,
307 4565 361 4617 cap.
383 4558 420 4604 ta.
436 4583 465 4595 -
476 4556 526 4618 (16)
537 4553 638 4605 Jonsius
656 4539 793 4619 descript.
806 4554 866 4606 hist.
882 4554 942 4618 phil.
988 4574 1043 4621 uu,
1061 4561 1142 4606 τοῦτον
1153 4557 1298 4620 περιέπεσε
1310 4558 1318 4614 l
1328 4555 1451 4616 Πλάτων).
1467 4555 1587 4618 Diogenes
1603 4555 1715 4605 laertius
1729 4554 1772 4606 lib.

161 4624 203 4674 tib.
219 4625 240 4684 1.
256 4636 311 4688 or·
327 4628 364 4674 ¹⁰-
377 4651 409 4660 -
427 4625 478 4689 (1⁷)
490 4625 583 4689 rapu,
600 4628 782 4677 oratiunculae
802 4625 945 4689 latorique
991 4641 1021 4700 ιι,
1038 4642 1068 4688 οι
1082 4632 1487 4703 retransmittendum
1499 4637 1622 4702 ιιιχνιιι)
1636 4641 1668 4700 μή
1683 4639 1772 4698 raama

160 4692 186 4739 ‘l
200 4695 314 4775 “llllffffl
328 4707 348 4743 ⁸·
361 4707 385 4745 '-
395 4698 545 4778 milwe
558 4697 609 4747 Ποῖ·
621 4713 642 4748 ²·
657 4723 689 4734 ·''
990 4719 1149 4781 σοφιστεύειν,
1171 4719 1355 4780 εὐδοκιμούντων
1372 4717 1426 4767 adas
1444 4722 1491 4765 τῶν
1514 4718 1569 4780 περὶ
1588 4715 1706 4766 Πλάτωνα
1728 4717 1769 4763 aul

191 4763 243 4826 (¹⁸)
257 4766 377 4826 ⁰¹⁰3⁶¹¹⁰⁸
388 4767 503 4818 ΜΠ*
516 4765 560 4818 hh·
576 4769 619 4828 lv*
633 4776 647 4820 ⁶
660 4765 805 4832 Ξενοκράτης
819 4769 942 4830 Ἆγαθήν”“
990 4797 1154 4862 Ἀρίστιππον·
1165 4796 1327 4860 ἐμμισθιυςδὲ
1340 4795 1465 4862 ἀκροάσεις
1476 4797 1602 4844 ποιεῖσθαι.
1617 4821 1649 4830 -

162 4850 201 4896 ρος
211 4835 381 4917 Χαλκηδόνιος·
392 4837 460 4895 οὗτος
472 4840 498 4888 la
505 4840 559 4889 νέου
572 4839 698 4896 Πλάτωνος
708 4840 818 4898 ἤκουσεν.
830 4837 944 4890 Stubtells
1019 4875 1071 4938 (²⁰)
1084 4874 1204 4940 Diogenes
1214 4876 1326 4926 Laenius
1337 4875 1380 4926 flb-
1394 4875 1429 4924 lv
1451 4876 1467 4922 6
1480 4874 1605 4928 Πλάτωνος
1616 4871 1719 4932 ἤκουσε,
1730 4871 1771 4920 my

163 4903 247 4969 Eclog.
262 4905 337 4970 Phys.
350 4907 393 4958 hb.
407 4911 427 4974 t,
439 4923 494 4972 cap.
505 4915 529 4972 t,
542 4914 572 4960 29
585 4925 642 4974 pag.
659 4915 689 4960 62
701 4910 741 4961 ed.
754 4912 859 4960 Haeren.
872 4910 944 4961 Ξενο-
1431 4909 1439 4936 ’

163 4974 250 5038 φης
270 4978 420 5040 Ἀγαθήνορος
452 4981 618 5038 Χαλκηδόνιος.
634 4981 691 5031 vm!
707 4981 794 5045 fragm·
813 4985 834 5030 1·
855 4980 944 5030 Suidas
989 4957 1021 5011 ct<
1033 4954 1140 5004 Σικελίαν
1151 4957 1217 5018 αὐτῷ
1225 4955 1471 5017 συναπεδήμησεν-
1481 4950 1531 5015 (21)
1541 4949 1665 5042 Diodorus
1674 4949 1770 4999 Siculus

163 5059 186 5094 V·
199 5048 358 5110 Ξῑνθῑθάῐνι·
380 5017 508 5110 'tritavos
524 5053 538 5110 ἦ
556 5052 714 5116 ἏιαΙάνῠροι.
733 5050 862 5113 inscriptio
877 5065 943 5100 mar·
989 5029 1032 5081 lib.
1049 5032 1100 5090 XV,
1114 5043 1167 5095 0³1)-
1183 5033 1214 5081 7³
1230 5032 1283 5094 Μ’·
1299 5030 1377 5093 llll‘ll
1387 5031 1411 5079 ἃ
1423 5029 1507 5094 Χρόνον
1521 5027 1686 5120 Al⁰W⁶⁴⁰i⁸li
1699 5025 1773 5090 dllw·

159 5115 237 5166 moris
245 5117 340 5181 antiqui
356 5140 363 5172 ι
376 5121 523 5184 Ξενοκράτης
535 5121 688 5187 Ἀγεθάνορος
704 5123 872 5186 Καλχαδόνισς.
883 5122 941 5172 Vitl.
988 5109 1055 5162 ⁰³5²*
1071 5111 1181 5172 tuscana
1195 5111 1345 5170 limma
1366 5107 1524 5162 δυνασῒῑῦΰῑι
1540 5105 1580 5162 ἔτη
1597 5120 1723 5167 filimi&
1733 5111 1774 5160 “Ul

158 5199 236 5252 supra
247 5192 298 5238 not.
317 5195 355 5240 to.
371 5217 405 5228 -
419 5191 470 5256 (ts)
483 5191 618 5243 Athenaeus
636 5191 678 5244 lih.
695 5195 736 5255 ΙΙΙ,
751 5207 774 5257 p.
789 5196 842 5243 eet.
855 5193 882 5241 (Ι.
899 5195 943 5243 ΑΙ·
987 5189 1060 5240 dard.
1069 5188 1160 5253 -(22)
1173 5191 1211 5239 Ol.
1224 5187 1418 5240 ildebrandinus
1428 5186 1459 5236 ad
1472 5183 1571 5248 Diogen.
1582 5185 1662 5234 baert.
1672 5184 1715 5236 ΙΙΙ).
1727 5187 1771 5248 ΙΙΙ,

159 5259 522 5340 memoratissimum
537 5265 642 5328 μαθητὴν
657 5265 699 5314 tra
712 5266 806 5330 Ιχοντος
820 5263 942 5330 Ξενοιιρά-
990 5269 1029 5316 ΙΙ.
1045 5291 1075 5306 ·-
