4020 5950
206 427 270 492 -tt
908 423 961 486 DE
983 421 1160 486 PLATONE

230 563 296 640 geni
311 559 494 620 Parmenidis
508 557 726 640 philosophiam
736 557 884 640 profitenti
895 577 1012 638 operam
1061 557 1227 638 oportuerit
1248 555 1354 616 iterum
1376 575 1412 616 ex
1437 553 1561 636 paribus
1585 553 1727 618 lateribus
1745 553 1844 636 dupli·

230 648 321 712 dedit.
335 647 448 708 Deinde
472 667 563 728 quum
586 660 663 706 esset
687 666 831 706 annorum
858 645 1014 706 duodetri-
1060 665 1143 722 care,
1162 646 1233 725 qnia
1245 643 1277 704 id
1291 663 1398 722 genere
1411 642 1527 706 numeri
1544 662 1578 702 ac
1589 642 1845 722 multiplicationi-

229 735 325 813 ginta,
341 735 439 796 varias
458 749 551 796 terras
566 736 760 816 regionesque
780 735 926 797 lustravit
940 736 1012 796 Nam
1060 736 1116 798 bus
1129 755 1189 796 non
1204 735 1367 807 invenitur,
1382 751 1419 792 ex
1430 731 1680 812 descriptionibus
1699 733 1845 796 linearum

231 843 291 884 non
305 825 400 886 solum
415 823 532 902 Megara
555 844 586 884 se
605 825 739 898 eontulit,
755 837 787 884 ut
810 845 876 884 cum
893 823 1014 885 Euclide
1060 824 1221 886 emendatis
1247 823 1405 903 reperitur.
1429 821 1480 882 Est
1506 835 1602 882 atatem
1626 819 1690 900 ejus
1715 822 1758 884 rei
1783 822 1846 884 hac

230 925 407 988 versaretur,
431 913 482 974 sed
504 913 592 974 etiam
607 913 737 992 Cyrenas
751 913 1012 992 proiectus'lheo·
1060 911 1269 974 demonstratio
1302 909 1467 982 Quadratus
1490 910 1589 985 locus,
1618 911 1671 990 qui
1701 913 1759 972 erit
1783 912 1847 973 lon-

229 1003 334 1064 dorum
346 1003 579 1064 mathematicum
593 1003 733 1063 convenit
744 1015 831 1081 atque
841 1003 910 1062 inde
923 1003 1013 1083 petita
1060 1021 1114 1080 gns
1125 1015 1154 1062 et
1168 1002 1244 1062 latus
1257 999 1346 1080 pedes
1357 999 1448 1060 denos
1456 1043 1466 1076 ,
1481 999 1573 1062 elficit
1588 1019 1663 1062 aree
1678 1000 1767 1080 pedes
1781 1021 1847 1063 cen·

229 1091 314 1152 ltalia
325 1091 482 1172 Archytam
489 1089 515 1150 T
516 1091 681 1170 arentinum
688 1103 717 1150 et
726 1090 857 1168 reliquos
867 1090 1013 1168 Pythago·
1061 1104 1133 1156 tum.
1146 1091 1178 1152 Si
1192 1111 1263 1168 ergo
1274 1107 1349 1169 opus
1360 1089 1523 1150 hieriteum
1535 1088 1697 1169 duplicare,
1708 1102 1738 1150 et
1749 1108 1845 1152 mum

230 1180 483 1256 reosPhilolaum,
497 1179 652 1259 Eurytum,
668 1179 870 1256 Echecratem,
886 1179 1013 1257 denique
1060 1179 1168 1260 pedum
1194 1178 1386 1238 ducentorum
1411 1177 1480 1236 item
1504 1196 1541 1236 ex
1561 1175 1684 1257 paribus
1702 1177 1847 1241 lateribus

229 1270 382 1343 'liniacum
394 1270 588 1330 etherionem
597 1267 1014 1345 Locroseognonit.Qttemad-
1062 1267 1176 1338 iacere,
1192 1265 1383 1346 quaerendum
1403 1266 1475 1339 erit,
1499 1285 1586 1344 quam
1613 1285 1751 1343 magnum
1772 1267 1848 1328 latus

230 1357 347 1418 tnodum
368 1377 439 1418 vero
456 1358 487 1418 in
501 1357 614 1418 ltaliam
636 1356 767 1418 discendi
788 1375 874 1416 causa
893 1370 1012 1416 conten·
1061 1357 1124 1436 ejus
1137 1357 1273 1436 quadrati
1288 1357 1356 1431 liat,
1373 1369 1405 1418 ut
1416 1375 1499 1416 exeo
1512 1356 1633 1418 ducenti
1647 1357 1735 1436 pedes
1750 1357 1849 1437 dupli·

230 1448 330 1521 derat,
357 1447 605 1525 Pythagoreorum
642 1446 829 1526 disciplinam
857 1445 1013 1506 Socraticis
1061 1444 1226 1506 cationibus
1241 1463 1314 1504 areae
1328 1444 1533 1524 respondeant.
1560 1444 1595 1506 ld
1609 1457 1706 1505 autem
1722 1465 1845 1506 numero

230 1536 414 1596 sermonibus
437 1534 652 1614 adjuncturus:
669 1535 712 1594 sic
731 1547 833 1612 postea
855 1533 1010 1612 AEgyptnm
1062 1553 1147 1594 nemo
1169 1547 1262 1612 potest
1283 1533 1442 1594 invenire:
1467 1551 1593 1611 namque
1609 1534 1636 1594 si
1652 1531 1716 1594 xtv
1738 1536 1849 1594 consti-

230 1624 407 1703 peragravit,
418 1621 685 1684 utasacerdotibus
694 1622 972 1682 barbarissumeros
987 1635 1014 1681 et
1061 1635 1188 1698 tuentur,
1205 1635 1291 1682 crunt
1301 1621 1490 1700 multiplicati
1504 1620 1593 1700 pedes
1604 1619 1728 1683 cxcvi.
1740 1619 1845 1698 Sitit,

231 1713 360 1772 caelestia
374 1713 527 1791 acciperet.
551 1711 697 1772 Statuerat
714 1711 834 1791 insuper
858 1712 1013 1774 Persarum
1061 1709 1149 1790 pedes
1164 1711 1301 1774 ccxxv.
1317 1709 1396 1788 Ergo
1412 1710 1551 1788 quoniam
1568 1709 1600 1771 id
1614 1730 1675 1771 non
1685 1711 1850 1791 explicatur

231 1820 332 1880 magos
346 1800 445 1872 adire,
464 1799 514 1859 sed
539 1799 596 1858 hoc
618 1799 773 1857 consilium
793 1811 916 1878 propter
938 1799 1015 1858 bella
1062 1819 1185 1860 numero
1201 1802 1232 1860 in
1246 1819 1282 1860 eo
1296 1797 1439 1878 quadrato
1460 1798 1552 1877 longo
1571 1811 1600 1860 et
1619 1799 1679 1860 lato
1692 1799 1781 1880 pedes
1794 1800 1849 1862 da·

231 1909 296 1970 quae
309 1903 371 1948 tum
382 1891 414 1949 in
426 1887 524 1948 Asiam
541 1889 715 1965 gerebantur
730 1887 847 1966 abjecit.
1062 1907 1123 1948 cent
1141 1889 1176 1966 (a
1189 1887 1237 1948 be
1251 1889 1301 1967 dl,
1317 1908 1382 1966 quaa
1400 1887 1490 1949 fuerit
1512 1889 1591 1948 linet
1619 1887 1657 1948 ab
1672 1889 1780 1966 angulo
1792 1888 1849 1970 (b)

270 1977 314 2037 Er
328 1979 450 2056 AEgypto
461 1995 599 2037 reversus
610 1976 702 2034 Deliis
717 1976 887 2054 explanavit
899 1995 1014 2036 sensum
1062 1977 1098 2036 ad
1111 1977 1250 2054 angulum
1266 1977 1321 2055 (dl
1337 1977 1490 2054 diagonios
1501 1975 1539 2056 (b
1553 1977 1588 2058 dl
1602 1978 1789 2057 perducatur,
1806 1979 1850 2040 uti

231 2068 358 2139 oraculi,
372 2086 432 2146 qno
446 2065 542 2126 Graeci
555 2064 744 2144 jubebantur,
760 2065 785 2124 si
800 2067 1016 2144 apresentibus
1062 2065 1212 2126 dividatur
1226 2066 1259 2126 in
1270 2065 1329 2124 duo
1350 2066 1468 2144 trigona
1489 2083 1572 2144 aqtta
1591 2066 1793 2144 magnitudine
1815 2065 1848 2146 [b

231 2157 315 2216 malis
330 2175 360 2216 se
372 2174 520 2232 emergere
540 2154 664 2228 vellent,
686 2173 764 2212 aram
779 2153 811 2212 in
830 2152 926 2212 insula
944 2153 1017 2212 Delo
1062 2153 1112 2214 ad
1130 2168 1159 2214 et
1174 2157 1193 2212 b
1207 2175 1222 2214 c
1236 2154 1285 2236 d),
1303 2154 1419 2232 singula
1442 2172 1516 2214 areae
1537 2153 1643 2234 pedum
1666 2155 1848 2234 quinquage-

231 2245 361 2324 apollini
375 2256 569 2304 consecratam
587 2241 1013 2322 duplicar·e(11).Sedplenam
1063 2261 1132 2301 num
1157 2263 1164 2302 :
1189 2243 1226 2302 ad
1247 2244 1310 2319 ejus
1338 2243 1423 2303 lineae
1447 2243 1612 2322 diagonalis
1633 2245 1848 2322 longitudinem

231 2351 297 2392 eum
312 2343 356 2391 tot
369 2330 526 2392 itineribus
545 2331 626 2390 lactis
641 2351 673 2390 ac
690 2340 733 2388 tot
748 2331 899 2410 sapientiae
912 2329 1014 2390 docto·
1063 2331 1143 2390 locus
1170 2331 1332 2409 quadratus
1360 2331 1401 2412 (b
1424 2351 1441 2391 e
1466 2332 1529 2412 td)
1553 2332 1675 2414 paribus
1708 2331 1849 2395 lateribus

232 2419 316 2480 ribus
330 2420 436 2480 auditis
457 2419 562 2479 artium
585 2420 852 2479 mathematicarum
868 2420 1016 2505 cognipio-
1063 2419 1254 2480 describatur.
1280 2419 1325 2480 lta
1349 2440 1437 2500 quam
1456 2440 1560 2500 magna
1584 2422 1643 2482 duo
1667 2423 1785 2500 trigona
1813 2423 1845 2482 in

231 2529 296 2569 nem
326 2523 511 2570 consecutum
536 2529 613 2582 esse,
638 2509 812 2584 intelligitur
835 2527 871 2566 ex
901 2507 953 2567 illo
970 2509 1015 2568 in·
1063 2510 1179 2570 nrinore
1210 2509 1353 2588 quadrato
1379 2511 1619 2590 quinquagenum
1641 2511 1749 2592 pedum
1771 2512 1848 2572 linea

232 2614 338 2672 vento,
355 2597 434 2678 quod
455 2597 585 2658 Vitruvii
609 2595 710 2656 verbis
724 2615 880 2675 exponam.
901 2597 951 2656 hit
964 2597 1015 2657 ille
1063 2597 1202 2674 diagonia
1217 2599 1329 2658 luerint
1342 2599 1510 2676 designata,
1528 2598 1628 2659 eadem
1644 2601 1848 2678 magnitudine

233 2689 299 2748 tib.
318 2689 358 2747 lll
371 2709 436 2768 cap.
453 2708 464 2745 t
481 2711 517 2746 :a
539 2687 574 2745 Et
589 2687 718 2765 primum
732 2685 1015 2745 Platonisemultis
1063 2699 1091 2746 et
1115 2686 1217 2746 eodem
1238 2687 1344 2766 pedum
1374 2706 1497 2746 numero
1523 2701 1652 2766 quatuor
1680 2688 1711 2748 in
1737 2687 1849 2767 majore

233 2775 509 2836 ratiocinationibus
522 2775 687 2834 utilissimis
700 2792 806 2845 unam,
823 2774 1016 2850 quemadmo-
1063 2789 1148 2836 erunt
1161 2775 1276 2836 effecta.
1292 2774 1352 2834 llac
1371 2777 1485 2835 ratione
1506 2776 1667 2856 duplicatio
1680 2777 1847 2854 grammicis

232 2865 300 2922 dnm
313 2864 394 2922 abeo
409 2864 555 2941 explicata
573 2861 627 2935 sit,
642 2879 759 2941 ponam.
773 2860 868 2920 Locus
884 2874 933 2920 aut
948 2880 1016 2938 ager
1063 2863 1227 2922 rationibus
1250 2883 1266 2922 a
1287 2862 1426 2938 Platone,
1452 2865 1494 2924 uti
1517 2877 1560 2924 est
1581 2863 1698 2924 schema
1719 2863 1847 2926 subscri·

232 2951 355 3031 paribus
383 2950 521 3010 lateribus
545 2951 570 3010 si
595 2952 653 3010 erit
681 2949 860 3031 quadratus,
891 2969 1016 3029 eumque
1063 2963 1163 3031 ptum,
1179 2951 1424 3031 fuitexplicata.s

232 3119 365 3182 sentiebat,
376 3119 409 3170 ad
417 3117 574 3168 Theodorum
584 3119 706 3182 cnonas,
721 3121 751 3168 ut
764 3119 925 3183 geometriam
936 3115 1020 3170 disce·'
1062 3119 1112 3170 bat.
1127 3123 1181 3178 Quo
1192 3119 1274 3170 minus
1289 3121 1365 3170 miror
1380 3133 1439 3170 eum
1450 3120 1475 3170 in
1493 3119 1590 3172 Italiam
1609 3124 1799 3186 transgressum,
1819 3129 1847 3176 ut

232 3196 285 3254 rat,
301 3195 339 3242 cst
362 3189 499 3255 proiectus.
523 3193 554 3240 Et
576 3189 734 3254 astrologiam
751 3190 863 3254 adusque
884 3192 1016 3254 AEgyptom
1063 3191 1095 3240 ab
1106 3191 1215 3254 Archyta
1227 3191 1339 3252 Tarenti,
1359 3191 1482 3242 a'rimao
1495 3193 1522 3242 et
1534 3192 1623 3242 Adone
1637 3194 1664 3243 et
1679 3193 1750 3242 ceto
1767 3193 1851 3243 Locris

232 3263 278 3314 ivit
289 3262 409 3326 petitum,
429 3261 525 3310 atinde
541 3259 720 3324 prophetarum
740 3261 814 3310 etiam
829 3261 893 3310 ritus
905 3260 1018 3310 addisce·
1064 3261 1208 3322 Pythagora
1224 3265 1349 3324 precepta
1364 3263 1390 3311 et
1402 3261 1516 3313 instituta
1536 3261 1671 3326 acciperet.
1691 3265 1769 3314 Tanta
1784 3263 1849 3314 enim

233 3336 279 3384 ret.
294 3336 324 3382 at
334 3333 365 3381 ad
376 3332 473 3384 ltaliam
484 3332 574 3381 imnum
584 3331 661 3391 venit,
675 3335 701 3380 at
718 3331 887 3394 Pythagoreos
897 3333 1018 3393 Euryttun
1063 3329 1110 3390 vis,
1129 3333 1197 3380 tanta
1212 3329 1282 3394 mpla
1301 3330 1441 3382 litterarum
1464 3331 1573 3394 undique
1595 3331 1733 3397 colligenda
1746 3339 1807 3394 erat,
1821 3338 1850 3383 ut

234 3403 393 3455 Tarentinum
416 3403 440 3451 et
456 3401 577 3450 seniorem
596 3401 729 3462 archytam
751 3405 875 3463 motatum
894 3403 968 3464 atque
987 3399 1019 3452 ad
1063 3401 1168 3452 invicem
1182 3414 1225 3465 per
1237 3403 1317 3452 totum
1336 3404 1459 3453 mnarum
1483 3403 1568 3454 orbern
1584 3402 1693 3468 dispergi
1707 3409 1733 3456 et
1752 3404 1850 3456 dilatati

233 3475 309 3524 indos
323 3479 348 3524 et
361 3485 445 3536 magos
462 3470 609 3522 intendisset
622 3471 741 3532 animum,
754 3472 800 3522 nisi
813 3486 870 3521 eum
880 3471 944 3522 bella
958 3476 1018 3523 tunc
1063 3476 1152 3536 posset.
1167 3472 1332 3524 Philostratus
1351 3473 1419 3524 libi
1434 3474 1511 3540 apoll.
1528 3475 1583 3539 c'ap.
1604 3479 1613 3524 t
1631 3477 1733 3526 Πλάτων
1751 3476 1848 3540 βαδίσας

233 3544 369 3594 vetuissent
382 3543 497 3593 asiatica.
515 3542 679 3604 Hieronymus
690 3541 732 3591 lib.
746 3545 779 3600 tt,
800 3541 871 3604 epist.
887 3545 896 3590 t
911 3541 943 3591 ad
955 3545 1019 3592 Pau·
1062 3545 1094 3600 τίς
1105 3544 1221 3606 λίγοπτον
1234 3547 1275 3594 καί
1294 3545 1370 3594 πολλὰ
1390 3549 1438 3596 τῶν
1459 3549 1509 3596 eret
1532 3553 1658 3612 προφητῶν
1672 3565 1698 3599 τι
1712 3549 1752 3598 καί
1770 3551 1851 3614 ίερίων

234 3615 330 3666 δίαιται
344 3615 414 3665 Plato
428 3615 561 3677 AEgyptusn
578 3617 603 3662 et
620 3612 755 3675 archytam
775 3612 935 3662 Tarentinum
951 3625 1018 3664 eam·
1063 3614 1218 3676 ἐγκαταμίξας
1229 3617 1373 3671 cetetonem
1389 3615 1475 3679 λδγοις.
1493 3616 1607 3668 clemens
1625 3619 1847 3672 Alexandrinusin

233 3700 281 3750 ιγινι
291 3699 360 3737 oram
369 3685 459 3747 italia,
473 3697 530 3748 quo
539 3685 664 3748 quondam
674 3685 763 3748 ttagna
775 3685 872 3734 Gracia
881 3683 1018 3748 dicebatur,
1064 3685 1236 3736 admonitione
1255 3685 1286 3735 ad
1299 3691 1384 3750 gentes
1406 3701 1453 3752 pag
1476 3691 1507 3739 te
1526 3687 1565 3738 ed.
1584 3688 1698 3755 sylbnrg.
1723 3690 1850 3743 Platonem

233 3756 424 3809 laboriosissime
445 3755 598 3822 peragravit,
611 3759 640 3806 ut
656 3755 699 3818 qui
712 3754 815 3807 Athenir
831 3755 949 3820 magister
963 3761 1017 3808 erat
1064 3757 1189 3821 alloquens
1211 3757 1285 3808 ιοίδίι
1301 3775 1345 3810 σου
1367 3761 1422 3815 τοὺς
1439 3759 1608 3822 διδασκάλους,
1625 3764 1670 3826 κᾷν
1691 3763 1849 3828 ἀποκρύπτειν

233 3831 366 3893 θίροδιτιιε,
380 3829 503 3893 cuiusque
517 3825 654 3877 doctrinam
671 3826 812 3877 Academiae
824 3827 952 3890 gymnmia
964 3841 1019 3890 per·
1064 3828 1150 3890 ίδίλης.
1176 3830 1323 3892 Γεωμετρίαν
1347 3829 1404 3893 παρ’
1424 3831 1561 3891 Αἰγυπτίων
1585 3832 1715 3894 μανθάνεις·
1738 3833 1848 3898 empore·

233 3902 366 3963 sonabant,
391 3901 461 3950 lieret
490 3899 634 3964 peregrinus
655 3901 730 3962 atque
751 3897 901 3962 discipulus,
926 3899 1019 3948 matam
1064 3897 1119 3960 μίαν
1135 3899 1199 3962 παρὰ
1218 3899 1384 3950 Βαδυλωνίων·
1408 3902 1554 3966 lapideris:
1570 3905 1644 3966 δγιιῖς
1664 3905 1730 3968 παρὰ
1747 3907 1849 3968 Opertis

233 3971 311 4021 aliena
331 3970 469 4021 verecunde
485 3967 594 4030 discere,
618 3982 694 4032 quam
718 3969 874 4034 impudenter
899 3969 1020 4033 ingerere.
1063 3967 1198 4029 λαμδάνεις·
1209 3969 1286 4024 πολλά
1298 3985 1326 4019 σε
1338 3972 1378 4021 ναί
1395 3972 1512 4036 Ἀσσύριαι
1526 3972 1706 4025 πιπαιδιύιιασι·
1725 3975 1811 4038 νόμους
1823 3977 1849 4026 δὲ

233 4041 318 4092 Cicero
331 4041 430 4090 Tuscul.
446 4043 468 4101 l,
488 4039 664 4091 litPlalouem
678 4039 773 4104 lerunt,
794 4043 824 4090 ut
848 4039 1018 4102 Pythagoreos
1062 4039 1116 4096 τοὺς
1128 4039 1180 4089 ὅσοι
1194 4034 1299 4100 ἀληθεῖς,
1309 4041 1350 4089 aei
1360 4039 1428 4098 δόξαν
1445 4043 1487 4102 τὴν
1499 4047 1542 4094 τοῦ
1555 4045 1607 4093 osee
1622 4043 1678 4108 παρ’
1692 4045 1771 4094 αὐτῶν
1784 4047 1848 4108 abet·

156 4131 158 4135 ·
233 4113 399 4174 cognosceret,
413 4110 545 4160 initaliam
557 4110 652 4160 venisse
665 4110 724 4160 etin
736 4123 765 4160 aa
774 4123 832 4160 cum
843 4109 905 4160 aiios
917 4109 1017 4170 multos,
1063 4110 1133 4167 ληααι
1145 4115 1191 4160 τῶν
1207 4111 1332 4174 ‘Ebrios
1342 4113 1381 4164 ct.
1393 4113 1537 4164 [amantius
1551 4111 1594 4165 lib.
1609 4115 1734 4166 1v1nsttt.
1752 4129 1806 4182 cap.
1822 4124 1846 4167 2.

233 4183 287 4230 tum
301 4179 437 4244 Archytam
453 4179 623 4244 Timtoutnqus
637 4181 794 4244 cogitavisse,
808 4185 833 4231 et
844 4179 959 4230 didicisse
971 4183 1019 4244 Py·
1063 4181 1157 4243 -(tt)
1180 4181 1326 4234 Plutarchus
1347 4183 1379 4234 ds
1401 4185 1473 4248 genio
1500 4186 1609 4236 Socratis
1633 4199 1686 4250 cap.
1709 4189 1723 4236 7
1748 4187 1797 4239 vol.
1825 4192 1845 4240 x

233 4249 349 4312 titagorea
370 4249 466 4309 oannis,
490 4249 648 4312 primumque
668 4249 700 4300 de
720 4251 857 4302 animorum
881 4253 1019 4302 aetemitate
1063 4263 1087 4314 p.
1101 4251 1198 4304 totied.
1214 4255 1319 4305 liuttett.
1335 4253 1515 4320 ἦνδδχρησμδς
1530 4255 1624 4316 Δηλίοις
1647 4259 1751 4316 καὶτοῖς
1770 4259 1847 4318 ἄλλοις

233 4333 281 4370 uon
295 4321 375 4370 solum
384 4319 488 4369 sensime
505 4319 570 4369 idem
587 4319 655 4382 quod
667 4321 840 4385 Pythagoram,
854 4322 896 4372 ssd
910 4323 1019 4373 rationes
1062 4323 1161 4382 Ἕλλησι
1173 4325 1264 4374 παῦλαν
1280 4325 1463 4389 recumberes
1474 4332 1555 4376 κακῶν
1566 4326 1661 4377 δοιαδαι
1675 4328 1847 4380 διπλασιάσασι

233 4390 308 4442 etiarn
322 4390 443 4441 attulisse.
459 4389 495 4439 ct.
510 4389 541 4440 de
551 4389 593 4440 lin.
609 4394 640 4449 V,
653 4395 690 4440 att.
706 4391 820 4444 Valerius
831 4393 955 4444 Maximus
967 4393 1014 4444 lib.
1062 4395 1103 4445 τδν
1119 4393 1143 4444 δν
1159 4395 1229 4460 Δήλῳ
1248 4395 1337 4459 βωμὸν.
1351 4393 1447 4448 oberti
1460 4399 1502 4458 τὴν
1519 4398 1623 4450 διάνοιαν
1638 4399 1723 4450 ἐκείνας
1738 4401 1845 4464 συμδιίλ-

233 4463 293 4512 vttt
305 4473 359 4525 cap.
371 4460 474 4510 7=Piato
488 4461 572 4510 autam
586 4460 691 4524 patriam
709 4462 827 4524 Athenas,
841 4468 1018 4529 preceptorem
1063 4469 1110 4516 λιιν
1121 4465 1242 4530 διννδμενοι
1251 4505 1258 4528 ,
1268 4469 1308 4517 καί
1324 4469 1377 4531 περὶ
1386 4469 1429 4530 τὴν
1442 4474 1484 4519 τοῦ
1503 4471 1588 4534 βωμοῦ
1598 4473 1750 4531 κατασκευὴν
1766 4477 1848 4535 γελοῖοι

232 4533 360 4584 Socratem
374 4533 492 4590 sortitus,
507 4530 622 4580 stlocum
634 4535 660 4581 et
675 4531 800 4584 bominem
811 4534 931 4585 doctrina
949 4535 1019 4587 terti·
1062 4537 1206 4602 πάσχοντες,
1220 4539 1337 4602 (ἑκάστης
1351 4539 1395 4603 γὰρ
1407 4545 1454 4588 τῶν
1470 4542 1592 4605 τεσσάρων
1606 4543 1712 4606 πλευρῶν
1726 4543 1847 4594 διπλασια-

232 4601 367 4662 lissimum,
383 4601 472 4666 ingenii
488 4615 586 4665 queem
603 4601 686 4652 divina
699 4604 837 4654 instructus
851 4603 1016 4668 abundantia,
1062 4611 1173 4671 ζομίνης,
1197 4611 1278 4659 ίλαδον
1300 4615 1330 4674 τῇ
1352 4611 1447 4668 αὐξήσει
1474 4611 1546 4660 τόπον
1571 4611 1664 4678 στιρτδν
1687 4612 1847 4664 ὀκταπλάσιον

232 4685 309 4736 quum
320 4672 429 4722 omnium
439 4673 491 4736 jam
503 4672 646 4722 mortalium
665 4673 860 4736 sapientissimus
873 4674 1015 4738 baberetur,
1063 4677 1268 4744 ἀπεργασάμενοι,
1284 4681 1313 4728 δι’
1325 4679 1432 4744 ἀπειρίαν
1444 4681 1584 4746 ἀναλογίας,
1601 4681 1617 4740 i.
1633 4686 1668 4746 τῷ
1680 4683 1749 4744 eisc
1763 4683 1846 4735 διπλά-

232 4757 261 4793 οο
270 4743 369 4806 ιγιιίιλοιιι
381 4757 475 4806 usquc,
495 4748 524 4794 ut
535 4745 557 4794 ai
570 4745 622 4808 ipss
640 4745 737 4808 iupiter
751 4746 814 4795 ereio
832 4745 1015 4810 descendisset,
1062 4767 1113 4799 ανον
1126 4750 1268 4814 παρίχεται)
1282 4751 1399 4801 Πλάτωνα
1419 4756 1459 4810 τῆς
1472 4753 1570 4817 ἀπορίας
1584 4753 1740 4806 ἐπικαλοῦντα
1752 4755 1845 4820 βαηδίν.

232 4828 276 4864 nee
295 4815 455 4880 elegantiore,
465 4828 510 4865 nec
521 4815 630 4866 beatiore
643 4816 757 4866 facundia
769 4829 860 4866 usurus
870 4815 996 4866 videretur
1009 4855 1014 4866 .
1062 4821 1091 4871 ¹0
1104 4821 1142 4883 δι’,
1161 4827 1204 4870 τοῦ
1221 4820 1349 4884 Αἰγυπτίου
1368 4823 1491 4888 μνησθείς,
1505 4825 1655 4888 προσπαίζων
1677 4825 1721 4890 ipa
1734 4825 1776 4878 τδν
1795 4827 1847 4878 διδν

232 4889 362 4950 egypam
378 4887 531 4951 peragravit,
553 4887 612 4936 dum
640 4901 653 4936 a
677 4887 847 4938 sacerdotibus
867 4888 920 4952 ejus
937 4890 1017 4952 gentis
1061 4892 1187 4954 Ἓλλησιν,
1204 4892 1344 4958 ὀλιγωροῦσι
1361 4895 1479 4958 παιδείας,
1498 4897 1550 4946 οἷον
1568 4896 1718 4964 tantove«
1731 4897 1848 4962 meyn-

232 4958 371 5019 goometria
383 4956 531 5022 multiplices
542 4971 656 5009 numeres
665 4962 738 5021 stipae
751 4959 888 5008 celestium
899 4959 1016 5008 observa·
1061 4964 1112 5013 δίαν
1133 4968 1212 5027 ημῶν,
1224 4967 1265 5014 καί
1277 4965 1401 5017 κελεύοντα
1416 4969 1559 5032 γεωμετρίας
1575 4969 1689 5020 emacim
1709 4969 1742 5032 μὴ
1758 4970 1844 5034 παρέρ-

232 5025 326 5077 ιίοιιιιτπ
345 5028 465 5080 rationem
480 5027 592 5092 percipit.
613 5033 720 5092 Quoque
743 5033 853 5092 tempore
870 5042 885 5078 e
899 5030 1016 5081 studiosis
1061 5046 1117 5094 γως·
1132 5033 1160 5086 οδ
1173 5033 1217 5099 γάρ
1232 5039 1367 5100 carpamns
1383 5037 1433 5089 οὐδ’
1442 5038 1519 5101 δ’μδλδ
1531 5039 1633 5098 διανοίας
1642 5041 1743 5104 δρώσης.
1764 5039 1841 5104 ἄκρως

228 5095 360 5157 Juvenlbus
372 5099 486 5151 camilia
498 5097 601 5150 Atheneo
617 5099 744 5151 Platonem
756 5100 882 5150 doctorem
899 5115 1013 5163 quaereit-
1060 5105 1086 5154 δὲ
1103 5105 1143 5163 τὰς
1160 5107 1269 5170 γραμμὰς
1285 5109 1419 5172 ἠσκημένης
1438 5109 1504 5176 Ιργσι
1523 5111 1597 5174 εἶναι,
1617 5111 1658 5160 καὶ
1680 5110 1744 5160 duola
1764 5110 1843 5175 μέσων

231 5167 298 5216 tibus
313 5169 468 5233 petebantur,
492 5171 545 5235 ipss
566 5170 613 5220 liiii
634 5170 740 5220 fluminis
754 5169 933 5234 inexplicabiles
949 5173 1015 5237 ripas
1060 5175 1172 5240 ἀνάλογον
1187 5177 1265 5241 λῆψιν·
1282 5177 1297 5242 δ
1314 5182 1374 5244 μδνη
1386 5181 1563 5240 διπλασιάζεται
1582 5187 1665 5247 σχῆμα
1679 5182 1778 5233 κνδικοδ
1793 5180 1844 5230 σίν-

231 5236 433 5300 notissimosque
447 5253 561 5304 campos,
580 5239 686 5293 simiam
700 5240 838 5292 barbariem
854 5245 880 5293 el
892 5243 1014 5294 ssetstosos
1060 5263 1146 5310 ματος,
1164 5249 1190 5297 is
1207 5250 1284 5308 πάσης
1298 5253 1387 5314 δμοίως
1405 5253 1531 5315 αὐξόμενον
1546 5255 1701 5311 διαστάσεως
1718 5257 1788 5302 ταῦτα
1801 5253 1844 5316 μὶν

232 5305 354 5359 tmsunm
371 5309 478 5361 ambitus
494 5313 661 5376 AEgypliorutn
677 5326 763 5367 setium
775 5314 911 5378 disciputus
922 5316 1014 5368 lusta-
1059 5317 1100 5368 οὖν
1112 5319 1213 5378 Eribotes
1229 5321 1311 5376 αῢτοῐς
1326 5323 1365 5372 τδν
1380 5324 1473 5372 Κνίδιον
1492 5325 1560 5384 hebr
1580 5325 1712 5382 Κυζικηνὸν
1726 5323 1843 5372 Ἑλικῶνα
