3934 5956
269 393 330 454 ees
877 369 1253 459 'annnonrcr‘nne'nn

270 522 336 592 ἀξιοῖ
351 525 447 601 φαύλος
460 521 514 602 ὤν,
529 523 574 582 καί
590 527 641 591 τοῖς
663 526 779 604 αἰσχροῖς
794 523 980 602 ἀλισκόμενος,
993 551 1045 605 γε·
1092 535 1164 588 honis
1174 533 1236 584 viris
1258 531 1347 582 monto
1366 529 1495 584 tribuitur.
1521 532 1677 598 Quapropter
1689 541 1782 582 omns
1802 528 1882 581 simul

269 613 339 680 λοῖος
355 609 494 679 ἂνδόξειεν
515 603 591 670 εἶναι·
616 618 632 684 ἡ
654 611 703 691 γάρ
722 611 785 688 τιμὴ
809 617 855 684 τῆς
871 616 964 692 ἀρετῆς
977 618 1046 674 ίστιν
1093 623 1200 674 virtutes
1212 621 1239 672 in
1258 633 1285 672 se
1301 619 1473 684 complectitur
1490 619 1681 684 magnanimus:
1696 621 1793 681 estque
1808 619 1881 684 quasi

270 688 363 770 άθλον,
380 698 425 756 καί
441 705 492 766 τοῖς
516 700 623 778 ἀγαθοῖς
644 695 804 776 ἀπονέμεται
824 700 910 780 μόνοις
930 703 1046 772 δικαίως.
1092 711 1215 762 virtutum
1239 709 1349 760 omnium
1370 709 1542 758 ornamentum
1564 707 1691 773 quoddam
1709 707 1792 758 animi
1825 721 1880 756 εοε-

269 783 356 844 'ssusa
371 784 384 844 θ
400 786 583 868 μεγαλόψυχος
597 785 682 855 παίσας
694 787 834 848 συλλαόύιν
850 781 905 870 ἕχει
924 792 972 861 τάς
986 795 1061 872 ἀρε-·
1092 799 1203 866 gnitudo.
1217 800 1309 862 Nempe
1323 797 1414 848 utsine
1426 796 1476 847 illis
1485 799 1597 847 constare
1607 796 1678 847 null>
1687 795 1766 846 modo
1777 799 1881 860 petest,

270 873 327 940 τάς·
343 874 386 934 καλ
402 873 471 933 ἔστιν
495 879 512 946 ἡ
538 876 720 956 μεγαλοψυχία
734 867 787 935 οἷον
801 878 898 956 κόσμος
915 903 953 948 τις
967 881 979 918 ¹·
994 885 1046 940 τῶν
1092 889 1129 940 itu
1141 887 1248 952 majores
1264 899 1306 937 eas
1318 885 1520 950 pulchrioresque
1536 883 1597 936 feeit
1612 885 1690 949 :quia
1703 885 1764 935 illas
1780 884 1816 934 iis
1828 886 1882 949 qui-

270 962 379 1040 ἀριτιῗιν.
398 960 450 1020 Καὶ
466 963 495 1020 οὐ
509 961 608 1040 γίνεται
621 963 669 1036 μίν
684 963 744 1022 ἀνευ
763 966 886 1040 ἐκείνων,
908 967 1008 1044 μείζους
1020 968 1047 1028 dl
1092 975 1140 1026 hus
1162 975 1242 1039 digne
1256 975 1315 1024 sunt
1333 972 1457 1038 dignatur.
1476 971 1597 1030 Quocirca
1618 970 1762 1021 admodum
1779 968 1884 1020 dlifidle

269 1047 315 1106 καλ
329 1048 453 1116 καλλίους
468 1048 548 1117 αὐτάς
559 1061 638 1113 ποιεῖ·
655 1051 736 1132 κρίνει
746 1053 795 1132 γάρ
805 1053 886 1121 αὐτάς
896 1053 969 1123 ἀξίας
982 1047 1048 1114 εἶναι
1094 1067 1148 1122 est,
1166 1075 1221 1114 esse
1241 1059 1426 1125 magnanimum
1440 1074 1447 1105 ι
1462 1059 1522 1126 quie
1542 1072 1614 1110 nemo
1626 1058 1681 1109 sine
1697 1059 1819 1108 omnim
1833 1058 1884 1107 sir-

270 1127 306 1196 ὐν
322 1138 387 1196 τίσιν
402 1135 482 1206 ἄξιαι.
499 1137 550 1200 Διά
563 1144 638 1199 τοῦτο
655 1139 753 1220 σψόδρα
768 1141 884 1220 χαλεπόν
898 1144 999 1223 μεγάλ’
1092 1155 1177 1204 tntum
1197 1153 1317 1204 comitatu
1335 1151 1394 1202 uus
1416 1162 1470 1201 ease
1482 1151 1580 1214 potest:
1597 1161 1685 1198 omnes
1702 1161 1767 1198 vero
1791 1146 1884 1197 hahere

270 1227 319 1310 χόν
332 1251 393 1286 τινα
407 1225 537 1306 γενίσθαι·
554 1229 582 1286 οὐ
592 1228 643 1306 γάρ
660 1227 767 1288 δυνατδν
783 1231 967 1312 μεγαλόψυχον
982 1255 993 1290 ε
1007 1257 1048 1292 ναι
1092 1237 1200 1289 virtutes
1215 1241 1291 1303 atque
1312 1237 1339 1288 in
1352 1236 1384 1288 iis
1404 1236 1537 1296 excellere,
1557 1236 1694 1288 admodum
1713 1235 1826 1286 difficile
1837 1241 1882 1284 cst.

270 1319 332 1378 άνειι
345 1317 437 1374 πασῶν
448 1317 501 1373 τῶν
513 1315 623 1395 ιίριτῶν·
638 1315 668 1373 τδ
681 1313 708 1374 δά
722 1315 809 1384 παίσας
821 1317 986 1397 κτήσασθαι,
1002 1321 1048 1380 καλ
1093 1327 1122 1376 ln
1132 1325 1290 1390 honoreergo
1302 1328 1327 1376 et
1338 1323 1451 1384 intuma,
1466 1323 1679 1390 quemadmodum
1688 1324 1818 1382 diximus.
1830 1337 1882 1372 τετ-

270 1406 368 1472 ταύτας
383 1405 417 1471 είς
432 1404 531 1484 ἀκρον,
545 1403 645 1486 σφόδρα
659 1404 787 1484 χαλεπόν.
808 1403 890 1468 Ἔστι
911 1405 958 1486 μὲν
971 1399 1016 1467 οὐν
1034 1413 1048 1466 θ
1092 1411 1161 1462 nitur
1171 1412 1349 1477 magnanimus.
1372 1413 1407 1462 he
1419 1411 1515 1476 magnis
1531 1410 1632 1476 quiden
1643 1409 1789 1462 honoribus
1802 1413 1829 1459 et
1843 1409 1883 1474 qui

271 1491 452 1574 μεγαλόψυχος
463 1491 523 1572 πτρλ
537 1491 616 1570 τιμάς
630 1493 675 1552 καί
690 1493 818 1571 ἀτιμίας,
834 1493 920 1564 καθὼς
934 1493 1047 1574 είρηται.
1093 1501 1184 1552 uviris
1214 1500 1310 1566 maguis
1325 1498 1482 1560 dalenmtur,
1507 1499 1625 1550 detmari
1650 1498 1734 1562 solet,
1762 1500 1882 1562 tanqum

272 1579 385 1644 liuilni
405 1579 452 1656 μίν
468 1587 525 1646 ταῖς
545 1579 690 1659 μεγάλαις,
708 1580 753 1640 καὶ
772 1581 823 1640 ont
847 1585 969 1660 μεγάλων
984 1583 1049 1656 ἥδε·
1093 1603 1152 1641 suos
1161 1589 1258 1655 sibique
1271 1587 1423 1640 debitosaut
1436 1587 1676 1640 etiamsuurirtnle
1696 1585 1818 1636 minores
1832 1599 1883 1635 om

270 1692 329 1748 ται,
341 1673 376 1736 ὡς
395 1672 447 1728 τῶν
470 1667 570 1727 οἰκείων
582 1668 733 1748 τυγχάνων,
752 1669 796 1728 καί
811 1659 847 1730 ὧν
870 1669 953 1744 οίξιος,
970 1671 1047 1743 ἢκαλ
1093 1681 1194 1730 sumtus
1209 1691 1216 1722 ι
1229 1677 1289 1742 quia
1301 1675 1419 1742 perlectus
1433 1675 1521 1726 virtuti
1538 1675 1656 1726 meritum
1669 1673 1811 1738 praemium
1823 1687 1883 1722 nnn·

269 1756 415 1820 ίλαττόνων
428 1758 474 1826 τῆς
487 1753 570 1822 ἀξίας·
587 1759 633 1826 τῆς
655 1755 706 1835 γάρ
725 1755 825 1824 τελείας
845 1759 940 1838 ἀρετῆς
953 1761 1002 1818 οὐκ
1017 1760 1047 1818 άν
1093 1763 1533 1830 εῐαατααλιλιοτοίαίθιιεμοιινολτεῑιιτ.
1572 1762 1709 1813 Enimvero
1727 1762 1751 1811 si
1764 1763 1881 1826 gaudeat,

270 1866 335 1906 ποτε
347 1845 446 1922 γίνοιτο
456 1845 530 1922 παρὰ
547 1847 598 1904 τῶν
614 1843 756 1923 ἀνθρώπων
774 1844 834 1914 ἀξία
847 1845 922 1921 τιμή.
940 1849 980 1906 Οὐ
996 1846 1049 1922 μὴν
1093 1851 1134 1904 rol
1144 1853 1208 1904 hune
1218 1853 1250 1904 oh
1261 1865 1362 1902 oausam
1371 1851 1496 1916 gaudebit,
1511 1849 1579 1916 quod
1590 1864 1668 1915 quem
1678 1852 1793 1914 pessum
1805 1849 1883 1899 maai·

269 1933 329 1994 άλλ·
345 1929 425 1990 siaul
437 1929 546 2002 ἥδεται,
561 1928 689 1988 διάτοῦτο
702 1930 810 2009 ἥδεται,
823 1933 863 1992 ότι
876 1933 923 2004 τὴν
936 1935 1049 2006 δυνατὴν
1092 1954 1163 1991 ταυτα
1183 1943 1227 1991 aut
1240 1955 1291 2006 quo
1303 1941 1423 2005 majorem
1440 1953 1490 1989 non
1513 1941 1617 2000 hahent,
1629 1937 1677 2002 ipsi
1695 1939 1823 1988 honormn
1844 1938 1884 1986 tri

270 2019 447 2100 προσάγουσιν
468 2021 539 2099 αὐτῷ
551 2019 647 2096 τιμήν,
663 2019 708 2078 καλ
721 2012 751 2092 ἧς
764 2023 813 2080 οὐκ
826 2019 938 2100 ἔχουσι·
954 2025 1046 2100 μείζω.
1093 2029 1181 2090 huunt.
1202 2031 1370 2080 humentem
1389 2029 1518 2086 honorem,
1540 2027 1584 2091 qui
1598 2041 1613 2076 a
1627 2027 1705 2089 uulgo
1726 2027 1750 2076 ei
1764 2025 1880 2083 hahetur.

270 2111 327 2182 Τῆς
342 2109 370 2168 δί
386 2105 460 2186 παρά
481 2109 533 2164 τῶν
545 2107 677 2186 τυχόντων
692 2111 770 2184 τιμῆς
782 2109 904 2178 καθάπαξ
920 2111 1049 2226 όλιγωρή-
1093 2131 1195 2183 prorsus
1211 2117 1317 2182 negliget
1336 2119 1413 2182 atque
1431 2115 1610 2182 aspernabitur,
1624 2113 1738 2164 maximo
1755 2129 1839 2179 quum
1853 2115 1881 2163 m

253 2219 318 2276 ατε·
332 2193 377 2255 καλ
387 2197 503 2272 μάλιστα
515 2189 577 2252 όταν
592 2193 635 2252 tul
647 2203 748 2275 μικροῖς
761 2195 835 2254 αὐτόν
845 2201 965 2274 τιμῶσιν·
982 2221 1047 2274 οιον,
1093 2219 1231 2272 resparsus
1243 2205 1326 2271 ipsum
1340 2206 1479 2257 honorant:
1495 2205 1566 2256 verbi
1577 2217 1670 2265 eausa,
1682 2203 1779 2267 siquis
1792 2203 1882 2253 hom

241 2275 246 2282 ’
270 2283 296 2346 τί
309 2307 349 2356 τις
362 2283 441 2362 ἀτίμα
452 2282 496 2342 τὸν
511 2281 633 2362 Ἇχιλλία
651 2282 690 2341 ὐτι
707 2286 795 2351 καλῶς
809 2283 866 2364 ψδιι
886 2285 1045 2366 καθαρίζων·
1092 2293 1219 2346 affecisset
1232 2293 1365 2354 Achillem,
1384 2293 1453 2360 quod
1470 2293 1575 2344 scienter
1593 2292 1684 2342 tidihus
1696 2295 1804 2342 caneret
1822 2307 1881 2342 :ca-

269 2373 398 2454 όμοίωςδί
409 2373 453 2430 καὶ
461 2371 574 2451 περλτάς
585 2370 692 2448 ἀτιμίας
702 2372 771 2431 κατά
781 2373 811 2432 τδ
819 2377 952 2453 προσῆκον
963 2377 1044 2454 αὐτῷ.
1092 2383 1200 2448 demque
1216 2381 1325 2432 inlamise
1341 2382 1404 2432 ratio
1424 2385 1479 2442 est,
1497 2384 1572 2446 prout
1585 2380 1622 2430 illi
1640 2380 1771 2430 convenit
1791 2383 1818 2430 ln
1838 2381 1881 2430 ho-

269 2461 352 2524 Ἔατι
365 2459 451 2520 τοίνυν
466 2463 480 2518 ό
498 2459 681 2540 μεγαλόψυχος
695 2460 812 2537 μάλιστα
830 2461 877 2538 μὲν
893 2463 953 2542 περλ
968 2466 1047 2540 τιμὰς
1092 2488 1152 2526 nere
1161 2474 1236 2540 igitur
1244 2478 1269 2526 et
1281 2473 1382 2524 infamia
1401 2473 1559 2538 potissimum
1574 2473 1613 2522 rir
1628 2471 1713 2536 magni
1736 2473 1818 2522 animi
1830 2511 1837 2530 .
1849 2485 1881 2521 sr-

271 2549 316 2610 καλ
329 2547 447 2626 ἀτιμίας,
459 2547 545 2614 καθὼς
556 2546 732 2627 είρηται·ίατι
744 2549 771 2608 dl
784 2549 973 2627 όπομίνωςκαλ
987 2555 1047 2634 περί
1092 2565 1136 2612 cut
1146 2562 1241 2612 dietum
1253 2563 1305 2622 est,
1325 2561 1435 2612 cernitur
1454 2581 1460 2610 ι
1483 2561 1589 2626 ideoque
1600 2560 1676 2610 etiam
1694 2561 1724 2610 in
1737 2559 1839 2610 dividis
1854 2573 1881 2608 ετ

269 2641 381 2700 πλοῦτον
390 2635 434 2694 καί
446 2635 610 2708 δυναστείαν,
625 2635 671 2694 καλ
684 2645 772 2695 πᾶσαν
791 2638 913 2718 εὐτυχίαν
927 2639 972 2698 καλ
986 2642 1048 2698 dro-
1092 2649 1232 2714 principatu
1251 2649 1368 2714 omnique
1391 2647 1498 2699 monada
1517 2653 1544 2700 et
1556 2647 1662 2699 adversa
1676 2647 1782 2698 tertuna
1797 2661 1882 2697 τετει-

269 2729 341 2811 χίαν·
358 2725 404 2786 καλ
418 2725 479 2806 περὶ
491 2725 588 2791 ταύτας
599 2723 650 2804 γάρ
665 2725 777 2806 μετρίως
790 2723 839 2796 llus
853 2727 899 2786 καλ
915 2730 951 2792 ὡς
965 2751 1046 2809 προσ·
1068 2787 1072 2812 γ
1092 2739 1135 2788 tur
1149 2755 1156 2786 ι
1176 2741 1251 2802 etque
1262 2737 1288 2787 in
1309 2737 1349 2787 his
1370 2737 1445 2787 rebus
1460 2737 1575 2787 omnihus
1593 2737 1752 2786 moderatum
1768 2750 1798 2787 se
1809 2741 1837 2786 ct
1853 2739 1880 2784 nt

270 2823 345 2890 ῆκεν·
359 2813 371 2852 ⁴
386 2813 431 2873 καλ
453 2811 526 2871 etth
541 2812 649 2892 αίσχρδν
663 2813 783 2872 πείσεται
802 2815 864 2895 πρδς
877 2813 925 2886 πλν
947 2817 973 2875 όν
989 2817 1047 2878 τοό-
1092 2827 1189 2890 oportet
1202 2823 1321 2890 praebebit
1332 2843 1339 2874 ι
1349 2838 1430 2889 neque
1447 2825 1472 2874 in
1487 2839 1573 2875 eurum
1590 2825 1731 2874 mutatione
1740 2824 1880 2890 quidquam

269 2926 323 2970 τοις
339 2898 498 2980 μεταθυλήν·
514 2897 560 2961 καλ
574 2899 633 2960 οὐτε
648 2905 765 2982 εὐτυχῶν
786 2903 931 2984 περιχαρὴς
952 2903 1046 2982 ίσται,
1092 2915 1136 2963 eut
1145 2911 1253 2979 turpiter
1263 2911 1337 2963 faciet
1347 2918 1390 2962 aut
1405 2913 1509 2963 moleste
1521 2911 1648 2977 potietur:
1661 2911 1793 2976 siquidm
1803 2925 1880 2976 neque

269 2989 330 3050 οὔτε
345 2991 448 3066 ἀτυχῶν
473 2987 622 3066 πιρίλνποτ·
647 2991 677 3050 οὐ
699 2989 749 3069 γάρ
774 2991 895 3070 μίγιστον
919 2995 1047 3072 ἡγήσεται
1092 3004 1166 3056 rehus
1193 3003 1308 3055 secundis
1331 3003 1464 3064 letabitur,
1490 3017 1571 3069 neque
1599 3003 1713 3054 adversis
1736 3006 1877 3055 maerebit:

270 3074 427 3151 τὴντιμιίν,
442 3071 566 3133 καλούτω
579 3075 640 3154 περί
654 3076 738 3148 αὐτὴν
757 3075 807 3146 ἔξει
823 3081 858 3147 ὡς
871 3079 992 3160 μίγιστον
1004 3081 1045 3146 όν.
1091 3091 1183 3156 quippe
1204 3105 1235 3142 ne
1254 3092 1370 3142 honorem
1387 3091 1488 3156 quidem
1504 3105 1588 3141 rerum
1607 3092 1721 3142 omnium
1741 3093 1878 3142 maximam

271 3162 351 3225 Οὐτω
367 3162 394 3220 δὲ
410 3161 476 3238 ἔχων
494 3163 555 3240 περλ
573 3161 621 3234 τὴν
635 3163 730 3240 τιμήν,
750 3167 842 3244 πῦλλῷ
863 3170 964 3243 μᾶλλον
986 3171 1046 3251 περὶ
1091 3179 1204 3244 putabit,
1219 3194 1300 3246 neque
1312 3179 1381 3230 sicin
1395 3193 1453 3230 eum
1471 3183 1590 3244 tanquam
1603 3179 1628 3229 in
1643 3193 1774 3230 summum
1787 3182 1878 3232 houm

270 3251 314 3312 τδν
328 3251 439 3309 πλοῦτον
454 3248 586 3328 όλιγυίρως
604 3249 676 3328 ἀξει,
696 3252 741 3310 καλ
755 3252 803 3319 τάς
822 3255 984 3323 δυναστείας·
1000 3263 1046 3318 ui·
1091 3268 1215 3318 animatus
1225 3268 1280 3318 erit.
1294 3269 1371 3318 Porro
1379 3281 1458 3332 ιγιιατιι
1473 3267 1574 3332 sicergo
1585 3267 1705 3318 honorem
1716 3267 1829 3320 allectus
1838 3271 1878 3326 sit,

271 3338 411 3420 ρετάυτερον
424 3337 476 3417 γάρ
496 3341 514 3408 ἡ
531 3335 596 3412 τιμὴ
613 3339 764 3406 δυναστείας
785 3341 830 3399 καλ
853 3342 980 3402 πλούτου·
1003 3347 1046 3405 διά
1091 3358 1172 3408 multo
1190 3357 1269 3421 magis
1284 3357 1385 3408 divitias
1402 3359 1428 3408 et
1449 3357 1615 3422 principatum
1637 3359 1784 3407 eontmnnet
1802 3372 1880 3421 :qma-

269 3427 320 3507 γὰρ
335 3425 382 3498 ris
394 3425 474 3501 τιμὴν
492 3424 618 3503 ἀγαπητά
632 3427 696 3484 εἰσιν
710 3430 724 3484 ὃ
739 3430 851 3496 πλοῦτος
870 3431 944 3502 καὶὴ
965 3433 1044 3492 δυνα-
1092 3447 1157 3498 nium
1168 3447 1308 3512 principatu
1320 3449 1346 3497 et
1361 3445 1458 3497 divitiis
1476 3445 1608 3510 optabilior
1622 3448 1660 3497 est
1677 3446 1761 3496 honor
1778 3465 1786 3495 ε
1801 3447 1878 3512 siqui

269 3513 355 3578 στεία·
365 3514 409 3572 καί
421 3513 472 3595 γάρ
482 3515 506 3572 οί
519 3511 621 3592 ἔχοντες
632 3513 835 3592 sindremont
845 3518 879 3575 δι’
889 3520 974 3579 αὐτῶν
987 3523 1046 3602 βού·
1092 3534 1148 3586 dem
1160 3537 1260 3600 propter
1279 3535 1398 3584 honorem
1412 3533 1508 3584 divitie
1527 3537 1554 3584 et
1566 3533 1720 3598 principatus
1737 3535 1765 3584 in
1783 3535 1877 3586 deliciis

269 3601 369 3662 >tillim·
396 3601 430 3661 Ὁ
455 3600 481 3658 δὲ
503 3599 550 3671 τὴν
572 3597 651 3675 τίμὴ*
676 3601 768 3680 μικρὸν
790 3603 931 3682 ἡγούμενος
955 3611 1046 3690 πολλῷ
1092 3621 1234 3672 hahentur:
1253 3635 1310 3671 nam
1323 3621 1433 3686 (μάλιστα
1447 3621 1511 3671 θυαε
1526 3621 1650 3671 eonseeuti
1672 3623 1747 3678 sunt,
1767 3622 1811 3672 his
1822 3622 1877 3685 ipos

270 3692 369 3768 pullos
384 3688 417 3748 τδι
431 3688 509 3750 ἄλλα.
522 3688 573 3749 Διὰ
587 3691 662 3748 τοῦτο
672 3688 717 3750 καλ
732 3693 756 3748 ολ
767 3693 947 3774 μεγαλόψυχοι
962 3699 1046 3776 ὐπερ·
1093 3709 1219 3760 honestari
1241 3711 1337 3760 rolunt.
1358 3709 1408 3768 Qui
1425 3721 1485 3759 vero
1508 3709 1626 3759 honorem
1652 3707 1677 3758 in
1702 3710 1781 3759 rehns
1797 3711 1876 3774 partis

269 3779 349 3838 όιιται
372 3778 490 3838 δοκοῦσιν
521 3767 602 3850 εἶναι,
629 3777 669 3837 ότι
699 3778 772 3838 οὐδὲν
794 3785 845 3840 τῶν
878 3783 1046 3864 ἀνθρωπίνων
1092 3799 1215 3860 numeret,
1234 3797 1256 3846 is
1275 3797 1355 3846 multe
1365 3795 1458 3862 justius
1471 3796 1546 3846 etiarn
1557 3799 1649 3846 ταυτα
1660 3794 1792 3861 despiciet.
1813 3801 1875 3854 Qua-

269 3869 370 3948 opddpu
382 3871 502 3942 τιμῶσιν.
524 3865 604 3926 Ἐπεί
625 3866 652 3925 δί
667 3869 712 3928 καί
727 3869 760 3928 τὰ
775 3869 944 3949 εὐτυχήματα
966 3879 1045 3950 τιμῆς
1092 3875 1192 3950 prepter
1218 3883 1367 3949 mugrrauimi
1391 3885 1466 3935 etiam
1489 3888 1653 3934 contemtores
1668 3897 1723 3934 csse
1742 3884 1873 3941 ridentur.

269 3956 329 4024 άξια
342 3957 459 4015 δοκοῦσιν
479 3949 560 4028 εἶναι,
587 3953 633 4015 καλ
657 3963 740 4017 ταῦτα
763 3961 909 4018 συντελοῐεν
931 3959 962 4020 ἀν
982 3963 1046 4044 πρὸς
1093 3973 1226 4038 quianihil
1241 3972 1479 4024 inrehushumanis
1492 3971 1628 4024 admodum
1646 3972 1726 4036 magni
1736 3973 1872 4021 estiment.

268 4043 317 4110 τλν
332 4041 540 4122 μεγαλοψυχίαν.
557 4045 596 4102 To
610 4043 662 4124 γάρ
676 4047 804 4126 ὑπερέχον
818 4049 844 4105 όν
861 4049 966 4126 ἀγαθοῖς
981 4052 1045 4109 ἕντι·
1093 4067 1176 4123 Quum
1190 4077 1249 4115 vero
1261 4076 1390 4114 successus
1403 4075 1502 4128 quoque
1514 4063 1626 4128 prosperi
1648 4063 1732 4112 honum
1748 4061 1819 4126 digni
1833 4063 1875 4112 ui.
1940 4067 1941 4071 ’

270 4127 386 4206 μότερον·
402 4129 522 4208 ὐπερίχει
535 4127 563 4186 δὲ
577 4132 602 4188 ίν
617 4135 746 4208 ἀγαθοῖςό
761 4133 880 4213 εὐτυχής·
899 4136 940 4195 διδ
954 4137 999 4195 καλ
1012 4138 1047 4196 τά
1090 4151 1197 4202 deantur
1210 4164 1279 4210 esse,
1295 4152 1370 4201 etiam
1385 4151 1420 4201 illi
1438 4151 1471 4201 ad
1482 4150 1557 4200 animi
1570 4149 1765 4216 mugnitudiuuu
1779 4150 1873 4215 aliquid

268 4219 376 4271 ἳθῑαῧῖθ
391 4212 438 4285 ‘dl
455 4217 653 4294 μίγαλοψυχίαν
677 4219 837 4291 συνίστησιν.
858 4221 892 4280 Ὁ
904 4222 955 4302 γάρ
970 4227 1047 4284 εὐτυ·
1091 4234 1227 4286 conterunt.
1244 4235 1317 4294 Quod
1329 4235 1394 4286 enim
1409 4235 1508 4286 excellit
1525 4235 1551 4284 in
1568 4234 1651 4292 honis.
1664 4234 1812 4284 honoratius
1822 4239 1872 4287 cst:
1939 4243 1940 4293 t

269 4300 320 4380 ἐ’,ὐς
334 4298 404 4368 ἅίῑῡθ
421 4301 512 4358 ἶαυῑύν
525 4304 644 4379 μεγάλης
660 4309 738 4380 τιμῆς
751 4313 854 4382 ἡγεῖται
870 4308 913 4366 διὰ
924 4309 972 4382 τὴν
983 4314 1048 4390 ιἰγα-
1065 4327 1071 4346 ’
1090 4322 1116 4374 in
1126 4323 1288 4374 hontsauten
1297 4324 1408 4382 excellit,
1421 4323 1465 4387 qui
1476 4321 1576 4373 fortuna
1585 4322 1666 4372 utitur
1681 4336 1688 4364 :
1702 4335 1784 4385 quare
1796 4327 1819 4372 et
1836 4327 1873 4372 ta-

270 4385 317 4459 θλν
340 4385 435 4468 τύχην·
451 4395 562 4466 τιμᾶται
585 4389 636 4470 γάρ
659 4394 724 4470 παρ’
748 4392 832 4452 ίνίων·
847 4397 906 4454 κατ’
924 4399 1046 4470 ἀλήθειαν
1091 4410 1124 4461 lia
1136 4411 1211 4462 animi
1223 4411 1418 4475 magnitudinem
1439 4410 1556 4462 efficiunt.
1589 4409 1712 4460 ltirnirum
1732 4408 1874 4460 fortunatus

269 4473 298 4535 δῖ
313 4473 389 4553 μόνος
403 4480 417 4536 ὐ
431 4475 527 4554 ἀγαθὸς
539 4475 599 4546 τοὺς
614 4477 724 4558 rpo'nous
736 4479 805 4549 ἅίῑίε
820 4485 875 4541 ἔστι
886 4489 976 4561 'ttulit-
993 4477 1044 4548 Ὧι
1090 4513 1178 4564 magno
1189 4513 1216 4549 se
1228 4499 1320 4548 honore
1331 4497 1432 4562 dignum
1443 4499 1576 4558 existimat,
1589 4497 1649 4562 quia
1658 4496 1781 4549 felicitate
1791 4499 1871 4549 flent:

270 4563 297 4624 δλ
313 4564 392 4647 άμφω
406 4565 532 4646 πρόσεστι
543 4566 618 4640 καλὴ
634 4568 715 4650 ἀρετὴ
729 4572 775 4629 καλ
784 4569 818 4630 τά
833 4571 926 4641 ἔξωθεν
940 4576 1045 4653 ἀγαθοί,
1091 4586 1367 4638 enonnullisvidelieet
1380 4587 1473 4638 honore
1488 4585 1604 4646 allicitur,
1619 4599 1799 4650 quumrersra
1810 4587 1872 4637 mles
1937 4603 1938 4606 ¹

270 4654 371 4732 tlmol
391 4653 508 4722 theom
526 4659 604 4734 τιμῆς
618 4661 665 4717 τοῦ
689 4655 736 4730 τάν
752 4659 848 4738 ἀρετὴν
864 4659 942 4738 μόνον
967 4661 1045 4742 ἕχον·
1090 4676 1164 4726 homo
1177 4675 1359 4726 benemeritus
1375 4675 1466 4725 honere
1478 4675 1567 4739 dignus
1582 4673 1623 4723 sit.
1641 4673 1688 4724 cui
1701 4687 1765 4724 rere
1777 4680 1872 4726 utrun-

269 4759 322 4809 'tot‘
338 4739 365 4809 ὐε
380 4741 408 4801 ὐί
423 4743 623 4825 μόθθνῑῦτυχείς
638 4751 710 4820 ἔστι,
733 4748 779 4806 καὶ
799 4749 853 4817 τοῖς
867 4749 958 4820 Ῑξωθεν
978 4755 1045 4833 ἀγα·
1090 4777 1153 4828 que,
1168 4763 1249 4814 virtus
1264 4762 1358 4814 scilieet
1374 4765 1400 4814 et
1419 4765 1521 4814 externe
1539 4763 1602 4813 hona
1622 4761 1730 4823 adsunt,
1745 4763 1771 4814 is
1786 4765 1871 4814 honen
1936 4769 1937 4778 ¹

269 4832 320 4896 θῡῑς
345 4831 461 4906 εὐθηνεῖ,
482 4831 546 4913 πρὸς
565 4833 592 4894 δά
615 4835 662 4908 τὴν
678 4837 773 4916 ἀρετὴν
787 4838 859 4898 οὐδίν
875 4839 958 4900 κοινὸν
973 4841 1044 4920 ἔχει,
1092 4851 1188 4915 dignior
1205 4851 1319 4910 habetur,
1337 4865 1413 4916 qoam
1432 4849 1476 4916 qui
1496 4850 1548 4902 solo
1564 4849 1659 4900 virtute
1678 4851 1804 4916 praeditus
1816 4854 1869 4900 cst:

270 4921 413 4988 ότοιούτος
427 4918 486 4980 οὐτε
498 4923 604 4992 δικαίως
624 4933 748 5003 τιμᾶται,
764 4925 822 4987 οὐτε
845 4930 921 4998 αὐτὸς
941 4931 1047 4999 δικαίως
1090 4943 1117 4990 at
1137 4939 1181 5004 qui
1196 4938 1338 4990 fortunatus
1356 4943 1453 4990 tuntum
1469 4941 1506 4990 cel
1527 4942 1553 4990 et
1573 4939 1614 4989 eui
1632 4942 1735 4990 esterna
1757 4951 1869 5006 presprrr

269 5005 362 5065 ίαιετδν
377 5009 494 5087 μεγάλης
509 5009 578 5081 ἀξιοῖ
590 5018 683 5092 τιμῆς,
699 5012 759 5074 οὐτε
772 5015 841 5074 κατά
855 5016 899 5076 τδν
912 5017 986 5098 όρθδν
1000 5019 1047 5078 λα’·
1090 5025 1233 5088 succedunt,
1246 5027 1290 5091 qui
1303 5031 1385 5077 tamen
1395 5026 1457 5076 nihil
1466 5040 1523 5076 oum
1532 5025 1627 5077 virtute
1638 5014 1714 5078 hahet
1724 5039 1856 5080 oommlttt

271 5113 317 5170 ’tw
330 5095 514 5178 μῑῖαδόψυχθε
533 5101 647 5180 λίγεται.
671 5102 748 5164 Ἄνευ
765 5103 817 5182 γάρ
833 5107 927 5184 ἀρετῆς
945 5107 1047 5172 τελείας
1089 5114 1112 5165 is
1124 5128 1210 5180 neque,
1229 5115 1319 5165 merito
1339 5115 1432 5166 honore
1448 5113 1479 5165 ab
1496 5113 1552 5165 aliis
1568 5119 1682 5180 augetm.
1700 5127 1782 5180 mque
1803 5127 1831 5164 se
1849 5115 1869 5163 i·

270 5176 397 5242 άδύνατόν
416 5205 472 5245 τινα
486 5188 669 5272 μεγαλόψυχον
682 5179 763 5268 τίνει,
774 5189 859 5262 καθιλς
872 5193 983 5275 εἴρηται.
993 5193 1044 5257 Διά
1089 5217 1162 5271 psum
1172 5205 1266 5270 magnis
1277 5205 1412 5258 honoribus
1419 5204 1521 5270 dignum
1531 5205 1622 5257 merito
1637 5203 1774 5264 existimat.
1789 5216 1867 5268 usqne
