3938 5968
514 410 737 475 issuldunum
759 413 1099 477 Nicomacnsonlm
1122 415 1402 479 PARAPHRASlS.

381 529 385 538 ⁵
477 548 544 628 Κεφ.
569 545 612 626 ιγ’.

146 729 209 791 Περί
228 731 275 775 τῶν
300 729 421 788 σοφιστῶν
447 739 473 772 τε
499 727 538 775 καί
562 731 609 775 τῶν
635 724 664 773 τά
684 724 797 774 πολιτικά
817 725 936 776 διδάσκειν

180 798 411 862 ἐπαγγελλομένων·
425 797 466 845 καὶ
476 796 513 846 ὅτι
527 797 555 846 τὸ
568 799 674 862 περὶτῆς
686 796 828 860 νομοθεσίας
844 797 937 847 ἐπισκί·

179 871 273 935 ψοσθοιι
293 873 350 933 πρὸς
371 869 414 928 τῆν
431 873 473 928 τῆς
493 875 624 932 πρακτικῆς
652 868 790 933 φιλοσοφίας
812 869 937 920 τελείωσιν

179 941 215 992 ἐτι
228 939 311 990 λοιπόν
325 938 383 988 ἔστι.

188 1087 276 1150 *Ὅτι
284 1086 331 1166 μὲν
346 1075 391 1147 ούν
402 1084 569 1166 νομοθετικθν
585 1075 652 1146 εἶναι
667 1086 708 1144 δεῖ
717 1084 761 1145 τθν
777 1089 825 1158 τῆς
838 1087 934 1166 ἀρετῆς

147 1178 292 1256 ἀλείπτην,
309 1173 418 1256 φανερὸν
436 1176 466 1234 ἐκ
478 1180 529 1236 τῶν
545 1173 710 1254 εἰρημένων·
727 1175 797 1241 ὅπως
814 1175 841 1235 δέ
853 1175 935 1244 δυνη-

147 1267 204 1339 θείη
218 1289 256 1334 τις
270 1263 301 1324 διν
316 1264 482 1342 νομοθετικθς
502 1266 638 1344 γενέσθαι,
653 1264 777 1337 ζητητέον
796 1261 878 1324 ἐστίν.
893 1259 934 1324 Ἢ

145 1353 259 1436 φανερόν
273 1355 364 1429 ἐστιν,
380 1351 420 1411 ὅτι
435 1353 554 1434 καθάπερ
571 1351 624 1411 άπὸ
638 1357 683 1412 τοῦ
698 1351 794 1419 είδότος
806 1349 840 1408 τδι
852 1374 935 1432 γραμ·

146 1443 251 1522 ματικδι
274 1439 340 1512 ῆτδι
362 1439 476 1518 μουσικά
491 1439 677 1520 γραμματικός
696 1462 734 1506 τις
759 1439 854 1518 γίνοιτ’
870 1438 933 1512 άνῆ

146 1529 293 1610 μουσικός,
309 1531 376 1588 οὓτω
390 1528 435 1588 καί
449 1527 614 1606 νομοθετικδς
636 1527 690 1588 άπδ
713 1532 759 1588 τοῦ
780 1527 875 1596 είδότος
887 1551 935 1587 νο-

145 1621 231 1680 θετεῖν
242 1665 250 1692 ,
262 1616 289 1687 ὅς
302 1622 371 1679 ἐστιν
383 1619 397 1674 δ
414 1618 566 1696 πολιτικός;
580 1621 626 1690 τῆς
640 1617 692 1696 γάρ
705 1619 841 1692 πολιτικῆς
858 1621 874 1690 ἡ
889 1640 934 1678 νο-

146 1708 274 1790 μοθετικῆ
289 1707 374 1788 μέρος.

186 1797 221 1834 **
234 1795 330 1857 Καίτοι
342 1795 412 1854 δοκεῖ
426 1797 454 1854 οὐ
469 1793 502 1852 τά
513 1792 581 1854 αὐτδι
591 1793 744 1872 σνμόαίνειν
763 1798 796 1875 τῇ
811 1797 934 1878 πολιτικῇ

145 1887 192 1948 καί
216 1894 273 1953 ταῖς
288 1885 381 1951 allisa
402 1881 528 1961 δυνάμεσι
548 1884 593 1941 καί
618 1883 788 1961 ἐπιστήμαις.
817 1884 865 1946 Ἐν
887 1887 934 1963 μὲν

146 1977 199 2058 γδιρ
214 1978 271 2042 ταῖς
297 1975 391 2042 ἄλλοις
413 1975 437 2033 οἱ
455 1974 531 2032 αὐτοὶ
545 1973 681 2054 φαίνονται
702 1973 749 2041 τάς
764 1997 793 2032 τε
812 1975 935 2052 μεθόδους

146 2069 200 2126 τῶν
219 2067 373 2142 ἐπιστημῶν
392 2061 597 2141 παραδιδόντες,
619 2061 665 2120 καὶ
684 2066 743 2121 κατ’
758 2061 838 2131 αὖτδς
859 2065 934 2144 ἐνερ-

151 2163 272 2234 γοῦντες·
296 2154 385 2236 ίατρδς
407 2151 459 2234 γάρ
481 2150 527 2212 καί
553 2151 688 2232 ζωγράφος
714 2151 761 2224 τῆν
788 2176 816 2211 τε
840 2153 936 2232 τέχνην

148 2241 262 2310 ἕκαστος
275 2242 410 2313 διδάσκει,
427 2239 471 2298 καὶ
490 2243 504 2298 δ
518 2240 594 2306 αὐτὸς
606 2241 652 2299 καί
666 2240 769 2320 γράφει,
782 2241 799 2312 t,
813 2243 936 2320 ίατρεύει·

147 2333 210 2410 περί
232 2329 259 2390 δέ
276 2329 323 2401 τὴν
339 2329 478 2399 πολιτικὴν
493 2327 588 2408 ἑτέρως
609 2328 728 2408 φαίνεται
755 2328 828 2410 ἐχον·
844 2333 868 2390 οἱ
888 2331 935 2408 μὲν

147 2420 201 2498 γάρ
216 2418 338 2499 σοφισταί
359 2415 394 2476 τά
418 2416 542 2475 πολιτικά
560 2415 692 2476 διδάσκειν
709 2417 933 2496 ἐπαγγελλονται,

148 2505 232 2584 μηδὲν
261 2504 418 2586 πράττοντες
443 2502 594 2575 πολιτικόν,
626 2505 651 2562 οἱ
677 2504 704 2564 δέ
740 2506 935 2584 πολιτευόμενοι

147 2593 298 2676 πράττουσι
323 2591 388 2671 μέν,
405 2590 556 2651 διδάσκουσι
582 2589 610 2650 δέ
624 2590 712 2652 οὐδέν·
732 2594 762 2654 οὔ
777 2593 828 2674 γάρ
843 2595 935 2655 δύνον-

146 2705 204 2742 ται.

190 2769 238 2807 *²¹¹*
244 2771 284 2832 Οὐ
291 2767 341 2849 γδιρ
356 2768 458 2849 μεθόδῳ
472 2765 521 2824 τινί
529 2765 673 2847 πράττουσι
689 2768 735 2827 καί
747 2769 937 2851 ἐπιστῆμηπο-

148 2861 250 2940 λιτικῆ,
266 2857 335 2918 tili
347 2862 445 2938 φυσικῇ
456 2855 507 2915 τινί
528 2856 731 2934 ἐπιτηδειότητι,
746 2857 789 2916 καί
807 2858 933 2940 ἐμπειρίᾳ

149 2947 304 3027 μᾶλλον,ῆ
328 2947 441 3028 διανοίη.
456 2943 522 3007 Ὅτι
544 2945 571 3004 δέ
589 2948 618 3005 ού
638 2947 762 3007 δύνανταί
778 2971 804 3007 τι
815 2949 876 3027 περὶ
890 2954 936 3023 τῆς

147 3042 286 3111 πολιτικῆς
310 3035 462 3110 διδάσκειν,
483 3033 609 3116 φανερόν·
630 3038 659 3095 ού
675 3036 727 3115 γάρ
750 3035 930 3108 διδάσκουσιν,

146 3127 207 3189 οὖδέ
223 3152 249 3187 τι
265 3127 408 3208 γράφουσιν
424 3125 442 3197 ῆ
456 3125 582 3202 λέγουσι·
595 3126 656 3204 περὶ
676 3127 728 3183 τῶν
743 3127 883 3200 τοιούτων,
899 3129 935 3188 εἰ·

146 3217 241 3284 πάντες
254 3215 306 3286 άν,
321 3214 396 3295 εἴπερ
414 3213 554 3274 ἐδύναντο·
576 3218 662 3290 μεῖζον
685 3213 736 3292 γάρ
751 3211 783 3272 δν
797 3204 830 3286 ῆν
849 3215 934 3284 αὐτοῖς

146 3311 185 3377 είς
205 3305 356 3388 φιλοτιμίαν
370 3303 501 3370 τοιούτους
514 3303 659 3364 συντιθέναι
672 3302 781 3378 λόγους,
805 3302 934 3374 ῆδικοινι-

1707 422 1766 482 567

1304 559 1362 622 οη).
1377 561 1444 609 κιιι.

982 735 1014 776 De
1027 732 1136 786 sophistis
1148 741 1171 777 οι
1181 735 1209 778 lis
1223 733 1263 788 qul
1282 731 1411 787 reipublice
1422 731 1565 786 disciplinam
1580 734 1669 777 tradere
1682 745 1706 776 se
1717 744 1767 788 pro·

1009 807 1122 852 litenture
1137 810 1192 854 item
1204 809 1382 864 disputationem
1396 808 1534 851 deferendis
1547 810 1636 863 legibus
1649 810 1677 853 sd
1690 809 1768 852 activas

1008 876 1153 932 philosophiae
1165 877 1387 922 consummationem
1397 878 1472 921 adbuc
1482 879 1567 922 deesse.

1011 1089 1107 1142 Debere
1129 1091 1204 1156 igitur
1225 1092 1308 1156 legum
1330 1091 1490 1143 ferendarum
1508 1092 1611 1144 scicntia
1634 1095 1769 1158 preditum

981 1172 1304 1237 esseuirtntismagistrum,
1312 1188 1326 1224 e
1335 1173 1505 1238 superioribus
1515 1177 1631 1240 apparet:
1643 1174 1769 1238 quomodo

982 1266 1041 1302 vero
1055 1265 1110 1302 eam
1125 1254 1242 1318 consequi
1256 1254 1343 1318 possit,
1359 1253 1474 1318 deinceps
1487 1255 1649 1318 quaerendum
1671 1258 1716 1304 est.
1731 1257 1769 1304 λιι

981 1331 1140 1381 manifestum
1157 1335 1204 1390 est,
1224 1331 1435 1395 quemadmodum
1449 1332 1481 1383 ab
1495 1346 1525 1382 eo
1538 1332 1583 1397 qui
1600 1333 1769 1396 granruatice

981 1411 1077 1474 peritus
1089 1413 1127 1460 est
1141 1413 1185 1460 aut
1197 1411 1299 1461 musicas
1310 1412 1488 1476 grammaticus
1499 1413 1557 1476 quis
1571 1425 1624 1462 esse
1636 1411 1710 1461 discit
1725 1415 1769 1464 aut

981 1488 1101 1548 musicus,
1118 1488 1153 1538 ita
1165 1487 1219 1540 fore
1233 1493 1263 1539 ut
1277 1490 1308 1540 ab
1328 1490 1429 1541 bomine
1444 1491 1526 1555 legum
1545 1489 1703 1540 ferendarum
1725 1505 1769 1555 pe-

981 1568 1030 1617 rito
1047 1565 1123 1630 liujus
1137 1565 1173 1616 rei
1184 1567 1313 1617 scientiam
1336 1567 1425 1627 discat,
1446 1569 1490 1632 qui
1502 1574 1540 1620 est
1552 1568 1591 1618 vir
1606 1567 1719 1631 regendas
1732 1568 1767 1618 ci·

981 1643 1068 1693 vitatis
1087 1643 1181 1693 sciens?
1205 1657 1261 1694 nam
1281 1644 1384 1694 rationis
1407 1645 1488 1694 civilis
1509 1657 1567 1709 pars
1582 1643 1664 1708 legum
1686 1643 1769 1694 feren·

982 1719 1071 1771 darum
1086 1720 1188 1770 scientia
1199 1725 1245 1771 est.

1012 1807 1088 1870 Atqui
1109 1807 1237 1858 nunidem
1256 1807 1325 1872 quod
1347 1807 1373 1858 in
1387 1809 1490 1873 reliquis
1505 1807 1669 1860 facultatibus
1683 1824 1712 1858 ac
1727 1810 1766 1860 di-

983 1895 1100 1960 sciplinis,
1115 1897 1141 1946 in
1158 1896 1225 1946 civili
1236 1910 1337 1962 quoqne
1348 1897 1443 1948 ratione
1458 1897 1558 1947 ridetur
1571 1911 1618 1947 usu
1633 1897 1726 1948 uenire.
1741 1899 1769 1947 ln

982 1985 1079 2040 caeteris
1093 1985 1158 2035 enim
1170 1985 1244 2035 iidem
1258 1985 1325 2035 viam
1337 1987 1508 2051 rationemque
1518 1986 1705 2051 disciplinamrn
1716 1990 1767 2036 lra-

983 2075 1050 2136 derc,
1066 2079 1091 2126 et
1111 2089 1142 2125 ex
1165 2089 1251 2125 earum
1270 2075 1415 2140 praescripto
1435 2075 1562 2125 facultatis
1579 2089 1682 2126 munere
1700 2074 1769 2138 fungi

984 2165 1101 2216 videntur
1115 2183 1120 2213 :
1136 2165 1229 2229 quippe
1243 2164 1356 2214 medicus
1374 2164 1455 2215 omnis
1470 2169 1495 2215 et
1516 2165 1596 2230 pictor
1614 2180 1685 2214 suam
1699 2165 1770 2228 quis·

982 2266 1032 2318 que
1043 2255 1123 2302 artem
1136 2251 1217 2312 docet,
1234 2251 1349 2316 idemque
1364 2252 1439 2302 ctiam
1453 2252 1539 2317 pingit,
1560 2257 1604 2302 aut
1622 2252 1769 2302 medicinam

983 2344 1081 2391 exercet
1096 2359 1102 2389 ι
1118 2341 1163 2392 sed
1177 2341 1203 2390 in
1215 2340 1348 2405 prudentis
1360 2341 1429 2391 civili
1449 2342 1522 2392 aliter
1534 2356 1575 2392 res
1587 2356 1613 2392 se
1630 2341 1720 2392 habere
1730 2342 1767 2390 νί-

982 2429 1057 2480 (ίείιιι
1072 2446 1077 2478 ι
1098 2429 1216 2494 sophistae
1229 2429 1293 2479 enim
1310 2429 1453 2494 reipublicae
1463 2429 1618 2494 disciplinam
1633 2444 1660 2480 se
1672 2429 1770 2481 tradere

982 2517 1137 2584 profitentur,
1160 2518 1275 2582 quamvis
1297 2517 1392 2568 nullam
1412 2518 1555 2583 reipublicae
1570 2521 1665 2583 partem
1689 2519 1768 2569 susci·

982 2607 1060 2672 piant,
1075 2611 1101 2657 at
1114 2621 1199 2656 rerum
1210 2607 1321 2658 civitatis
1338 2607 1553 2658 administratores
1565 2611 1655 2670 gerunt
1667 2607 1770 2673 quidem

983 2697 1080 2761 negotia
1097 2695 1205 2761 publica,
1222 2695 1266 2746 sed
1283 2695 1346 2745 nihil
1360 2695 1469 2746 docent:
1486 2697 1645 2761 nequeenim
1656 2699 1767 2762 possunt.

1014 2788 1099 2850 Neque
1110 2785 1176 2834 enirn
1188 2785 1231 2834 ria
1242 2787 1267 2834 et
1281 2784 1375 2834 ratione
1388 2788 1413 2835 et
1432 2784 1499 2834 civili
1512 2785 1654 2849 prudentia,
1670 2785 1713 2836 sed
1725 2801 1770 2836 na·

983 2865 1058 2915 turali
1068 2865 1177 2929 quedam
1191 2863 1309 2914 facultate
1321 2868 1346 2914 et
1356 2864 1508 2929 experientia
1520 2864 1603 2928 potius
1616 2877 1692 2930 quam
1704 2879 1770 2916 men-

983 2946 1016 2994 tis
1026 2945 1159 3008 agitatione
1171 2943 1227 2995 freti
1244 2944 1291 2993 hec
1305 2948 1389 3006 agunt.
1404 2944 1471 2994 Nihil
1484 2948 1568 2994 autem
1588 2959 1660 3009 posse
1676 2960 1718 2996 eos
1738 2946 1770 2997 de

984 3025 1053 3074 cirili
1067 3023 1199 3090 prudentia
1216 3023 1313 3084 docere,
1329 3021 1489 3074 menifestum
1501 3027 1540 3074 est
1558 3025 1639 3089 :quia
1648 3025 1710 3074 nihil
1724 3027 1769 3075 aut

982 3105 1081 3164 docent,
1095 3108 1139 3154 eut
1155 3103 1267 3154 scribunt
1279 3107 1322 3154 aut
1342 3103 1429 3153 dicunt
1449 3102 1480 3152 de
1495 3103 1588 3153 talibus
1602 3103 1685 3162 rebus,
1701 3103 1769 3168 quod

981 3185 1066 3250 procul
1080 3183 1156 3234 dubio
1177 3181 1295 3242 facerent,
1313 3183 1335 3232 si
1348 3185 1448 3246 possent
1469 3195 1548 3231 :nam
1569 3182 1770 3233 honorificentius

981 3265 1031 3315 illis
1044 3267 1070 3314 et
1090 3261 1234 3326 praeclarius
1248 3261 1311 3312 foret
1327 3260 1389 3310 tales
1404 3273 1538 3318 sermones,
1553 3275 1630 3325 quam
1647 3261 1771 3310 orationes

978 3343 1109 3410 iudiciales
1127 3345 1171 3391 aut
1188 3341 1316 3390 conciones
1329 3340 1437 3390 scribere
1454 3357 1459 3388 :
1478 3344 1598 3404 praeterea
1611 3339 1676 3390 filios
1693 3341 1769 3391 etiam

146 3395 209 3466 ²065
222 3419 251 3456 i!
266 3395 311 3455 καί
328 3392 535 3472 δημηίθθῑκθύΓ
553 3392 639 3460 ἄλλως
660 3416 688 3451 ‘⁸
701 3391 746 3450 καί
769 3390 827 3458 τοὺς
842 3393 933 3474 ‘'im'‘
981 3439 1040 3474 suos
1056 3423 1166 3487 aliosque
1179 3437 1211 3472 ex
1228 3420 1314 3470 amicis
1325 3419 1358 3470 ad
1374 3420 1553 3484 rempublicam
1568 3420 1700 3484 gerendam
1723 3435 1766 3484 ap-

148 3509 208 3565 ρους
222 3483 292 3552 υἱοὺς
316 3481 464 3548 πολιτικούς
488 3481 614 3555 ἐποίησαν
639 3480 689 3558 άν,
717 3479 822 3553 ῆτινοις
841 3481 935 3550 ἄλλους

146 3578 200 3633 τῶν
222 3573 319 3654 φιλων,
338 3571 412 3650 εἴπερ
427 3568 564 3629 ἐδύναντο·
587 3573 619 3629 ού
631 3567 682 3650 γάρ
694 3568 800 3648 εὔλογον
821 3571 935 3647 δυναμί-

146 3685 205 3729 νους
219 3661 256 3737 μῆ
270 3665 380 3720 τοιαῦτα
394 3662 453 3725 τοὺς
464 3657 553 3738 φίλους
571 3657 616 3716 καὶ
634 3657 693 3724 τούς
709 3656 847 3738 φιλτάτους
862 3660 934 3738 εύερ·

146 3751 249 3830 γετεῖν·
263 3748 322 3809 οὔτε
336 3746 388 3829 γδιρ
409 3737 479 3826 εἶχον
502 3749 588 3820 μεῖζον
612 3745 776 3822 ἀγαθὸνκαὶ
792 3745 931 3827 συμφορόι-

146 3863 221 3919 τερον
236 3843 268 3917 τῆ
291 3837 367 3894 πόλει
388 3835 560 3906 καταλιπεῖν,
574 3833 592 3904 ῆ
618 3839 702 3892 ταῦτα
717 3833 931 3914 συγγραψάμενοι

147 3929 194 3987 καί
207 3924 371 3998 διδάξαντες,
395 3921 455 3982 οὔτε
470 3925 583 3992 ἑαυτοῖς,
607 3921 624 3992 θ,
648 3925 700 3989 τοῖς
721 3921 817 3994 υἱέσιν,
840 3921 857 3992 ῆ
881 3930 934 3990 τοῖς

147 4016 261 4095 ἑταίροις
284 4017 372 4091 μεῖζον
402 4010 434 4070 ἂν
460 4011 587 4081 ἐθέλησοιν
609 4012 723 4089 ἀγαθόν,
753 4014 798 4068 τοῦ
825 4033 933 4070 τοιαντα

147 4107 287 4164 δύνασθαι.
304 4101 425 4180 Φανερθν
438 4097 538 4170 τοίνυν,
556 4095 629 4178 εἴπερ
650 4097 772 4158 ἐδύναντο
801 4097 933 4158 διδάσκειν

147 4196 180 4254 air
195 4191 336 4265 πολιτικά,
350 4189 390 4249 ότι
402 4187 447 4248 καί
464 4185 646 4258 ἐόουλῆθησοιν
659 4185 708 4259 άν,
730 4185 775 4246 καί
789 4187 932 4247 ἐδίδασκον·

983 3507 1020 3553 tos
1036 3501 1170 3560 efficerent,
1186 3500 1207 3549 si
1220 3501 1338 3563 possent:
1359 3500 1516 3564 nequeenim
1533 3499 1659 3564 probabile
1672 3505 1697 3550 et
1711 3515 1770 3550 con-

981 3587 1126 3634 sentaneum
1137 3582 1184 3639 est,
1201 3579 1313 3629 homiues
1330 3579 1362 3629 ad
1374 3592 1427 3628 cam
1441 3593 1494 3628 rem
1510 3578 1610 3629 idoneos
1624 3581 1689 3630 nolle
1704 3581 1767 3630 ami·

982 3677 1024 3713 cos
1040 3674 1106 3718 snos,
1125 3659 1177 3708 imo
1189 3657 1359 3716 amicissimos,
1375 3657 1419 3706 tali
1432 3656 1530 3708 afficere
1553 3657 1671 3708 beneficio
1689 3677 1694 3708 :
1712 3671 1769 3709 raam

983 3757 1063 3808 neque
1074 3740 1155 3804 majus
1170 3742 1214 3789 aut
1230 3739 1317 3788 utilius
1331 3739 1423 3787 bonum
1435 3737 1531 3787 civitati
1550 3738 1690 3802 relinquere
1699 3743 1770 3803 pole-

985 3826 1049 3882 rant,
1061 3835 1138 3886 quam
1150 3819 1171 3870 si
1184 3818 1244 3868 talia
1254 3815 1436 3867 conscriberent
1449 3819 1474 3866 et
1485 3815 1610 3875 docerent,
1620 3829 1700 3881 neque
1711 3817 1768 3878 sibi,

985 3905 1028 3951 aul
1042 3900 1100 3950 filiis
1122 3899 1182 3954 suis,
1201 3900 1245 3946 aut
1259 3894 1424 3946 familiaribus
1438 3893 1576 3958 quidquam
1592 3894 1639 3943 hac
1651 3893 1770 3947 facultate

882 4016 899 4030 π
984 3979 1144 4044 prestantius
1160 3977 1277 4038 exoptare
1288 3975 1395 4037 possent.
1410 3969 1569 4021 Manifestum
1579 3971 1656 4036 igitur
1667 3979 1705 4023 est
1717 3989 1768 4034 eos,

982 4061 1004 4109 si
1017 4057 1159 4122 reipubliooe
1172 4052 1328 4117 disciplinam
1345 4049 1443 4100 tradere
1462 4055 1570 4115 possent,
1579 4043 1769 4105 'desideraturos

981 4155 1082 4207 quoque
1095 4138 1172 4189 fuisse
1186 4151 1240 4188 cam
1258 4135 1365 4194 tradere,
1378 4138 1403 4184 et
1418 4133 1575 4184 tradituros:
1592 4149 1670 4200 quum
1685 4140 1767 4187 aulem

982 4227 1099 4290 appareat
1109 4238 1151 4274 eos
1169 4237 1217 4272 non
1230 4223 1326 4280 docere,
1341 4219 1429 4283 liquet,
1440 4232 1521 4282 neque
1538 4218 1648 4282 potuisse
1666 4233 1709 4268 eos
1719 4219 1764 4269 do·

149 4281 209 4342 ἓπθί
220 4282 246 4341 d}
268 4281 297 4342 Οὐ
311 4277 448 4359 φαίνονταί
462 4275 641 4352 mammii
663 4275 791 4355 θανῑθόνι
814 4274 854 4334 ὅτι
876 4273 935 4334 ⁰5³⁶
982 4323 1046 4370 cere,
1061 4323 1141 4373 neque
1159 4309 1226 4372 ipsos
1236 4305 1277 4356 ria
1294 4307 1318 4354 et
1334 4303 1437 4363 ratione,
1452 4305 1496 4352 aut
1508 4301 1620 4360 scientia,
1637 4303 1679 4352 sed
1694 4317 1770 4368 expe-

149 4370 274 4430 ἕδῦίαίτθ
285 4367 432 4440 taleme,
448 4364 506 4425 ⁰51⁵
523 4365 597 4424 αὐτοὶ
613 4364 683 4446 λόγῳ
696 4366 746 4424 τινί
761 4365 795 4426 τὰ
810 4367 934 4426 imiimi&
982 4394 1071 4445 rientia
1084 4392 1161 4443 fretos
1186 4390 1285 4456 publica
1305 4388 1403 4452 negotia
1422 4400 1507 4449 gerere
1529 4402 1535 4434 z
1557 4401 1614 4436 nam
1633 4385 1770 4449 plurimum

149 4465 286 4530 πθῑθῧσῑνι
304 4457 322 4529 θ
346 4455 504 4534 tarasiae,
520 4452 589 4513 ἀλλὰ
611 4454 750 4536 ἐμπῑῑθίθ
773 4454 819 4514 καί
840 4457 891 4536 γὰρ
905 4456 935 4514 Οὐ
981 4479 1015 4530 ad
1033 4479 1156 4542 agendum
1177 4475 1271 4526 confert
1288 4472 1439 4539 experientia
1457 4489 1462 4519 ε
1482 4470 1606 4536 siquidem
1621 4484 1668 4519 usu
1686 4471 1768 4534 reipu-

151 4547 244 4628 μικρόν
266 4553 283 4619 ἡ
305 4545 428 4626 ἐμπειρία
455 4544 519 4626 πρὸς
539 4543 570 4602 τὸ
585 4543 709 4624 πράττειν
736 4541 935 4623 συμὸάλλεταῑ·
982 4561 1053 4613 blicaa
1072 4558 1184 4624 gerendae
1197 4561 1222 4608 εί
1234 4555 1412 4607 consuetudine
1427 4551 1540 4603 homines
1558 4550 1590 4602 ad
1608 4551 1704 4614 negotia
1722 4565 1770 4614 pu-

150 4638 267 4716 γίνονται
282 4637 332 4715 γάρ
348 4635 392 4694 διδ
403 4637 449 4706 τῆς
459 4636 597 4706 πολιτικῆς
612 4631 748 4706 συνηθείας
767 4636 866 4711 μᾶλλον
889 4657 936 4692 πο·
982 4647 1047 4696 blica
1061 4646 1169 4710 aptiores
1187 4643 1306 4694 evadunt.
1322 4639 1489 4700 Quamobrem
1506 4639 1550 4704 qui
1567 4637 1662 4702 aliquid
1676 4637 1708 4688 de
1728 4651 1767 4688 re-

150 4724 257 4786 λιτικοί.
274 4723 324 4785 Διθι
340 4729 416 4782 τοῦτο
428 4723 481 4789 τοῖς
499 4723 641 4803 ἐφιεμένοις
661 4721 722 4804 περί
739 4725 786 4794 τῆς
799 4725 936 4795 πολιτικῆς
982 4733 1081 4798 publica
1102 4729 1209 4795 gerenda
1232 4729 1295 4780 scire
1321 4728 1440 4791 cupiunt,
1468 4725 1500 4776 iis
1521 4726 1597 4774 etiam
1618 4723 1768 4788 experientia

153 4813 267 4886 εἰδέναι,
283 4813 329 4873 καί
344 4812 481 4892 ἐμπειρίας
497 4812 565 4881 τινὸς
579 4811 657 4892 χρεία
681 4813 726 4870 καὶ
745 4810 892 4883 συνηθείας.
983 4818 1066 4883 aliqua
1082 4820 1107 4868 et
1119 4815 1296 4866 consuetudine
1311 4827 1374 4878 opus
1389 4814 1436 4862 est.

193 4901 316 4964 *milei
325 4902 430 4962 adroldi
437 4904 461 4961 οἱ
474 4900 597 4984 σοφισταὶ
606 4900 738 4960 διδάσκειν
749 4900 796 4977 μὲν
805 4899 937 4977 ἐπαγγέλ-
1014 4906 1100 4956 Sedet
1112 4905 1157 4969 ipsi
1172 4903 1291 4968 sophistae
1305 4915 1384 4967 quum
1396 4897 1539 4963 reipublice
1550 4896 1704 4960 disciplinam
1715 4899 1766 4945 tra·

152 4994 243 5052 λονται
257 4991 304 5063 τὴν
320 4991 505 5069 νομοθετικῆν,
519 4989 670 5050 διδάσκουσι
685 4989 713 5050 δὲ
728 4987 800 5049 οὐδὲν
817 4990 933 5067 μᾶλλον,
983 4995 1042 5046 dere
1056 5010 1083 5046 se
1102 4994 1273 5059 profiteantur,
1293 4989 1356 5040 nihil
1377 4993 1459 5038 tamen
1484 4988 1582 5046 docent,
1602 4985 1645 5036 scd
1671 4988 1767 5034 mulum

157 5111 1764 5138 Μ

184 5197 196 5224 *
211 5199 261 5264 Ἆρ’
278 5197 320 5248 οὖν
332 5199 395 5263 μετὰ
407 5205 482 5250 τοῦτο
493 5197 653 5248 ἐπισκεπτέον
665 5199 718 5247 κτλ.
741 5224 772 5233 -
783 5195 812 5224 *⁴*
823 5196 856 5245 'll
876 5195 923 5260 οὐχ
935 5196 1020 5259 ὅμοιον
1032 5191 1142 5255 φαίνεται
1155 5192 1193 5241 ἐπί
1206 5197 1248 5250 τῆς
1264 5191 1405 5250 πολιτικῆς,
1417 5188 1468 5236 κτλ.
1483 5213 1514 5222 -
1531 5185 1571 5214 θ’*
1588 5186 1618 5236 Oi
1632 5185 1723 5244 δόξαιεν
1737 5185 1767 5234 ἄν

154 5269 253 5332 δυνάμει
265 5273 319 5320 κτλ.
333 5299 361 5310 -
373 5271 436 5300 *⁴⁸*
449 5273 506 5321 Τῶν
518 5271 543 5320 δὲ
561 5271 686 5334 σοφιστῶν
698 5272 721 5320 ot
734 5266 935 5332 ἐπαγγελλόμενοι
952 5267 1005 5316 λίαν
1019 5263 1147 5330 φαίνονται
1157 5263 1209 5312 κτλ.
1748 5261 1752 5270 ’
