4020 5950
238 391 278 453 ll!
917 385 968 446 nn
992 383 1169 447 PLATONE

237 523 267 586 in
279 520 413 598 Hymetto
429 517 649 597 posuisse,diis
664 519 809 574 montanis
820 517 904 588 Pani,
923 517 1013 594 Nym·
1062 517 1194 592 magistri
1226 516 1425 576 erudiverunt.
1457 515 1569 574 Etenim
1595 515 1704 599 litteras
1739 516 1846 576 didicit

237 613 339 690 piriset
352 609 482 686 Apollini
504 607 643 685 pastorali
663 625 719 684 pro
738 625 772 663 co
786 623 867 664 sacra
883 605 1015 664 tacturos.
1063 605 1139 683 apud
1161 605 1334 682 Dionysium
1355 605 1574 682 grammaticum
1598 605 1649 683 (7),
1667 605 1704 662 de
1728 627 1787 684 quo
1812 607 1845 664 in

237 695 280 754 lbi
300 713 391 772 puero
413 695 518 752 infanti
539 713 608 772 apes
631 693 662 752 in
688 693 804 753 labellis
826 695 1017 754 consedenrnt
1063 692 1214 752 ltiralibus
1233 694 1406 752 mentionem
1425 693 1512 767 lacit,
1533 706 1562 751 et
1575 693 1610 751 ad
1623 713 1730 772 corpus
1744 693 1846 752 labore

233 802 324 860 eaque
339 783 412 840 lavis
428 783 688 860 impleverunt,ut
712 783 796 840 iacile
815 783 958 860 suspicari
978 783 1016 840 ii·
1063 801 1096 840 ac
1120 782 1265 860 gymnicis
1295 781 1503 840 certaminibus
1531 782 1706 842 firmandum
1731 783 1847 842 Aristo·

233 873 312 927 ceret
342 869 481 942 singulari
515 868 599 926 illurn
627 871 766 928 orationis
790 871 933 928 suavitate
962 869 1017 927 ali·
1063 891 1128 928 nem
1151 873 1292 946 Argivum
1319 871 1505 950 palaestritam
1528 870 1677 930 doctorem
1699 869 1844 932 adhibuit.

233 956 351 1032 qnando
375 955 437 1014 sore
463 956 540 1014 haud
570 955 731 1016 absimilem
759 956 902 1029 Nestoris,
935 955 1018 1033 cujus
1064 958 1119 1017 liec
1139 958 1294 1018 defuerunt
1315 960 1367 1036 qui
1381 979 1447 1017 eum
1470 960 1593 1038 picturae
1615 977 1732 1037 quoque
1756 958 1846 1018 tuisse

233 1044 320 1100 etiam
335 1061 372 1104 ex
387 1043 487 1119 lingua
501 1045 587 1102 mellc
600 1044 713 1102 dulcior
729 1044 837 1103 fluebat
853 1045 946 1103 oratio
962 1043 1013 1122 (6).
1062 1045 1223 1104 studiosum
1233 1066 1266 1104 ac
1280 1060 1413 1124 poemata
1431 1048 1583 1125 scripsisse
1603 1047 1751 1105 memoriae
1767 1067 1846 1124 pro-

234 1132 441 1206 liuncautem,
462 1129 514 1188 ubi
529 1131 678 1202 adolevit,
699 1130 836 1190 omnibus
858 1131 1015 1200 doctrinis,
1062 1133 1177 1204 decent,
1192 1135 1290 1209 primo
1311 1133 1542 1210 dithyrambica,
1565 1135 1671 1192 deinde
1692 1135 1794 1192 melica
1812 1155 1846 1192 ac

234 1217 340 1294 quibus
372 1221 494 1296 puerilis
520 1233 587 1278 aetas
611 1219 755 1295 impertiri
777 1219 882 1298 debet,
914 1221 1017 1298 optimi
1066 1221 1181 1296 tragica.
1197 1221 1242 1278 Ad
1258 1221 1469 1279 conficiendum
1482 1233 1576 1279 alitem
1589 1221 1729 1280 doctrinm
1740 1221 1844 1280 orbem

233 1429 273 1478 τὸν
288 1429 419 1490 Πλάτωνα,
439 1433 491 1480 τότε
504 1432 563 1494 αὐτῇ
582 1433 595 1480 ti
613 1433 670 1495 ἀνὴρ
691 1434 833 1492 συνεγένετο.
848 1431 936 1481 sitiit&
953 1445 974 1482 S.
991 1445 1015 1480 V.
1061 1439 1202 1501 έγΎμητςῷ
1221 1445 1272 1496 ταῖς
1286 1441 1392 1497 Modum
1411 1445 1489 1500 ἢταῑς
1506 1442 1614 1503 Νύμφαις
1632 1443 1655 1490 ρ)
1670 1441 1712 1502 μὲν
1729 1443 1786 1504 πρὸς
1802 1443 1846 1498 τὴν

234 1499 333 1564 Πλάτων
356 1521 362 1550 ι
379 1503 499 1562 ίστόρηται
511 1503 549 1564 δέ,
566 1505 597 1558 ὼς
614 1503 641 1551 έκ
654 1519 714 1556 τινος
735 1502 795 1557 θείας
814 1501 892 1564 δψεως
912 1504 927 1559 ι)
941 1502 1018 1562 μήτηρ
1064 1501 1192 1564 ἱερουργίαν
1210 1502 1281 1561 ἦσαν,
1296 1505 1311 1560 ri
1327 1504 1352 1552 δέ
1368 1505 1488 1552 κατέκλινε
1505 1505 1621 1553 Πλάτωνα
1635 1503 1661 1552 έν
1674 1508 1725 1560 ταῖς
1745 1503 1845 1560 πλησίον

234 1565 361 1628 Πλάτωνος
378 1572 461 1634 έγκυος
474 1573 577 1633 ἐγένετο,
595 1572 742 1632 ἐπιφανέντος
760 1572 819 1632 αὐτῇ
836 1575 879 1619 τοῦ
895 1568 1016 1621 Ἀπόλλω·
1038 1594 1042 1608 ·
1064 1570 1195 1634 μυρρίναις,
1212 1572 1316 1629 δασείαις
1335 1571 1416 1629 οιίσαις
1432 1575 1473 1622 καί
1491 1579 1599 1630 πυκναῖς.
1613 1574 1754 1622 Παθειίδοντι
1773 1573 1799 1622 tt
1821 1573 1845 1621 t·

233 1655 279 1696 νος·
295 1645 335 1690 καὶ
345 1643 416 1698 ἡνίκα
425 1644 491 1692 irena
498 1645 538 1692 τὸν
551 1643 681 1700 Πλάτωνα,
691 1642 745 1692 τότε
757 1642 837 1704 αὐτῆό
850 1641 907 1702 ἀνὴρ
921 1643 1019 1704 συνεγέ-
1065 1639 1125 1702 σμδς
1134 1643 1252 1704 μελισσῶν
1264 1644 1390 1706 Ὑμηττίου
1402 1646 1491 1706 μέλιτος
1501 1646 1525 1694 έν
1536 1650 1584 1700 τοῖς
1591 1644 1692 1708 χείλεσιν
1701 1645 1773 1694 αὐτοῦ
1780 1644 1845 1692 καθί-

233 1727 295 1760 νειο.
306 1711 495 1774 olympiodorus
508 1711 551 1760 rit.
563 1711 624 1760 Plat.
634 1714 703 1774 φασίν
713 1711 754 1760 οὖν
764 1712 800 1760 δτι
807 1712 889 1774 φάσμα
900 1711 1017 1762 Ἀπολλω-
1064 1729 1137 1765 σασαι
1150 1716 1248 1777 ίιπῆδον,
1261 1717 1303 1774 τῆν
1316 1720 1359 1765 τοῦ
1380 1715 1505 1770 Πλάτωνος
1517 1715 1658 1778 εῖιγλιοττίαν
1675 1715 1844 1780 μαντευάμιναι

234 1780 445 1850 νικδνσυνεγένιτο
460 1779 940 1843 τῆμητρὶαύτοῡτῆΠερικτιάνη,κοιίέν
954 1781 1018 1827 νυκτί
1063 1787 1173 1834 ἐντεῦθεν,
1207 1811 1227 1822 -
1246 1788 1277 1845 (7)
1298 1785 1419 1846 Diogenes
1433 1786 1544 1838 Laenirts
1562 1789 1612 1850 111,
1628 1790 1643 1835 ά
1661 1789 1703 1838 καί
1721 1787 1844 1845 ἐπαιδεύθη

233 1851 302 1910 φανέν
312 1855 344 1912 τῷ
352 1852 468 1913 Ἀρίστωνι
480 1853 601 1900 ἐκέλευσεν
608 1853 671 1914 αὐτῷ
680 1853 713 1914 μῆ
721 1852 828 1913 μιγνύναι
835 1855 863 1912 τῆ
876 1849 1015 1912 Περικτιόνη
1064 1856 1105 1917 μέν
1118 1856 1243 1918 γράμματα
1260 1857 1325 1920 παρά
1335 1857 1469 1920 Διοκοσίιρ,
1487 1857 1515 1906 οδ
1532 1858 1574 1906 καὶ
1593 1857 1730 1920 μνημονεύει
1749 1857 1774 1908 έν
1795 1863 1844 1914 τοῖς

235 1919 303 1981 pepi
318 1926 360 1970 τοῦ
376 1921 461 1983 κρόνου
477 1927 517 1978 τῆς
530 1920 664 1974 &natitent
677 1921 736 1984 (leg-
752 1921 880 1976 θτοτίίτῑυτ
890 1921 907 1979 i·
920 1918 1016 1968 Plutar·
1064 1929 1231 1988 Ἀντερασταῖς·
1252 1925 1400 1990 ἐγυμνάσατο
1416 1927 1441 1975 ot
1458 1927 1522 1990 παρὰ
1546 1925 1664 1989 Ἀρίστωνι
1679 1932 1715 1990 τῷ
1732 1927 1844 1992 Ἀργείῳ,

234 1987 296 2038 citus
308 1990 439 2040 Convival.
453 1991 550 2052 Dispul.
564 1989 606 2040 lib.
621 1992 686 2042 vni.
704 1991 800 2046 Quaesl.
814 1993 826 2039 l
844 2001 896 2052 0³1)-
909 1994 949 2040 ²·3
963 1990 1017 2038 V⁰l·
1063 1997 1186 2058 παλαιστῇ·
1202 1993 1241 2058 ἀφ’
1255 1994 1284 2044 οὗ
1293 1996 1334 2045 καί
1343 1995 1443 2046 Πλάτων
1457 1996 1496 2045 διὰ
1508 1997 1550 2054 τὴν
1564 1997 1650 2052 εὐεξίαν
1664 1996 1844 2060 μετωνομάσθη,

234 2060 418 2122 tipasam.
433 2062 536 2110 liutten.
555 2061 592 2110 διδ
609 2060 663 2117 τοὺς
683 2059 813 2110 Ἀπόλλωνι
833 2061 874 2118 τῆν
895 2061 1019 2117 Πλάτωνος
1063 2064 1171 2129 πρότερον
1190 2064 1337 2128 Ἀριστοκλῆς
1351 2065 1399 2116 ἀπδ
1423 2069 1466 2116 τοῦ
1481 2065 1580 2116 πάππου
1596 2066 1737 2128 καλούμενος
1753 2066 1844 2129 ὄνομα,

234 2130 348 2180 τέκνωσιν
362 2134 510 2188 ἀνατιθέντας
524 2133 567 2181 οὐκ
577 2133 606 2181 ἀν
617 2131 685 2192 οἶμαί
696 2149 748 2180 τινα
765 2133 835 2195 φάναι
850 2130 1019 2194 καταισχύνειν
1063 2135 1123 2182 καθά
1138 2150 1208 2198 φησιν
1224 2131 1372 2197 Ἀλέξανδρος
1381 2135 1405 2185 tt
1419 2134 1548 2197 διαδοχαῖς.
1562 2135 1636 2184 Ἔνιοι
1646 2136 1670 2184 tt
1679 2137 1718 2185 διὰ
1729 2136 1771 2194 τῆν
1787 2137 1845 2186 πλα·

234 2205 352 2264 τὸνθεόν,
366 2206 405 2254 ἐπὶ
426 2205 520 2266 μείζονα
538 2205 601 2260 πάθη
613 2207 653 2254 καί
671 2206 797 2266 νοσήματα
811 2208 895 2252 τοῦτον
908 2205 966 2264 ἡμῖν
980 2204 1018 2252 διὰ
1063 2205 1150 2260 τότητα
1159 2208 1200 2261 τῆς
1215 2203 1336 2266 ἑρμηνείας
1350 2203 1424 2260 οὕτως
1440 2202 1615 2266 ὀνομασθῆναι,
1633 2207 1648 2264 ῆ
1663 2207 1699 2255 δτι
1712 2206 1800 2262 πλατὺς
1816 2213 1846 2264 ῆν

234 2275 372 2337 Σωκράτους
384 2273 478 2336 ίατρόν,
490 2274 571 2336 ὥσπερ
589 2275 671 2338 έτέρου
683 2273 813 2336 Χείρωνος,
823 2273 1017 2334 ἀπειργασμένον,
1063 2276 1091 2324 τὸ
1106 2273 1231 2336 μέτωπον,
1242 2274 1274 2330 ὥς
1285 2291 1341 2336 φησι
1353 2274 1465 2331 Νεάνθης.
1478 2275 1533 2324 Εἰσί
1545 2275 1565 2324 δ’
1577 2276 1599 2324 oi
1613 2277 1653 2324 καί
1671 2275 1788 2325 παλαῖσαί
1801 2293 1840 2338 φαι

234 2347 493 2408 ἀμαδέτῆςλεγομένης
504 2343 678 2408 Ἀρίστωνι,τῷ
692 2343 1020 2405 Ιίλάτωνοςπατρί,γινέσθαι
1063 2361 1101 2394 σιν
1121 2344 1191 2394 αδτδν
1212 2344 1319 2406 Ἰσθμοῖ,
1342 2345 1403 2393 καθὰ
1424 2348 1464 2395 καί
1483 2345 1625 2408 Δικαίαρχος
1645 2347 1669 2395 έν
1687 2347 1775 2410 πρώτῳ
1791 2349 1845 2411 περὶ

233 2416 286 2466 καθ’
295 2416 367 2464 ὕπνον
377 2415 455 2476 ὄψεως
466 2417 507 2464 καί
518 2419 594 2479 φωνῆς
604 2415 806 2479 ἀπαγορευούσης,
820 2415 853 2478 μή
867 2415 1018 2477 συγγενέσθαι
1064 2414 1132 2477 βίων,
1148 2416 1190 2464 καί
1210 2421 1321 2478 γραφικῆς
1343 2416 1521 2479 έπιμιληθῆνατ,
1540 2417 1581 2464 καὶ
1604 2417 1723 2477 ποιήματα
1741 2417 1845 2480 γράψαι,

234 2495 263 2549 τη
271 2487 373 2548 γυναικί,
388 2487 446 2550 μηδὲ
455 2487 561 2548 ἅψασθαι
573 2485 631 2536 δέκα
645 2489 740 2548 μηνῶν,
751 2484 934 2548 ἐμνημόνευσεν,
948 2485 1019 2535 Ὑπσ·
1064 2491 1156 2548 πρῶτον
1171 2485 1213 2546 μέν
1224 2485 1394 2550 asumpserit,
1412 2487 1494 2538 ίπειτα
1512 2487 1554 2536 καί
1573 2486 1631 2548 μςλη
1645 2488 1685 2536 καί
1704 2487 1844 2550 τραγῳδίας.

234 2557 313 2606 λαθὼν
326 2557 351 2605 δέ
363 2557 480 2618 Τυνδάρης
496 2559 509 2604 d
525 2557 723 2629 Λακεδαιμόνιος,
737 2555 812 2610 Ἆξιον
826 2557 868 2616 μίν
879 2557 952 2616 έστιν,
966 2556 1018 2618 έφη,
1065 2554 1132 2606 Plato
1146 2555 1216 2606 initio
1226 2551 1315 2619 dialogi
1331 2557 1373 2618 qui
1392 2556 1536 2606 inscribitur
1545 2556 1657 2618 Ἐρασταί
1673 2555 1708 2605 αἰί
1721 2576 1728 2605 ι
1742 2559 1775 2613 τίς
1787 2563 1844 2607 Διο-

233 2629 286 2690 περί
304 2627 427 2683 Πλάτωνος
442 2628 506 2690 ᾄδειν
520 2629 561 2675 καί
574 2627 648 2686 λέγειν
666 2627 702 2676 τό·
728 2651 759 2661 -
775 2625 828 2674 otti
843 2626 913 2687 ἐῴκει
928 2625 1020 2688 Ἀνδρός
1063 2627 1144 2676 νυσίου
1171 2631 1213 2676 τοῖν
1237 2631 1400 2688 γραμματικοῦ
1428 2626 1475 2690 (ai.
1505 2625 1702 2689 γραμματιστοῦ)
1727 2628 1844 2687 εἰσῆλθον.

233 2715 259 2759 γε
268 2701 356 2756 θνητοῦ
369 2703 423 2752 παῖς
442 2697 553 2758 ἔμμεναι,
566 2696 626 2744 ἀλλὰ
643 2697 714 2745 θεοῖο.
732 2695 849 2758 Origenes
862 2700 948 2746 eontra
963 2698 1019 2748 (iel-
1064 2697 1254 2760 olympiodorus
1267 2695 1312 2745 vit.
1327 2695 1388 2746 etat.
1400 2698 1424 2746 έν
1435 2696 1516 2762 ῆλικίφ
1528 2696 1553 2746 tt
1563 2695 1685 2759 paripate<
1697 2703 1789 2760 πρῶτον
1802 2698 1845 2762 μέν

234 2785 289 2822 sum
302 2772 466 2824 tibroloittt
486 2770 505 2820 δ’
520 2773 608 2820 ἄτοπον
626 2773 684 2833 πρδς
698 2771 815 2826 Ἕλληνας
833 2773 873 2820 καί
887 2774 1019 2831 έλληνικαῖς
1068 2768 1177 2830 lavim!
1193 2766 1310 2829 Ᾱῑθθθῦίῳ
1326 2771 1361 2827 τῷ
1382 2771 1547 2830 ῖθθίέίῑαῖῑθῖθ
1562 2763 1619 2829 apt<
1639 2764 1739 2829 pilam
1758 2775 1844 2818 mittit

234 2844 346 2906 ἱστορίαις
360 2843 507 2904 χρήσασθαι,
522 2842 561 2890 ίνα
581 2843 612 2903 μὴ
633 2841 740 2902 δοκῶμεν
762 2841 828 2902 μόνοι
848 2847 876 2904 τῇ
897 2842 1020 2906 παραδόξῳ
1064 2837 1222 2900 γραμμάτων,
1236 2834 1264 2884 σθ
1276 2837 1317 2884 καὶ
1328 2837 1353 2886 έν
1367 2835 1492 2900 Ἐρασταῖς
1508 2839 1638 2900 μέμνηται,
1655 2837 1694 2885 ίνα
1707 2838 1767 2902 μήτε
1780 2837 1844 2904 (leg.

234 2915 327 2978 ίστορίφ
349 2912 423 2974 ταύτῃ
446 2913 574 2974 κεχρῆσθαι
601 2911 682 2967 Ἔδοξε
703 2911 750 2974 γάρ
770 2928 844 2970 τισιν,
864 2912 891 2960 οὐ
905 2913 957 2974 περὶ
977 2914 1019 2975 ἀφ·
1065 2905 1457 2969 ιιηδέ)Διονιίσιος,δδιδάσκαλσς,
1465 2909 1559 2971 ἀμοιρος
1568 2908 1604 2966 είη
1612 2913 1650 2966 τῆς
1664 2910 1727 2972 παρὰ
1736 2909 1845 2960 Πλάτωνι

235 2985 310 3048 γαίων
325 2988 394 3032 τινῶν
408 2985 521 3044 ῖστοριῶν
535 2984 576 3030 καί
596 2985 720 3044 ἡρωϊκῶν,
739 2981 855 3031 ἀλλὰκαὶ
880 2983 931 3050 περί
949 2999 1020 3032 τινων
1065 2979 1163 3040 μνήμης.
1177 2978 1235 3026 Εἶτα
1244 2975 1292 3039 μετ’
1302 2977 1389 3026 ἐκεῖνον
1398 2983 1519 3041 γυμναστῇ
1534 2978 1845 3044 μθνίχρὴσατοδιδασκιίλῳ

234 3057 288 3118 χθές
307 3055 348 3104 καί
369 3055 450 3116 πρώην
476 3055 637 3116 γεγενημένων
661 3053 795 3115 ἀναγράψαι
815 3054 847 3108 ὡς
868 3053 965 3102 δυνατὸν
983 3054 1019 3103 δτι
1068 3049 1187 3112 Ἀρίστωνι
1200 3053 1235 3110 τῷ
1247 3045 1353 3112 Ἀργείῳ,
1370 3047 1669 3108 ίιφ·οδκαὶΠλοἰτων,ῶς
1684 3065 1752 3110 φασι,
1768 3067 1845 3112 paru·

234 3129 275 3176 καί
290 3125 389 3176 Πλάτων
409 3126 457 3175 ἀπὸ
474 3129 514 3181 τῆς
532 3125 693 3186 Ἀμφικτιόνης
718 3123 778 3186 (lug.
804 3121 969 3186 Περικτιόνης)
983 3127 1021 3184 γέ·
1064 3120 1184 3183 νομάοθη,
1198 3119 1308 3182 πρότερον
1329 3119 1479 3182 Ἀριστοκλῆς
1497 3119 1619 3186 λεγόμενος
1635 3122 1670 3184 τῷ
1682 3125 1725 3169 τοῦ
1744 3122 1845 3172 πάππου

235 3211 304 3259 γονε,
317 3196 461 3250 κωλυθέντες
479 3197 521 3243 τοῦ
533 3192 672 3256 Ἀρίστωνος
688 3194 747 3256 αιίτῆ
761 3195 891 3252 συνελθεῖν,
903 3195 950 3250 έως
961 3196 1019 3246 ἀπο-
1065 3191 1170 3253 όνόματι,
1185 3189 1286 3248 Ἐκλήθη
1300 3190 1321 3239 δ’
1337 3191 1410 3246 οίίτως
1431 3191 1509 3240 διὰτὸ
1530 3191 1572 3240 δύο
1587 3191 1663 3254 μόρια
1678 3195 1721 3240 τοῦ
1736 3193 1845 3254 σώματος

236 3269 320 3324 κνήστι
337 3268 377 3316 τὸν
390 3267 413 3322 έξ
436 3265 580 3320 Ἀπόλλωνος
594 3265 720 3327 σπαρέντα.
735 3263 803 3316 Ἀλλὰ
815 3267 890 3312 ταῦτα
906 3264 948 3324 μέν
963 3265 1018 3325 άλη-
1065 3264 1128 3326 ίχειν
1148 3259 1298 3322 πλατύτατα,
1312 3259 1379 3310 τότε
1398 3262 1493 3324 στέρνον
1507 3262 1548 3310 καί
1560 3262 1589 3310 τδ
1604 3261 1728 3322 μέτωπον,
1751 3265 1783 3318 ὡς
1802 3263 1845 3322 δη-

237 3339 282 3392 θῶς
292 3337 360 3398 μῦθοι
371 3373 377 3395 ,
390 3335 526 3392 κινήσαντες
538 3335 570 3390 είς
583 3333 611 3382 τδ
622 3333 755 3383 ἀναπλάσαι
766 3333 859 3384 rotomo·
874 3349 897 3381 τι
913 3335 964 3395 περί
977 3335 1017 3384 ἀν·
1066 3336 1134 3383 λοῡσι
1147 3335 1269 3393 πανταχοῦ
1283 3333 1307 3378 ol
1321 3331 1470 3393 ἀνακείμεναι
1481 3331 1555 3380 αὑτοῦ
1571 3332 1673 3391 είκόνες,
1689 3333 1752 3382 airu
1767 3333 1844 3394 φαινί-

236 3406 331 3468 δρός,ῆφ
341 3406 444 3467 ἐνόμιζον
456 3405 550 3466 patiam
559 3408 606 3453 τῶν
616 3405 709 3454 πολλῶν
718 3403 803 3466 έχοντα
812 3402 895 3466 σοφίαν
906 3405 945 3452 καί
953 3405 1020 3454 δύνα-
1065 3421 1140 3468 μιναι,
1156 3401 1234 3454 Ἄλλοι
1246 3402 1273 3452 δέ
1285 3417 1342 3464 φασι
1357 3403 1390 3463 μι)
1406 3401 1445 3451 διὰ
1456 3407 1526 3450 τοῦτο
1538 3403 1741 3464 μετονομασθῆναι
1758 3403 1841 3464 αὐτόν,

237 3477 335 3542 μιν,καί
352 3474 399 3524 ἀπὸ
406 3473 544 3538 κρειττόνων
555 3475 596 3522 καί
607 3475 728 3536 θειαιέρων
737 3471 878 3536 σπερμάτων
890 3475 932 3531 τὴν
946 3474 1020 3540 ἀρχὴν
1064 3475 1124 3524 ἀλλὰ
1136 3472 1175 3522 διὰ
1187 3473 1216 3522 τδ
1229 3470 1317 3530 πλατύ,
1332 3471 1373 3519 καί
1384 3471 1527 3536 κεχυμένον,
1541 3472 1582 3520 καὶ
1598 3470 1793 3532 ἀναπεπταμένον
1801 3477 1844 3520 τοῦ

236 3548 277 3602 τῆς
292 3545 596 3606 ονστάσεωςτοῦσώματος
607 3544 737 3606 είληφέναι,
750 3544 852 3599 ὡςτοίιθ*
860 3545 959 3606 ἁρμόζον
970 3553 1017 3604 τοῖς
1064 3545 1216 3606 ἀνακειμένου
1239 3547 1392 3606 χαρακτῆρος·
1418 3541 1522 3604 καθάπερ
1540 3542 1598 3600 φασί
1624 3543 1665 3591 καί
1695 3542 1843 3608 θεόφραστον

237 3613 1020 3684 pelicanimrttnmamndemttnrovlariomanitarum,
1064 3615 1127 3666 οὕτω
1144 3614 1344 3675 μετονομασθῆναι
1361 3613 1400 3661 διὰ
1418 3613 1445 3662 τό
1460 3615 1520 3661 θεῖον
1534 3617 1574 3671 τῆς
1594 3611 1713 3674 φράσεως,
1734 3614 1844 3678 πρότερον

235 3687 272 3738 δτι
280 3685 333 3748 πιρ)
345 3683 517 3746 μθνΠλάτωνος
529 3683 695 3748 Ἀρίστανδρος,
704 3684 779 3744 οἶμαι,
790 3683 928 3748 ἀνέγραψεν,
939 3687 1021 3741 ῶςούκ
1064 3685 1186 3749 Τύρταμον
1209 3682 1343 3744 λαγάμινον.
1369 3681 1485 3744 Apuleius
1509 3681 1588 3731 doctr.
1616 3681 1676 3732 Plat.
1700 3683 1754 3733 init.
1770 3673 1845 3733 'tiam

237 3755 373 3818 Ἀρίστωνος
382 3757 447 3812 atat,
459 3755 517 3802 αλλὰ
534 3755 655 3814 φάσματος
667 3754 691 3802 έν
705 3753 849 3809 Ἀπόλλωνος
860 3754 1020 3816 τιθειπροσελ·
1064 3753 1213 3819 speusippus
1230 3751 1372 3802 domesticis
1386 3751 1521 3802 instructus
1538 3753 1692 3802 documentis
1706 3754 1777 3816 pueri
1790 3754 1843 3818 ejus

237 3826 315 3880 θόντος
325 3829 353 3888 τῇ
362 3823 572 3888 Appianarum.
584 3824 741 3886 Περικτιόνη).
753 3824 872 3874 ίίαίσίλλοι
881 3825 907 3872 tt
919 3825 1020 3882 πλείονες
1064 3829 1120 3874 atri
1132 3823 1158 3873 in
1173 3821 1328 3886 percipiendo
1342 3821 1466 3885 ingenium
1485 3827 1511 3872 et
1525 3823 1676 3874 admirandae
1689 3825 1844 3875 verecundia]

235 3901 282 3944 τῶν
292 3896 450 3946 Πλατωνικῶν
459 3895 482 3943 έν
492 3900 519 3955 τῆ
531 3893 656 3950 Πλάτωνος
667 3897 734 3957 βιοτῆ
746 3893 812 3942 ταῦτ’
824 3893 941 3955 εἰρήκασι.
956 3899 1021 3958 Apu·
1063 3894 1170 3944 indolem
1189 3893 1288 3954 iaudat,
1307 3895 1333 3942 et
1353 3893 1509 3956 pubescentis
1531 3893 1651 3956 primitias
1667 3895 1751 3945 labora
1771 3899 1845 3958 atqua

235 3964 298 4027 letus
307 3965 386 4017 (iactr.
398 3963 461 4012 Pisi,
472 3963 525 4012 init.
536 3966 598 4012 Sunt
611 3964 654 4027 qui
668 3963 794 4013 Platonem
806 3963 949 4023 augustiore
958 3977 1019 4012 con-
1063 3977 1147 4016 amore
1160 3962 1275 4016 studendi
1294 3962 1403 4012 iiututas
1414 3964 1496 4024 retert,
1511 3967 1537 4014 et
1550 3963 1576 4013 in
1589 3964 1643 4013 vtro
1653 3965 1743 4014 haram
1762 3965 1842 4016 incre-

237 4037 311 4096 ceptu
324 4033 451 4096 prosatum
464 4031 561 4092 dicant,
576 4046 654 4095 qrrum
668 4032 783 4096 quaedam
797 4032 915 4096 Apollinis
929 4033 1019 4096 figura·
1063 4038 1146 4085 menta
1160 4033 1281 4083 virtutum
1299 4036 1326 4082 et
1342 4035 1479 4082 ceterarum
1506 4033 1647 4084 convenisse
1666 4037 1778 4085 testatur.
1792 4038 1844 4085 Do-

237 4105 273 4153 tio
288 4101 434 4152 Perictionae
458 4115 485 4150 se
503 4102 650 4154 miscuisset.
674 4105 759 4154 nausa
781 4103 871 4161 edam,
888 4103 931 4165 qui
955 4105 1020 4168 apud
1063 4109 1155 4154 ctorem
1165 4102 1282 4152 habuitin
1295 4101 1373 4164 prima
1384 4102 1523 4153 litteratura
1536 4104 1686 4167 Dionysium,
1697 4107 1723 4154 at
1734 4104 1760 4153 in
1770 4105 1844 4168 palut-

241 4174 332 4226 Atticos
345 4171 489 4235 Titurgelion
504 4173 602 4234 dicitur,
619 4179 692 4225 natus
702 4177 754 4234 cst,
771 4173 811 4224 die
822 4187 872 4236 qua
891 4173 956 4237 apud
969 4178 1019 4230 ite-
1064 4177 1115 4224 stra
1135 4173 1285 4232 Aristonem,
1299 4171 1368 4234 Argis
1390 4173 1530 4223 oriundum.
1548 4177 1686 4239 'tantosque
1701 4187 1844 4238 progressus

161 4307 163 4312 ,
237 4244 278 4294 lon
291 4247 383 4294 Latona
391 4242 469 4292 tertur
482 4244 619 4308 Apollinem
628 4247 779 4308 Dianamque
789 4245 918 4309 peperisse.
931 4247 1020 4296 Hiero·
1063 4243 1207 4294 exercitatio
1218 4241 1322 4292 contulit
1333 4241 1368 4302 ei,
1383 4244 1411 4292 ut
1423 4244 1513 4306 Pythia
1521 4247 1547 4294 ct
1555 4245 1659 4296 isthmia
1670 4243 1700 4295 de
1713 4245 1779 4295 lucta
1788 4259 1841 4296 eer-

237 4326 329 4376 nymns
339 4313 397 4362 adv.
412 4311 533 4364 torinian.
550 4313 593 4366 lib.
608 4317 621 4366 Ι
635 4327 641 4358 =
655 4314 821 4380 Speusippus,
834 4315 926 4365 sororis
939 4316 1020 4366 Plato·
1063 4316 1161 4366 laverit
1179 4314 1285 4364 Pictura
1297 4327 1346 4361 non
1365 4319 1510 4376 aspernatus
1531 4318 1608 4365 artem
1629 4315 1756 4379 tragtadiia
1768 4321 1794 4366 at
1804 4317 1844 4366 di-

238 4386 276 4436 nis
289 4384 366 4450 lilius,
377 4385 403 4433 ct
413 4382 547 4434 clearchus
558 4387 584 4437 et
592 4385 732 4438 Anaxilides
745 4385 906 4447 Perictioncn,
917 4388 1020 4436 matrem
1064 4385 1199 4452 thyramltis
1219 4398 1246 4434 se
1257 4383 1342 4436 utilem
1355 4383 1433 4434 tinxit.
1448 4387 1554 4450 tamquo
1568 4388 1704 4438 carminum
1722 4388 1844 4439 confiden-
1858 4421 1859 4424 =

238 4454 363 4513 Platonis,
385 4454 554 4517 phantasmate
580 4457 697 4520 aponum
718 4469 859 4520 oppressam
881 4457 977 4518 terum,
996 4461 1020 4506 et
1063 4459 1098 4506 tia
1109 4457 1189 4506 elatus
1198 4457 1346 4505 certatorem
1359 4467 1386 4504 se
1397 4453 1507 4518 protiterl
1524 4456 1649 4520 cupiebat,
1668 4457 1715 4507 nisi
1733 4459 1844 4510 socrates

238 4523 364 4590 sapientias
378 4525 512 4590 principem
533 4539 581 4576 non
599 4526 670 4577 aliter
681 4527 832 4578 arbitrantur
842 4526 889 4576 nisi
905 4525 937 4575 de
948 4531 1020 4590 partu
1064 4524 1393 4588 humilitatemcupidiuiscx
1403 4526 1454 4588 ejus
1464 4526 1844 4591 mentibuscxpuliaset,etrerm

239 4594 339 4660 virginis
350 4595 451 4648 aditum.
466 4621 498 4632 -
508 4597 544 4660 (ο)
555 4597 746 4661 olympiodorus
756 4598 799 4648 rit.
810 4597 874 4648 Plat.
887 4597 1020 4657 Καῖγεννη-
1064 4597 1143 4647 laudis
1155 4596 1288 4660 gloriamur
1303 4595 1355 4660 ejus
1368 4596 1478 4646 animum
1488 4597 1596 4651 inserere
1604 4601 1722 4649 curasset.
1736 4599 1844 4650 AEfianua

238 4669 307 4718 θέντα
312 4666 352 4714 τόν
360 4665 477 4718 Πλάτωνα
484 4667 591 4724 λαδόντες
600 4669 622 4718 ol
629 4675 718 4730 γονεῖς,
729 4669 809 4731 βρέφος
819 4665 884 4728 δντα,
891 4667 1021 4717 τεθείκασιν
1064 4681 1116 4719 var.
1124 4667 1186 4720 tutat.
1202 4665 1245 4717 lib.
1259 4666 1284 4716 11
1297 4679 1350 4730 cap.
1369 4671 1398 4717 ³0
1411 4667 1512 4718 Πλάτων
1528 4670 1541 4717 δ
1560 4667 1698 4732 Ἀρίστωνος
1718 4669 1748 4718 τὰ
1760 4675 1843 4733 πρῶτα

237 4738 261 4786 έν
268 4741 303 4799 τῷ
311 4737 429 4800 Ὑμηττῷ,
439 4737 575 4799 βουλόμενοι
581 4738 640 4801 θπέρ
647 4741 719 4788 αὺτοῦ
726 4745 774 4794 τοῖς
784 4739 832 4786 ἐκεῖ
837 4740 905 4798 θεοῖς,
911 4737 973 4786 Πανὶ
979 4740 1020 4786 καί
1065 4737 1103 4787 έπί
1114 4737 1238 4796 ποιητικὴν
1247 4737 1344 4800 ὥρμησε
1354 4740 1395 4787 καὶ
1409 4739 1501 4800 ῆρωικὰ
1518 4739 1603 4801 ίγραφε
1620 4741 1702 4802 μέτρα
1714 4740 1765 4788 εἶτα
1783 4739 1843 4789 αὐτὰ

240 4809 346 4874 Νύμφαις
355 4809 394 4856 καὶ
406 4808 531 4858 Ἀπόλλωνι
541 4810 624 4874 ίίομίῳ
636 4812 713 4858 θῦσαι·
727 4809 767 4857 καὶ
777 4807 885 4870 κειμένου
894 4807 974 4868 αὐτοῦ,
982 4811 1021 4870 μέ·
1064 4811 1223 4872 κατέπρησεν,
1240 4810 1354 4874 ὑπεριδὼν
1367 4810 1457 4870 αὐτῶν,
1471 4810 1522 4859 anat
1538 4815 1586 4866 τοῖς
1596 4811 1701 4874 Ὀμήρου
1711 4811 1772 4859 αὐτὰ
1781 4809 1842 4860 ἀντι-

241 4877 315 4926 λιτται
328 4879 498 4940 προσελθοῦσαι
513 4879 695 4939 πεπληρώκασιν
714 4877 785 4926 αὐτοῦ
798 4879 825 4926 τὸ
845 4876 922 4938 στόμα
934 4879 1020 4940 κηρίων
1065 4881 1147 4944 κρίνων
1156 4880 1218 4943 sapa
1230 4879 1292 4930 κατὰ
1305 4881 1365 4930 πολὺ
1377 4881 1511 4943 ῆττώμενα.
1525 4879 1637 4930 Ἐπέθετο
1650 4879 1692 4932 οὖν
1704 4879 1842 4946 τραγῳδία,

239 4947 375 5007 μέλιτσςίνα
388 4947 469 5008 ἀληθὲς
482 4949 535 5014 περὶ
551 4949 623 4996 αὐτοῦ
632 4950 735 5008 γένηται·
748 4952 790 4995 τοῦ
800 4948 841 4996 καὶ
853 4947 900 4996 ἀπδ
911 4948 1020 5010 γλώσσης
1063 4953 1103 5001 καὶ
1122 4953 1150 5008 tt
1170 4953 1210 5001 καὶ
1231 4951 1379 5013 τετραλογίαν
1394 4951 1535 5014 εἰργάσατο,
1556 4953 1597 5010 καί
1616 4951 1710 5012 έμελλεν
1732 4951 1844 5013 ἀγωνιεῖ-

241 5020 332 5077 ίεέλιτῦτ
345 5018 447 5077 γλυκίων
457 5021 508 5086 ῥέεν
520 5018 588 5076 αὐδή.
601 5019 676 5066 taret
685 5019 709 5068 tt
723 5018 793 5067 αὑτὸν
804 5017 916 5066 πάντοθεν
925 5019 965 5073 καί
972 5023 1020 5074 τοῖς
1063 5026 1127 5082 σθαι,
1138 5021 1190 5077 δοδς
1203 5022 1308 5080 ritaret<
1321 5023 1458 5084 ὑποκριταῖς
1471 5023 1502 5074 τά
1513 5023 1643 5085 ποιήματα.
1659 5022 1710 5085 Πρδ
1725 5027 1772 5070 τῶν
1788 5027 1843 5071 Διο-

239 5087 332 5143 κύκνοις
341 5090 477 5151 ὁμόδουλον,
486 5091 548 5146 ῶςέξ
555 5088 694 5145 Ἀπόλλωνος
703 5090 829 5152 προελθών
839 5091 1021 5140 Ἀπολλωνιακδν
1063 5093 1149 5144 νυσίων
1162 5092 1188 5141 δὲ
1198 5093 1319 5155 παρελθὼν
1332 5093 1421 5151 ἢκουσε
1441 5093 1593 5158 Σωκράτους,
1607 5095 1648 5142 καί
1668 5094 1732 5151 ἀπαξ
1746 5093 1843 5155 alpaidi

240 5159 284 5220 γὰρ
294 5158 321 5206 τὸ
332 5157 418 5218 δρνιον.
431 5159 541 5210 AEliauua
551 5171 603 5208 var.
616 5157 674 5208 bist.
688 5160 716 5220 il,
737 5165 763 5208 21
778 5161 814 5208 δτι
830 5159 870 5209 τδν
881 5158 1020 5219 Πλάτωναῆ
1062 5163 1109 5212 int
1120 5167 1160 5221 τῆς
1173 5159 1262 5214 έκείνου
1273 5165 1388 5226 Σειρῆνος,
1399 5167 1442 5212 τοθ
1453 5163 1616 5226 ἀγωνίσματος
1628 5163 1656 5214 οδ
1667 5163 1740 5226 μόνον
1751 5164 1843 5216 ἀντέστη

240 5226 379 5308 Περικτιόνη
388 5227 464 5290 ίφερεν
478 5230 502 5280 έν
516 5235 566 5284 ταῖς
581 5226 700 5301 ἀγκάλαις.
713 5231 798 5300 Θόαντι
814 5231 839 5281 δέ
848 5233 882 5292 τῷ
892 5229 1009 5296 Ἀρίστωνι
1034 5268 1036 5276 .
1061 5231 1130 5294 τότε,
1145 5233 1207 5282 ἀλλὰ
1217 5235 1257 5283 καί
1267 5235 1352 5291 τελέως
1362 5236 1390 5286 τό
1405 5236 1500 5299 γράφειν
1512 5235 1649 5300 τραγῳδίαν
1662 5233 1843 5302 ἀπέρριψε,καί
1866 5238 1869 5246 “
