3934 5956
452 447 680 513 misiconem
698 448 1041 514 Nicomscflsouusl
1059 449 1342 517 Psssrflsssls.
1635 457 1691 518 331

88 589 177 650 δίκαια
191 585 365 667 πρόποντες,
378 581 473 642 δίκαιοι
486 582 624 662 γινόμεθα,
633 582 679 643 καί
693 582 727 643 τδ
736 584 869 666 σώφρονα,
911 591 988 656 lusti,
1000 593 1174 657 imperanter,
1191 593 1373 656 temperantes.
1386 593 1492 654 sortiter,
1508 592 1586 646 fortes
1594 609 1695 662 quoque

114 679 120 700 ‘
433 675 445 729 ῖ
554 680 565 692 ”
594 717 600 731 .
959 677 1049 730 dimus.

88 673 295 844 σωίρθοθῗόόνζύί
306 672 433 822 δδκῗιλδύύ
445 673 590 838 ζιύόμῗίίίνύι
602 762 628 821 ἰν
643 763 701 829 ταῖς
712 762 828 823 πόλεσιν·
843 763 867 822 οἰ
912 691 976 817 ev:lt
989 767 1037 818 hoc
1050 765 1153 832 quidam
1165 765 1295 818 confirmat
1311 767 1380 833 qued
1392 767 1419 819 in
1432 767 1577 820 civitatibus
1588 770 1642 822 lieri
1656 771 1696 821 ri-

86 858 136 938 γίιρ
149 853 287 932 νομοθέται
302 855 339 931 τῷ
357 849 409 910 ἔθει
421 849 535 930 ἀγαθούς
549 849 607 918 τοίις
625 851 735 919 πολίτας
750 857 865 912 ποιοῦσι,
912 855 1013 916 demus,
1032 857 1076 908 nbi
1096 857 1179 922 legum
1201 858 1292 909 luteres
1312 857 1416 909 virtutis
1436 857 1596 910 assuetudine
1613 859 1692 910 bunos

87 942 279 1005 tutelstete
291 939 342 1020 γθιρ
357 937 480 1020 θμοιύαῖς
493 941 602 1017 θγαθαῖς
616 938 662 998 καί
673 939 810 1021 τιμωρίαις
824 939 868 999 ἰπί
913 943 1024 995 efficiunt
1045 945 1119 996 cives.
1140 946 1237 1012 Qulppe
1261 949 1314 998 tem
1341 945 1451 1011 praemiis
1471 945 1596 998 virtutum
1619 962 1696 1013 quam

85 1034 132 1100 τὰς
146 1031 247 1108 αἰγαθίις
263 1029 369 1109 πράξεις
378 1073 387 1103 ,
409 1027 455 1087 καί
470 1026 538 1086 ούτω
551 1028 709 1096 σπουδαίους
725 1030 867 1088 ἀποτελοῦ-
913 1032 994 1097 poenis
1013 1032 1045 1083 ed
1059 1033 1176 1084 honestas
1193 1047 1235 1084 ees
1248 1033 1357 1085 actiones
1379 1034 1537 1100 compellunt,
1560 1037 1638 1100 etque
1661 1037 1698 1087 ita

86 1145 138 1182 σιν.
156 1123 190 1182 Εἰ
204 1119 231 1179 δί
246 1117 292 1178 καί
307 1117 346 1195 μὴ
360 1117 455 1184 ποίντες
470 1123 546 1176 τοῦτο
557 1123 690 1192 ποιοῦσιν,
705 1115 868 1196 ἁμαρτάνον
913 1120 989 1170 etism
1001 1120 1119 1172 honestos
1132 1121 1248 1172 reddunt·
1262 1122 1357 1180 Quodsi
1371 1136 1421 1172 ¹1⁰ss
1435 1135 1522 1174 0¹11ssOE
1532 1124 1581 1175 11⁰⁰
1591 1121 1695 1184 faciunt.

87 1233 137 1270 σιν·
150 1213 167 1282 ἢ
181 1207 233 1288 γίιρ
247 1203 392 1288 ἐπαγγελία
408 1204 453 1264 καί
465 1204 496 1264 τδ
512 1203 635 1282 βούλημα
646 1204 742 1273 παντδς
760 1202 868 1283 νομοθί-
912 1206 1034 1259 falluntur
1048 1227 1055 1259 =
1067 1223 1126 1260 nam
1143 1209 1246 1261 illuceat
1255 1210 1367 1261 emnium
1379 1209 1424 1276 qul
1439 1211 1506 1276 leges
1518 1209 1610 1271 ierunt.
1627 1225 1698 1262 mens

86 1322 132 1358 τοο
146 1295 222 1356 τοῦτό
236 1297 311 1371 ἰστι,
326 1290 426 1360 stacte
440 1291 549 1359 πολίτας
563 1291 663 1360 ἰπίτδς
677 1291 777 1370 οἰγαθθς
796 1295 868 1375 πρό-
912 1299 939 1349 ct
962 1297 1090 1358 voluntas,
1112 1297 1222 1350 utdras
1242 1297 1275 1350 sd
1288 1299 1365 1350 bonas
1387 1299 1497 1351 actiones
1521 1299 1693 1352 assuefaciant.

87 1387 136 1456 ξεις
159 1385 260 1456 ἰθίίειν.
279 1385 338 1445 Οθκ
357 1382 409 1464 ἄρα
434 1380 487 1443 θπδ
509 1381 624 1462 φύσεως,
651 1381 719 1442 θλλίι
743 1381 796 1443 ἀπὸ
820 1388 867 1444 τοῦ
913 1389 996 1447 Quare
1010 1403 1059 1440 nen
1074 1391 1201 1449 enatura,
1217 1388 1262 1440 sed
1275 1405 1291 1440 ιι
1304 1390 1483 1442 consuetudins
1502 1390 1693 1456 proficiscuntur

87 1473 160 1541 ἔθους
176 1475 203 1532 αἰ
216 1471 318 1552 ἀρεταί.
911 1476 1027 1528 virtutes.
1406 1483 1409 1490 '

128 1563 159 1597 ’ἰ
174 1557 238 1622 Ἔτι
253 1562 283 1620 ἰκ
295 1561 347 1619 τῶν
362 1559 448 1618 αὐτῶν
459 1557 505 1618 καί
520 1556 563 1617 el
572 1559 624 1616 τῶν
639 1559 724 1618 αὐτῶν
740 1562 804 1619 ἐθῶν
820 1559 866 1620 καί
943 1567 1068 1616 Praeterea
1082 1577 1114 1616 ex
1129 1563 1217 1617 iisdem
1230 1565 1306 1616 rebus
1321 1567 1347 1616 et
1362 1579 1408 1632 per
1425 1566 1525 1618 eosdem
1537 1581 1621 1621 mores
1642 1583 1698 1622 aas·

88 1651 173 1732 ἔργων
189 1649 234 1709 καί
248 1648 347 1728 γίνεται
362 1655 436 1705 πᾶσα
451 1645 531 1728 ἀρετὴ
548 1645 593 1705 καί
608 1645 748 1726 φθείρεται·
767 1647 868 1726 γίνεται
912 1649 1020 1719 demque
1037 1652 1146 1703 actiones
1166 1652 1246 1703 omnis
1266 1652 1347 1703 virtus
1367 1655 1393 1704 et
1411 1654 1523 1706 nascitur
1542 1657 1568 1706 et
1585 1655 1672 1708 interit
1690 1672 1697 1702 ι

90 1741 138 1820 μὲν
157 1741 262 1817 ἀγαθῶν
283 1735 365 1797 όντων
378 1739 430 1796 τῶν
443 1739 525 1809 ἐθῶν,
542 1735 672 1816 φθείρεται
692 1735 719 1794 δὲ
739 1737 791 1795 ιίιπθ
812 1740 864 1795 τῶν
912 1740 1096 1792 naseitnrenim
1108 1756 1124 1792 a
1137 1741 1208 1792 bonis
1218 1740 1341 1800 muribus,
1359 1741 1445 1792 interit
1462 1743 1616 1794 acentruriis
1630 1760 1637 1791 ι
1653 1760 1697 1796 ee·

88 1828 222 1891 ἰναντίων·
243 1825 339 1903 ὁμοίως
354 1822 381 1882 δὲ
402 1825 447 1883 καί
459 1823 552 1905 τίχνη.
569 1822 620 1886 Ἐκ
640 1824 691 1903 γθρ
707 1830 753 1885 τοῦ
766 1825 867 1906 κιθαρί-
913 1828 1020 1894 demque
1032 1827 1108 1879 medo
1123 1843 1172 1881 ars.
1186 1828 1284 1880 Etenim
1302 1827 1394 1880 lidibus
1413 1829 1523 1881 canende
1534 1835 1559 1882 et
1572 1831 1630 1882 beni
1642 1833 1699 1884 lidi-

87 1922 139 1990 ζειν
154 1916 200 1975 καί
214 1915 238 1976 οί
257 1913 350 1993 ἀγαθοὶ
365 1912 411 1972 καί
429 1917 453 1974 οἰ
467 1911 544 1973 κακοί
565 1913 754 1973 ἀποτελοῦνται
769 1921 869 1995 κιθαρι-
912 1916 979 1968 ciues
994 1915 1058 1966 liunt
1075 1918 1100 1967 et
1120 1915 1181 1966 mali
1200 1935 1207 1966 ι
1225 1915 1287 1967 bene
1302 1915 1404 1981 ‘lumem
1420 1917 1530 1968 ῦθθθθίίθ
1541 1919 1613 1979 b001'·
1634 1921 1699 1972 male

89 2005 158 2064 σταί·
175 2005 205 2062 ἰκ
218 2002 265 2081 μίν
279 2007 325 2062 τοῦ
337 2003 438 2074 καλῶς,
459 2003 483 2060 οἰ
500 1999 608 2080 ἀγαθοίι,
630 2003 661 2059 ἰκ
680 1999 708 2060 δί
724 2007 769 2061 τοῦ
780 2007 868 2072 κακῶς
913 2007 1005 2064 summ,
1018 2004 1095 2055 mali:
1108 2003 1222 2056 similiter
1230 2007 1256 2055 et
1264 2004 1394 2082 architecti
1407 2009 1433 2056 et
1444 2006 1534 2072 reliqui
1543 2021 1629 2059 omnes
1637 2009 1700 2059 erti-

86 2095 237 2173 κιθαρίζειν,
251 2090 336 2150 κακοί·
352 2089 447 2168 ὁμοίως
460 2089 487 2148 δὲ
498 2090 543 2150 καί
555 2093 577 2149 οἰ
592 2090 726 2164 οἰκοδόμοι
735 2091 780 2150 καί
795 2091 869 2151 πᾶν-
914 2092 974 2143 filies
985 2091 1012 2142 in
1023 2092 1119 2144 artibus
1131 2093 1184 2144 θῦίθ
1201 2093 1322 2144 versando
1337 2096 1382 2144 aul
1398 2093 1455 2146 boni
1478 2095 1540 2145 ἰίιιιιί
1557 2099 1602 2146 aut
1615 2097 1675 2148 mali
1692 2117 1698 2147 ι

87 2206 129 2249 τες
143 2180 219 2240 ἄλλοι
238 2187 358 2260 τεχνῖται
373 2177 426 2237 αἰπθ
446 2181 494 2252 τῆς
509 2177 578 2238 κατδι
597 2177 692 2258 τέχνην
708 2178 867 2260 θνεργείαςῆ
914 2195 973 2232 nam
986 2195 1056 2232 exeo
1068 2181 1135 2246 qnod
1151 2181 1214 2232 bene
1226 2181 1349 2233 edificant
1363 2182 1422 2234 beni
1438 2187 1497 2234 sunt
1512 2183 1654 2244 architecti,
1669 2199 1700 2236 cx

87 2268 183 2348 ἁγαθοὶ
197 2269 214 2341 ἢ
231 2267 309 2329 κακοί
331 2265 458 2344 γίνονται·
478 2269 507 2326 lx
530 2267 577 2344 μὲν
593 2266 645 2348 γίιρ
660 2273 704 2325 τοῦ
721 2258 750 2326 εδ
764 2269 868 2329 οἰκοδο·
914 2283 943 2320 eo
954 2267 1021 2332 quod
1031 2268 1108 2326 mule.
1120 2267 1179 2318 mali
1194 2267 1283 2321 futuri.
1297 2269 1350 2320 llisi
1368 2269 1432 2320 euim
1443 2271 1512 2321 utali
1523 2273 1633 2325 muneris
1642 2272 1701 2324 suu-

88 2367 147 2436 μιῖν
175 2356 267 2436 θγαθοί
284 2357 400 2435 γίνονται
427 2354 575 2434 οἰκοδόμοι,
598 2357 628 2413 ἐκ
652 2353 678 2413 δὲ
696 2359 741 2414 τοῦ
765 2359 868 2432 κακῶς,
914 2357 996 2406 ctione
1010 2356 1068 2406 talis
1081 2369 1122 2406 ers
1135 2357 1340 2421 proticiscerelur,
1357 2357 1399 2407 scd
1414 2360 1502 2408 natura
1515 2358 1615 2423 degeret
1628 2373 1698 2411 cres·

86 2447 176 2508 κακοί.
193 2449 229 2508 Εἰ
251 2445 303 2528 γθρ
318 2444 356 2524 μὴ
380 2443 434 2502 ἀπὸ
452 2447 503 2502 τῶν
517 2443 623 2502 τοιῶνδε
647 2435 679 2515 ἦν
701 2443 868 2524 ἰνεργειῶνή
913 2451 1003 2512 ratque
1011 2447 1143 2506 artificem,
1154 2447 1247 2499 nemini
1256 2447 1288 2498 ad
1300 2448 1481 2514 percipiendam
1489 2453 1570 2500 artem
1581 2451 1701 2516 magistre

86 2537 174 2596 τοιοίδε
188 2533 287 2614 τίχνη,
302 2533 370 2593 ἀλλὰ
387 2531 462 2614 φύσις
476 2525 508 2604 ἦν
522 2531 593 2602 ἡτδν
604 2529 725 2610 τεχνίτην
742 2538 866 2608 ποιοῦσα,
913 2549 976 2602 opus
996 2538 1061 2588 esset
1085 2552 1092 2586 ι
1115 2535 1160 2587 sed
1179 2550 1265 2588 omnes
1288 2537 1373 2588 statim
1389 2541 1434 2588 aut
1457 2536 1515 2589 boni
1537 2536 1632 2599 forent,
1655 2544 1700 2591 aut

86 2625 136 2682 ούκ
152 2622 182 2681 ἃν
199 2622 304 2694 ίδέησεν
318 2620 403 2680 ούδενί
423 2620 584 2680 διδασκάλου
605 2621 668 2700 πρὸς
682 2620 730 2692 τὴν
752 2622 866 2702 τέχνην,
913 2627 1008 2676 contra.
1025 2623 1120 2676 Eodem
1139 2623 1216 2688 igitur
1237 2624 1311 2676 mode
1332 2629 1357 2677 el
1382 2625 1558 2678 invirtutibus
1576 2641 1603 2678 se
1624 2627 1700 2678 habet

87 2710 157 2771 ἀλλὰ
166 2711 262 2777 πάντες
274 2709 306 2769 δν
319 2708 391 2776 εὐθὺς
403 2712 516 2788 ἰγίνυντο
528 2709 545 2782 ἦ
559 2709 666 2789 ἀγαθοί,
680 2707 866 2782 ἢτούναντίον.
913 2724 961 2762 rell·
975 2713 1039 2762 Nm
1051 2711 1112 2762 dum
1124 2711 1221 2776 agimus
1240 2725 1269 2763 eu
1281 2726 1338 2778 quse
1360 2713 1392 2764 ud
1408 2715 1552 2766 conuentus
1567 2715 1698 2768 hominum

86 2801 187 2859 Τοῦτον
213 2797 245 2868 δὴ
269 2795 313 2855 τόν
335 2795 431 2877 τρόπον
452 2797 498 2856 καί
521 2796 565 2856 ἐπὶ
587 2800 638 2856 τῶν
669 2801 768 2876 ἀρετῶν
799 2797 866 2879 ἔχει.
914 2803 1039 2864 spectant.
1055 2799 1181 2864 αἰίἱίθθίἰ,
1195 2800 1237 2851 ulii
1253 2801 1341 2866 injusti
1360 2801 1508 2853 evadimus:
1527 2804 1617 2870 purtim
1631 2805 1699 2870 juste

86 2887 256 2968 Προίττοντες
276 2884 327 2964 γθρ
342 2885 375 2944 τθι
390 2885 600 2964 συναλλάγματα
617 2883 651 2944 τδι
668 2886 735 2966 πρὸς
751 2885 810 2954 τοὺς
826 2889 869 2946 ἀν·
914 2887 1008 2952 agendo
1018 2887 1101 2938 omnic
1113 2890 1138 2938 et
1150 2901 1181 2938 ax
1198 2889 1262 2960 lege,
1272 2890 1362 2954 partim
1376 2904 1407 2942 ex
1421 2892 1613 2943 centraricvitm
1627 2893 1699 2944 insil-

87 2974 225 3054 θρώαοος,
249 2972 374 3051 γινόμεθα
389 2977 412 3033 οἱ
427 2973 474 3051 μὲν
495 2973 610 3050 δίκαιον,
636 2975 659 3032 οἱ
681 2975 708 3032 δὲ
726 2974 822 3033 όδνααν·
840 2975 869 3035 τὸ
914 2979 977 3028 tuto.
992 2980 1089 3028 Rursus
1102 2976 1201 3042 quoties
1217 2977 1244 3027 in
1263 2978 1370 3042 pericula
1388 2979 1531 3040 incidimus.
1552 2985 1596 3031 eut
1612 2981 1699 3034 timere

87 3065 136 3142 μὲν
150 3063 203 3122 ἀπδ
215 3067 261 3122 τοῦ
277 3061 364 3120 πάντα
376 3062 483 3129 δικαίως
492 3061 616 3143 πράττειν
632 3060 678 3122 καί
691 3063 761 3121 κατδι
773 3063 867 3142 νόμον,
914 3064 1080 3116 assuescimus
1094 3067 1140 3115 aut
1159 3064 1281 3116 centidere
1296 3083 1302 3116 ε
1316 3065 1382 3117 unde
1399 3067 1440 3118 ulit
1457 3066 1544 3128 ἰοιῐοι.
1558 3069 1599 3120 alii
1618 3070 1698 3121 timidi

85 3153 118 3211 τὸ
137 3150 165 3209 δί
188 3149 241 3209 clud
255 3155 302 3223 τῆς
316 3150 434 3218 ἐναντίος
449 3151 593 3216 πολιτείας.
618 3148 706 3208 Πάλιν
721 3149 747 3208 δὲ
764 3151 869 3211 ἐπειδὰν
914 3155 1053 3207 evadimus.
1073 3153 1166 3207 Similis
1184 3157 1209 3206 el
1223 3155 1387 3220 cupiditatum
1407 3157 1552 3226 irarumque
1568 3160 1633 3212 ratio
1651 3165 1697 3214 est.

86 3239 179 3306 δεινοῖς
193 3261 247 3297 τισι
258 3235 458 3317 περιπέσωμεν,
473 3236 609 3313 ἐθιζόμεθα
623 3236 761 3319 φούεῖσθαι
774 3237 791 3310 ἢ
806 3242 868 3323 θαῤ·
915 3243 1149 3309 Namquemon'bus
1158 3257 1294 3309 eorumque
1306 3247 1467 3298 assuetudine
1478 3248 1520 3299 alii
1533 3253 1699 3315 temperantes

87 3327 151 3408 ῥεῖν·
175 3325 221 3385 καί
245 3329 269 3386 οἱ
294 3324 341 3402 μὲν
363 3327 492 3405 ἀνδρεῖοι,
517 3325 541 3383 οἰ
564 3323 591 3383 δί
621 3326 700 3384 δειλοί
730 3327 866 3406 γινόμεθα.
914 3333 939 3381 et
958 3331 1034 3393 lenes,
1049 3330 1092 3380 alii
1110 3329 1302 3394 intemperantes
1317 3333 1343 3382 el
1354 3331 1466 3384 iracundi
1477 3332 1621 3386 eiliciuutur
1638 3339 1698 3388 :at-

84 3413 205 3490 Ὁμοίως
224 3411 251 3471 δί
275 3417 320 3472 καὶ
333 3411 394 3489 περί
408 3411 454 3479 τίις
479 3413 617 3490 ίπιθνμίας
631 3413 688 3495 ἔχει
704 3414 749 3474 καὶ
764 3415 811 3485 τὰς
825 3419 869 3498 ὀρ.
914 3431 964 3484 que
974 3421 1004 3468 ut
1021 3433 1073 3469 une
1094 3418 1171 3470 uerbo
1189 3423 1214 3470 et
1228 3419 1371 3470 surnmatim
1384 3420 1476 3485 dicam,
1503 3419 1583 3474 omnis
1595 3423 1699 3476 halrltus

84 3502 143 3584 γείς·
158 3501 211 3560 ἀπὸ
220 3500 272 3581 γίιρ
282 3504 334 3559 τῶν
351 3503 415 3560 ἰθῶν
425 3547 433 3576 ,
443 3501 489 3561 καί
503 3505 549 3574 τῆς
559 3505 586 3561 ἐν
604 3503 691 3571 αὐτοῖς
705 3506 869 3588 ἀναστροφῆς
914 3519 944 3556 es
955 3505 1029 3556 simili
1039 3507 1150 3558 muneris
1160 3505 1284 3558 structione
1296 3511 1372 3574 utque
1386 3508 1482 3560 uctlone
1494 3509 1594 3561 oritur:
1620 3512 1699 3564 ebena

85 3593 110 3650 οί
129 3589 177 3668 μίν
193 3591 322 3671 σώφρονες
337 3588 473 3669 scirpulos
489 3589 621 3670 γίνονται,
638 3594 662 3650 oi
682 3591 709 3650 δὲ
727 3593 868 3656 αἰαόλααςαν
913 3591 1004 3652 bonus,
1023 3594 1110 3645 emala
1124 3599 1208 3646 uulcm
1219 3595 1308 3646 reulus.
1323 3596 1488 3654 Quamobrem
1498 3610 1580 3662 neque
1591 3598 1698 3663 simplex

83 3679 131 3738 χαὶ
153 3679 263 3756 ὀργίλος·
288 3676 388 3737 καίἑνί
409 3678 479 3759 λόγῳ
497 3678 527 3738 τὸ
544 3688 596 3738 πᾶν
612 3679 751 3740 αοναλόναα
767 3686 867 3762 αςααῑν,
913 3681 1024 3731 merueris
1046 3679 1141 3732 iunctio
1156 3682 1213 3734 honi
1236 3683 1338 3734 lralrltus
1357 3695 1432 3734 crrrrsa
1453 3684 1556 3736 dicemle
1576 3690 1631 3745 est.
1653 3687 1697 3738 sed

83 3777 161 3826 πᾶσα
181 3766 231 3836 ἵξις
246 3765 299 3826 ἀπὸ
319 3770 366 3840 τῆς
380 3768 471 3843 ὁμοίας
487 3768 618 3848 ἐναργείας
632 3769 756 3828 τίκτεται·
782 3771 867 3852 ἀγαθὴ
912 3767 977 3819 bona
993 3787 1001 3820 t
1020 3783 1101 3835 neque
1120 3771 1180 3822 mali
1192 3772 1290 3837 qlloevls
1307 3771 1417 3822 muneris
1435 3771 1543 3830 lunello.
1562 3773 1604 3824 sed
1621 3775 1697 3828 melu.

85 3855 135 3934 μὲν
147 3857 259 3932 ἀγαθῆς,
272 3853 359 3936 φαύλη
374 3855 401 3914 δὲ
417 3855 527 3936 φαύλης,
555 3857 606 3917 Agl
628 3862 706 3916 ταῦτα
727 3860 756 3916 αὖ
771 3861 810 3918 δεῖ
822 3866 868 3932 ,ἧς
913 3855 989 3907 Plane
1000 3859 1029 3906 ut
1038 3857 1064 3908 ln
1078 3859 1245 3910 architectura
1259 3875 1265 3910 ι
1281 3873 1360 3924 ncqrm
1373 3859 1438 3910 enim
1449 3859 1540 3910 lreniln
1553 3859 1697 3912 edificando

85 3949 189 4022 ἀγαθῆς
205 3943 281 4012 ίξεως
302 3944 432 4024 ἰνίργεναν
456 3945 546 4008 ἁπλῶς
573 3945 659 4004 αἰτίαν
684 3945 784 4024 λέγενν,
806 3949 867 4007 αλλ’
912 3943 1013 3996 habitus
1027 3959 1102 3998 causa
1112 3947 1218 4012 simplex
1229 3947 1365 3998 aedificandi
1378 3953 1450 3998 actus
1462 3947 1560 3999 dicetur
1575 3963 1637 4009 esse,
1653 3949 1698 4002 sed

85 4033 199 4110 ἀγαθήν,
209 4029 267 4091 οὐδὲ
285 4037 332 4103 τῆς
344 4037 444 4111 κακῆς,
462 4033 552 4112 ἀτελῶς
566 4033 713 4114 ἐνέργειαν,
733 4037 801 4095 ἀλλὰ
816 4061 865 4097 αα.
912 4034 976 4085 bena
988 4033 1060 4098 boni,
1074 4035 1139 4086 sicut
1152 4035 1219 4086 mala
1233 4035 1292 4086 mali
1306 4036 1474 4101 :omninoque
1490 4037 1613 4089 similibus
1625 4038 1698 4092 trabi-

84 4119 146 4193 κήν·
157 4119 265 4200 Ὥσπερ
280 4121 324 4181 ἰπί
335 4125 381 4192 τῆς
396 4123 573 4198 οἰκοδομικῆς·
590 4127 619 4182 od
641 4131 693 4204 γὰρ
708 4131 756 4196 τῆς
770 4131 868 4207 ἀγαθῆς
912 4125 981 4176 tibus
1001 4123 1096 4176 similes
1123 4137 1224 4190 quoque
1245 4138 1376 4178 munerum
1399 4124 1537 4178 functiones
1558 4127 1697 4180 tribuendus

85 4211 254 4286 οἰκοδομικῆς
275 4209 351 4276 ἕξεως
366 4207 413 4281 τὴν
435 4211 603 4288 οἰκοδομικὴν
623 4213 713 4280 ἁπλῶς
736 4213 867 4296 ἐνέργειαν
912 4218 980 4266 ιιιιιθ.
996 4213 1167 4266 Ηατυιιιοιιίιιι
1185 4211 1353 4266 diiier'eutiam
1370 4214 1558 4267 habitusetium
1578 4215 1698 4270 diiicren·

84 4296 173 4356 αἰτίαν
197 4299 314 4376 ἐροῦμεν·
339 4298 406 4358 ἀλλὰ
430 4297 478 4370 τὴν
493 4298 594 4378 ἀγαθὴν
608 4299 774 4378 οἰκοδομικὴν
790 4303 861 4384 ὶνόγν.
912 4305 951 4355 tes
961 4317 991 4354 ac
1001 4303 1112 4368 dispares
1126 4307 1273 4369 sequuntur.
1289 4303 1411 4364 Quocirca
1426 4304 1534 4356 mullum
1550 4305 1653 4357 interest
1665 4307 1697 4358 ad

83 4407 161 4464 γειαν
171 4388 218 4457 τῆς
228 4387 342 4463 ἀγαθῆς,
359 4386 579 4466 rettinendum
595 4395 642 4462 τῆς
656 4389 755 4470 φαύλης
769 4390 864 4452 αἰτίαν·
911 4392 1063 4456 smgulerum
1076 4392 1198 4453 habitum,
1210 4395 1295 4444 utrum
1306 4394 1369 4445 benc
1379 4407 1412 4445 an
1425 4393 1491 4445 male
1502 4407 1574 4458 egere
1587 4409 1600 4446 s
1613 4396 1697 4460 pueris

82 4473 132 4535 καί
144 4471 211 4540 θλως
225 4473 330 4534 τοιόσδε
350 4475 422 4542 τινθις
437 4476 577 4535 ἀποδοτέον
594 4478 694 4550 ἑκάστη
715 4481 766 4538 τῶν
788 4479 867 4550 ἕξεων
911 4493 1082 4534 mmmmm
1103 4477 1214 4534 ²·1mm0
1231 4497 1293 4536 ῐθΐθ
1319 4485 1374 4535 ἰθῑθ
1395 4482 1527 4534 habituum
1555 4482 1695 4536 (ἰίίἳθῑθΰίἰῠ

82 4562 133 4628 τὰς
155 4561 297 4642 ἰθεργείας.
313 4563 393 4624 Κατδι
408 4563 459 4644 γδρ
471 4563 517 4633 τθς
534 4565 631 4626 τούτων
656 4543 783 4649 διαφορίις
806 4572 868 4630 ιίκο-
910 4568 968 4621 Ιῦίίθ
980 4569 1083 4636 pendet·

83 4653 221 4713 λουθοῦσιν
233 4651 308 4720 [Esse.
332 4650 383 4712 dcl
397 4661 480 4712 ταῦτα
500 4653 585 4727 πολλὴ
603 4655 715 4737 διαφορδ
734 4657 799 4737 πρδς
816 4664 864 4733 τήν

83 4737 154 4812 ίξιν,
171 4739 223 4799 eet
237 4745 282 4799 τοῦ
296 4741 412 4814 καλῶςῆ
428 4745 514 4811 κακῶς
525 4747 556 4804 ίκ
565 4745 629 4806 νέων
641 4745 779 4816 ίθίζεσθαι·
796 4751 865 4827 μᾶλ-

82 4828 132 4887 λον
142 4826 170 4888 δί
180 4838 254 4889 πᾶσα
270 4836 287 4905 ἡ
303 4834 355 4890 τῶν
370 4830 447 4902 ἕξεων
462 4832 575 4916 διαφορὰ
590 4835 687 4896 ἐκεῖθέν
702 4837 782 4895 ἐστιν.

117 4995 134 5028 ⁴¹
143 5001 271 5068 Μαρτυρεῖ
282 5000 307 5050 δί
319 5001 362 5052 καὶ
375 5002 404 5052 cd
416 5003 470 5052 κτλ.
484 5033 515 5045 -
524 5001 556 5034 ⁴²*
568 5001 624 5054 Ἔτι
633 5004 661 5054 θαι
671 5007 721 5055 τῶν
735 5005 817 5056 αὐτῶν
834 5007 888 5060 κτλ.
