3958 5942
780 425 1029 486 FRAGMENTA.
1648 434 1707 493 253

115 557 182 634 ἅμα.
224 557 287 620 Τοῖς
308 553 480 633 κεκραμένοις
508 551 535 612 δέ
564 575 628 634 φησι
664 552 781 630 μάλιστα
816 561 893 614 τοῦτο
939 560 990 614 τῶν
1012 557 1127 636 φυσικῶν
1157 554 1220 614 αὐτὸ
1247 554 1337 629 εἶπάν,
1364 562 1440 615 τοῦτο
1469 557 1569 637 (φησί)
1583 559 1652 617 κατά
1672 561 1713 618 τὸν

115 644 243 724 ὑπάρχειν
262 645 276 700 θ
296 641 434 719 Εύδημος·
451 641 508 701 οὐδὲ
530 642 630 708 τούτοις
651 642 812 722 κυριώτατα.
840 644 895 703 Δύο
940 643 1015 720 λόγον
1036 641 1138 722 πρῶτόν
1161 643 1217 700 ἔστι
1240 639 1285 698 καλ
1309 641 1389 720 ἀρχή.
1431 641 1525 722 Τούτῳ
1543 641 1594 723 γάρ
1624 644 1714 706 ἕπεται
1749 704 1751 708 .

115 731 166 812 γάρ
190 731 302 805 σώματα
317 731 367 808 ούχ
383 721 436 788 οἶόν
454 753 482 787 τε
495 723 560 788 εἶναι
575 729 631 806 ἀμα
644 733 670 788 ἐν
687 731 725 790 tri
739 733 785 790 καὶ
803 732 894 812 ἀτόμῳ
940 731 969 789 τὸ
985 729 1089 810 συνεχές
1105 728 1149 788 καὶ
1172 729 1294 810 ἐχόμενόν
1310 753 1337 788 τε
1353 729 1398 788 καί
1420 729 1522 810 ἐφεξῆς·
1542 732 1610 790 κατὰ
1626 732 1653 790 δὲ
1671 734 1715 806 τὴν

115 820 197 900 τόπῳ,
212 819 280 880 ἀλλά
299 816 368 876 κατὰ
384 817 432 893 μὲν
450 817 494 876 τὸν
507 817 583 898 λόγον
595 817 625 875 τὸ
641 818 746 897 ἀκριόές
764 842 829 900 φησι
849 821 894 890 ζη-
939 822 1050 899 γένεσιν,
1075 820 1156 902 φησί,
1176 820 1323 880 τελευταῖον
1355 820 1385 878 τὸ
1406 820 1531 900 συμφυές.
1574 823 1659 892 Δῆλον
1687 821 1714 878 δὲ

115 909 216 980 τητέον,
229 906 297 965 κατὰ
317 904 345 964 δὲ
360 905 406 971 τάς
423 905 513 984 χρείας
532 905 620 965 καὶτὸ
634 905 896 966 ἱκανδνκαὶτδσύν-
940 909 980 969 ότι
1002 913 1040 990 τῷ
1056 911 1125 989 λόγῳ
1139 915 1215 968 τοῦτο
1228 911 1331 988 πρῶτον
1346 899 1418 967 εἶπεν
1433 912 1467 975 ὡς
1491 907 1516 976 ἔξ
1531 909 1635 968 ἐκείνων
1652 932 1716 967 συν-

117 1017 191 1072 εγγυς
214 992 246 1063 δὴ
261 991 353 1051 τούτου
373 1000 425 1049 πᾶν
448 991 504 1070 ἀμα
518 993 633 1056 λεκτέον.
678 993 791 1073 Λέγεται
806 993 832 1052 δὲ
847 993 894 1053 καί
940 997 1033 1065 εστιύς.
1076 996 1110 1058 Ὁ
1134 999 1162 1056 δέ
1181 995 1358 1076 Ἀριστοτέλης
1378 997 1408 1055 τθ
1427 997 1574 1078 ἐφεξῆςτοῦ
1591 997 1718 1056 ἅπτεσθαι

116 1083 143 1137 ἐν
167 1081 254 1162 χρόνῳ
279 1079 337 1156 ἅμα
367 1077 401 1137 τά
423 1081 451 1138 έν
474 1083 512 1160 τῷ
533 1084 603 1162 αύτῷ
628 1081 719 1164 ἀτόμῳ
740 1083 844 1164 χρόνῳ,
868 1080 895 1149 ὃς
939 1091 1042 1166 πρῶτον
1053 1076 1110 1146 εἷπε
1126 1089 1163 1166 τῷ
1180 1087 1249 1166 λόγῳ
1262 1089 1296 1154 ὡς
1310 1083 1462 1165 δλικόιτερον
1477 1085 1523 1144 καί
1538 1085 1717 1166 ἁπλούστερον

119 1169 233 1228 δηλονότι
245 1168 288 1228 καὶ
301 1160 336 1235 εἷς
352 1168 397 1226 καί
412 1169 544 1249 προσεχής
559 1172 647 1248 ἔστι.)
939 1175 984 1233 καί
998 1179 1165 1256 συναναιροῦν
1181 1175 1226 1234 καί
1243 1174 1487 1256 συνεπιφερόμενονΙ
1530 1173 1663 1235 Ὕστατον
1676 1165 1718 1233 ούν

156 1277 190 1316 ss.
207 1256 326 1336 Φανερδν
343 1255 370 1314 δέ
385 1256 430 1316 καί
443 1257 482 1315 θτι
496 1261 598 1335 πρῶτον
611 1257 641 1317 τδ
656 1257 748 1340 ἐφεξῆς
763 1260 850 1317 ἐστιν·
864 1257 894 1318 τδ
939 1263 1008 1322 κατὰ
1020 1263 1118 1341 γένεσιν
1129 1261 1159 1322 τδ
1174 1262 1305 1342 συνεχές).

118 1345 163 1425 pli
175 1346 225 1425 γὰρ
235 1345 476 1427 inremunerati<
492 1345 594 1425 ἀνάγκη
603 1337 681 1425 εἶναι,
692 1347 724 1404 τὸ
736 1347 757 1404 δ’
766 1347 856 1427 ἐφεξῆς
865 1349 894 1404 οὗ
979 1372 1013 1411 οε.
1024 1352 1097 1412 Γένει
1109 1351 1157 1428 μέν
1167 1344 1210 1409 οὖν
1223 1349 1267 1409 καί
1278 1349 1340 1409 εἴδει
1354 1349 1455 1422 κίνησις
1466 1348 1514 1427 μία
1527 1347 1617 1421 οὕτως,
1629 1347 1719 1413 ἁπλῶς

117 1442 169 1490 πᾶν
180 1433 319 1495 ἅπτεσθαι.
361 1433 459 1494 deinoi
470 1437 677 1515 ἐνπροτέροιςτῷ
688 1435 759 1515 λόγῳ
770 1435 895 1516 τδέφεξῆς
941 1439 968 1498 δὲ
986 1439 1032 1516 μία
1048 1441 1176 1514 κίνησιςὴ
1190 1445 1222 1520 τῇ
1236 1439 1310 1521 οὐσία
1332 1440 1380 1516 μία
1394 1439 1439 1499 καί
1456 1442 1493 1519 τῷ
1509 1441 1628 1518 ἀριθμῷ·
1644 1438 1681 1504 τίς
1697 1440 1718 1496 δ’

118 1525 187 1582 ἐστιν
199 1515 251 1582 οἷον
262 1526 287 1582 ἐν
302 1526 426 1600 ἀριθμοῖς,
443 1523 498 1603 cipi,
514 1527 536 1583 δ’
556 1524 695 1588 οὐκέστιν.
742 1525 894 1602 Καλεῖμέν
940 1529 1094 1602 ἡτοιαύτη,
1119 1530 1196 1600 δῆλον
1220 1527 1387 1605 διελομένοις.
1429 1528 1498 1606 Τρία
1521 1527 1573 1604 γάρ
1598 1529 1654 1583 ἐστι
1677 1525 1720 1584 aiv

119 1611 235 1690 συνεχές,
257 1611 358 1690 ἀνάγκη
373 1610 511 1682 ἅπτεσθαι,
529 1613 552 1669 εἰ
564 1611 590 1672 δέ
608 1611 734 1685 ἅπτεται,
748 1611 822 1672 οὔπω
834 1635 896 1672 συν·
941 1615 1048 1696 ἀριθμόν
1064 1617 1124 1695 περί
1140 1617 1157 1674 ἀ
1174 1616 1285 1692 λέγομεν
1297 1615 1345 1686 τὴν
1359 1615 1473 1689 κίνησιν,
1491 1617 1514 1688 ό,
1530 1614 1576 1674 καλ
1592 1617 1617 1673 ἐν
1633 1604 1664 1694 ᾧ,
1676 1614 1721 1674 καί

119 1700 190 1777 εχές·
204 1703 232 1758 ού
247 1697 298 1777 γάρ
313 1699 412 1778 ἀνάγκη
433 1699 461 1758 ἓν
475 1691 540 1758 εἶναι
556 1701 643 1759 αὐτῶν
655 1699 686 1758 τθ
700 1701 787 1781 ἀκρα,
801 1704 823 1758 al
838 1701 895 1762 άαα
940 1702 992 1765 ὅτε.
1039 1702 1118 1782 Λέγω
1131 1704 1152 1761 δ’
1168 1701 1193 1779 ό,
1209 1702 1251 1761 ὅτι
1263 1703 1364 1781 ἀνάγκη
1382 1692 1449 1759 εἶναί
1464 1724 1491 1760 τι
1505 1701 1536 1758 τδ
1559 1701 1721 1777 κινούμενον,

118 1779 181 1846 εἶεν·
194 1787 255 1846 ἀλλ’
266 1789 288 1846 εί
300 1787 336 1861 έν,
347 1787 447 1867 ἀνάγκη
463 1787 509 1846 καὶ
522 1787 589 1863 ἀμοι.
632 1785 720 1848 Ὥστε
734 1793 750 1859 ἡ
765 1787 896 1870 σύμφυσις
940 1780 992 1849 οἷον
1014 1788 1148 1869 ἄνθρωπον
1163 1787 1180 1860 ἢ
1194 1789 1303 1870 χρυσόν,
1320 1787 1364 1848 καί
1378 1786 1405 1845 ἔν
1420 1811 1471 1847 τινι
1488 1793 1565 1847 τοῦτο
1581 1793 1720 1864 κινεῖσθαι,

119 1877 215 1948 ὑστάτη
234 1875 303 1934 κατὰ
325 1875 372 1946 τὴν
389 1875 506 1954 γένεσιν·
526 1875 627 1954 ἀνάγκη
642 1876 692 1957 γάρ
715 1875 847 1957 ἅψασθαι,
873 1881 895 1938 εί
940 1867 992 1937 οἷον
1005 1880 1031 1935 ἔν
1046 1877 1119 1958 τόπῳ
1134 1874 1151 1948 ἢ
1166 1879 1193 1934 έν
1207 1878 1296 1952 πάθει,
1309 1876 1354 1935 καλ
1369 1874 1449 1934 ποτέ·
1464 1878 1489 1934 έν
1503 1875 1591 1955 χρόνῳ
1606 1874 1656 1954 γάρ
1668 1884 1721 1934 πᾶν

117 1965 282 2045 συμφύσεται
296 1963 330 2022 τά
342 1964 411 2042 ἄκρα
423 1988 430 2002 ·
445 1965 479 2022 τά
494 1963 520 2023 δέ
536 1963 672 2040 ἁπτόμενα
685 1967 715 2024 οὒ
730 1964 816 2022 πάντα
829 1990 895 2044 συμ·
940 1974 1060 2027 κινεῖται.
1103 1963 1211 2025 Τούτων
1229 1963 1298 2023 δὲτὸ
1312 1963 1359 2041 μὲν
1371 1953 1436 2022 εἶναι
1447 1963 1591 2042 τῷγένειῆ
1605 1966 1643 2042 τῷ
1659 1961 1722 2021 εἴδει

116 2051 243 2132 πέφυκεν.
261 2055 265 2063 ’
288 2051 336 2112 Ἐν
360 2043 398 2119 οἷς
421 2051 447 2110 δὲ
463 2051 501 2126 μή
523 2055 593 2122 ἐστιν
609 2053 676 2136 ἁφή,
699 2055 777 2124 δῆλον
791 2053 831 2113 ὅτι
849 2057 895 2114 οὐκ

117 2140 185 2199 ἔστιν
199 2140 258 2200 οὐδὲ
277 2141 406 2222 σύμφυσις
420 2143 446 2200 ἐν
456 2141 564 2209 τούτοις.

157 2229 340 2306 (Aristoteles
357 2228 447 2305 Phys.
461 2227 513 2288 lib.
528 2227 561 2287 V.
579 2249 642 2306 cap.
664 2231 680 2287 3
699 2249 765 2306 pag.
782 2251 852 2302 περ.
866 2250 894 2292 a.

119 2338 153 2389 17
168 2317 213 2374 erl.
228 2317 348 2374 Bekker.
363 2316 528 2394 Simplicius
541 2317 592 2377 iol.
606 2320 663 2374 206
680 2318 771 2394 (conf.
784 2318 893 2378 Scholl.

115 2406 146 2459 in
175 2403 264 2464 Arist.
286 2424 315 2481 p.
339 2413 408 2473 too.
440 2403 469 2462 b.
489 2405 537 2462 ed.
554 2405 705 2480 licendis.)
732 2405 842 2484 φανερὸν
867 2406 896 2466 δέ

115 2515 179 2570 φησι
191 2494 235 2550 καὶ
252 2489 291 2550 ότι
307 2492 370 2570 πρὸς
390 2493 478 2563 νόησιν
499 2493 603 2573 πρῶτόν
626 2493 726 2552 ἔστιτὸ
741 2491 832 2572 ἐφεξῆς
847 2499 895 2554 τοῦ

115 2577 278 2656 ἁπτομένου,
289 2579 320 2638 τδ
334 2581 361 2638 δὲ
381 2579 529 2657 ἀπτόμενον
545 2585 590 2638 τοῦ
612 2585 745 2658 συνεχοῦς.
788 2581 828 2640 Τὸ
846 2581 893 2659 μέν

114 2667 166 2747 γάρ
180 2669 325 2744 ἀπτόμενον
338 2669 440 2744 ἀνάγκη
460 2665 549 2747 ἐφεξῆς
573 2659 649 2740 εἶναι,
664 2667 694 2726 τὸ
713 2666 740 2724 δὲ
755 2667 844 2747 ἐφεξῆς
864 2673 893 2729 ού

113 2765 166 2814 πᾶν
186 2755 322 2815 άπτεσθαι.
364 2755 412 2816 db
436 2754 481 2814 καλ
507 2759 533 2813 έν
554 2756 688 2836 προτέροις
712 2759 749 2836 τῷ
769 2756 839 2837 λόγῳ
864 2757 893 2817 τδ

115 2843 206 2922 ἐφεξῆς
220 2846 290 2904 ἐστι·
302 2844 423 2926 πρότεροι
436 2847 487 2923 γθρ
501 2844 547 2904 καί
562 2844 737 2926 πρεσόύτεροι
751 2848 774 2905 oi
789 2849 893 2926 ἀριθμοί

115 2936 167 2990 τῶν
188 2936 316 3010 μεγεθῶν,
330 2933 376 2993 καί
390 2937 416 2994 ἐν
429 2933 529 3000 τούτοις
551 2932 581 2992 τθ
606 2934 709 3014 ἐφεξῆς·
724 2934 757 2992 alr
772 2935 822 3014 γδρ
848 2934 894 2993 δύο

115 3025 162 3079 τοῦ
176 3023 231 3088 tate
241 3021 342 3100 ἑφεξῆς,
354 3021 409 3102 ἁφὴ
423 3021 450 3081 δέ
464 3027 511 3080 ούκ
524 3021 579 3082 ἔστι
594 3021 723 3098 μονάδων.
770 3022 894 3101 ΙΙρότεροι

114 3108 140 3167 δὲ
162 3111 267 3188 ἀριθμοί
281 3110 327 3168 καὶ
352 3110 461 3186 μονάδες
487 3109 618 3184 σωμάτων
644 3109 690 3169 καὶ
705 3115 831 3190 μεγεθῶν,
845 3113 894 3191 οὐχ

115 3197 265 3271 ἀποστάσει,
282 3197 351 3256 ἀλλά
365 3197 443 3278 λόγῳ.
486 3199 534 3259 Διδ
547 3197 615 3257 κατά
627 3198 727 3276 γένεσιν
742 3201 891 3258 τελευταῖον

113 3291 145 3366 τῇ
161 3287 262 3366 ἐπινοίᾳ
276 3287 306 3346 τθ
321 3288 440 3366 συνεχές·
454 3287 621 3372 πρῶταιχάρ
636 3291 662 3346 αἱ
677 3287 802 3364 μονάδες,
815 3290 841 3347 έν
852 3279 893 3354 αἶς

113 3377 144 3434 τὸ
155 3375 255 3454 ἐφεξῆς,
270 3375 340 3434 θέσιν
356 3378 382 3434 δέ
397 3376 533 3435 λαόουσῶν
548 3375 578 3434 τθ
592 3374 719 3435 ἅπτεσθαι
739 3376 891 3455 ἐπιγίνεται.

111 3468 156 3534 τῆς
177 3464 204 3522 δέ
228 3465 296 3545 ἀφῆς
316 3464 476 3545 συμφυείσης
499 3465 529 3523 τὸ
550 3464 667 3545 συνεχές,
693 3467 738 3524 καί
760 3465 832 3524 οὐδὲν
853 3464 893 3523 ἔτι

113 3552 182 3626 μετά
201 3558 288 3614 τοῦτο.
333 3551 367 3612 '0
391 3554 479 3630 μέντοι
507 3553 628 3630 Εὔδημος
652 3553 682 3612 τδ
709 3553 824 3634 συμφυὲς
846 3561 892 3614 τοῦ

111 3647 237 3720 συνεχοῦς
268 3642 367 3718 μᾶλλον
393 3642 551 3719 θεασάμενος
578 3643 721 3720 ἡνωμένον,
749 3641 795 3701 καλ
823 3640 888 3702 ίδιον

144 3864 183 3910 58.
201 3863 308 3924 Apparet
332 3861 406 3911 etiarn
424 3860 532 3925 primum
552 3861 578 3912 id
599 3875 665 3924 esse,
688 3863 757 3929 quod
771 3865 808 3913 est
822 3861 893 3912 dein-

112 3961 191 4012 ceps:
208 3948 276 4011 qood
296 3949 362 3999 enim
378 3949 469 4012 tangit,
485 3950 511 4000 id
524 3949 639 4024 deinceps
660 3964 713 4002 esse
727 3965 826 4002 necesse
840 3953 891 4010 est,

113 4051 163 4086 non
192 4039 275 4088 tamen
295 4051 367 4087 omne
386 4037 454 4102 quod
468 4038 582 4102 deinceps
595 4038 640 4100 sit,
655 4042 763 4104 tangere,
778 4043 894 4104 Quapro-

114 4128 170 4188 pter
182 4125 264 4188 ipsum
276 4124 391 4188 deinceps
403 4129 429 4174 et
442 4125 467 4175 in
479 4126 603 4190 prioribus
618 4127 713 4177 ratione
728 4127 806 4186 inest,
824 4129 853 4176 ut
869 4125 895 4175 in

113 4213 237 4273 numeris,
258 4215 339 4262 tactru
354 4215 438 4263 autem
454 4227 501 4263 non
513 4214 585 4264 inest.
597 4217 632 4264 Ao
649 4215 671 4265 si
687 4215 832 4266 continuum
846 4216 892 4274 est,

115 4303 200 4361 tangat
216 4312 315 4350 neccsse
326 4303 377 4364 est3
393 4301 414 4351 si
434 4315 494 4352 nero
507 4302 600 4364 tangit,
619 4302 728 4352 nondum
750 4303 895 4352 continuum

114 4391 162 4439 est.
178 4393 233 4439 Non
249 4389 314 4440 enirn
334 4391 356 4441 si
374 4391 449 4440 simul
470 4391 519 4440 sint
538 4395 649 4442 extrema
673 4391 797 4457 ipsorum,
818 4406 895 4442 unum

113 4476 168 4542 ipsa
185 4490 239 4528 esse
253 4491 352 4530 neeesse
373 4481 424 4540 est3
439 4479 482 4529 sed
499 4479 519 4529 si
533 4479 583 4530 sint
597 4493 688 4540 unum,
702 4483 728 4531 et
744 4481 820 4531 simul
842 4493 895 4530 esse

114 4579 214 4616 necesse
235 4569 280 4617 est.
298 4567 465 4626 Quamobrem
485 4567 609 4632 copulatio
625 4569 713 4618 ultima
733 4571 771 4619 est
791 4582 895 4632 genera-

115 4655 194 4716 tione;
206 4659 309 4720 tangant
321 4656 387 4707 enirn
398 4669 498 4707 neccsse
511 4659 562 4716 ost,
576 4657 597 4707 si
612 4661 724 4708 extrema
740 4659 895 4722 mpulabun-

114 4747 166 4792 tur.
186 4745 223 4793 Ea
239 4757 299 4794 vero
321 4759 378 4810 quea
398 4747 516 4808 tangunt,
534 4759 583 4795 non
596 4749 685 4796 cuncta
700 4749 758 4796 sunt
771 4746 893 4810 copulata.

113 4834 144 4880 ln
159 4831 346 4896 quibus‚autem
359 4836 442 4884 tactus
455 4847 504 4884 non
520 4838 571 4893 est,
585 4834 611 4884 in
625 4835 664 4885 his
678 4835 758 4900 liquet
770 4848 801 4885 ne
816 4849 895 4899 copu-

113 4918 232 4970 lationem
246 4921 347 4985 quidem
362 4935 422 4972 esse.

148 5013 187 5058 59.
206 5009 301 5060 Genera
313 5009 388 5073 Igitur
402 5012 427 5060 et
440 5009 520 5076 specie
534 5010 672 5060 motushoc
684 5012 755 5075 paeto
766 5024 831 5060 unus
848 5012 894 5060 est.

113 5094 265 5160 Simpliciter
283 5100 367 5148 autern
388 5098 410 5148 is
425 5111 490 5148 unus
515 5101 554 5148 est
573 5101 670 5159 motus,
691 5098 735 5164 qui
757 5097 896 5162 substantia

117 5277 255 5340 apparebit.
271 5277 328 5328 Tria
342 5277 408 5328 enim
427 5290 531 5327 numero
549 5279 621 5338 sunt,
637 5275 704 5327 circa
719 5290 777 5342 quaa
799 5281 895 5327 motum

941 2053 1003 2131 μίαν
1018 2053 1088 2113 ἐστὶν
1102 2054 1128 2111 ἓν
1143 2056 1179 2133 τῷ
1194 2052 1332 2133 πράγματι
1350 2054 1376 2110 έν
1389 2042 1410 2132 ᾧ
1425 2053 1548 2126 κινεῖται,
1572 2051 1601 2110 τὸ
1615 2053 1638 2109 θ’
1663 2050 1723 2129 ἐχό-

941 2165 1017 2220 μενον
1032 2135 1064 2213 ἦν
1079 2144 1105 2199 ἐν
1130 2145 1167 2221 τῷ
1189 2143 1285 2221 χρόνῳ,
1302 2141 1332 2200 τὸ
1353 2139 1375 2199 δ’
1393 2142 1483 2208 ἁπλῶς
1509 2141 1571 2218 μίαν
1587 2143 1614 2199 έν
1639 2141 1722 2200 ἀπασι

939 2230 1051 2297 τούτοις·
1066 2229 1111 2288 καλ
1127 2231 1154 2288 έν
1169 2220 1191 2309 ᾧ
1208 2231 1259 2309 γάρ
1283 2228 1310 2287 ἓν
1335 2231 1375 2288 δεῖ
1388 2221 1454 2287 ε’ίναι
1470 2229 1515 2287 καί
1529 2230 1638 2304 ἀτομον,
1670 2221 1722 2286 οἷον

939 2318 969 2377 τδ
986 2309 1063 2394 εἶδος,
1073 2316 1119 2374 καλ
1133 2315 1163 2374 τδ
1177 2316 1219 2374 ὅτε
1227 2360 1235 2388 ,
1249 2307 1301 2375 οἶον
1315 2317 1359 2376 τὸν
1373 2317 1465 2396 χρόνον
1487 2315 1532 2373 ἕνα
1547 2315 1593 2374 καί
1609 2315 1646 2391 μὴ
1660 2318 1722 2374 δια-

939 2405 1053 2478 λείπειν,
1069 2406 1114 2464 καὶ
1128 2405 1158 2464 τθ
1178 2405 1328 2481 κινούμενον
1347 2404 1374 2462 έν
1399 2393 1465 2462 εἶναι
1483 2403 1604 2480 μὴκατὰ
1625 2403 1722 2480 συμύε·

941 2494 1037 2567 όηκός,
1050 2492 1142 2572 ὥσπερ
1164 2493 1194 2552 τδ
1219 2492 1308 2552 λευκδν
1337 2492 1505 2568 μελαίνεσθαι
1520 2491 1566 2551 καλ
1588 2491 1721 2571 Κορίσκον

942 2581 1069 2662 βαδίζειν·
1084 2581 1111 2640 έν
1126 2581 1152 2638 δὲ
1170 2580 1298 2660 Κορίσκος
1308 2580 1352 2640 καί
1367 2580 1474 2653 λευκόν,
1490 2579 1559 2639 ἀλλά
1570 2579 1637 2640 κατὰ
1656 2603 1723 2656 συμ-

941 2670 1063 2742 όεόηκός.
1106 2669 1182 2741 Μηδὲ
1205 2670 1303 2729 κοινόν·
1318 2669 1358 2742 εἴη
1372 2669 1425 2748 γάρ
1441 2669 1471 2727 ἂν
1485 2668 1542 2744 ἀμα
1556 2667 1602 2728 δύο
1624 2667 1723 2745 ἀνθρώ·

940 2783 1004 2824 πους
1024 2759 1177 2837 ὑγιάζεσθαι
1187 2755 1234 2828 τὴν
1245 2759 1325 2828 αύπλν
1341 2757 1468 2835 ύγίανσιν,
1483 2749 1536 2816 οἷον
1559 2755 1722 2837 ὀφθαλμίας·

941 2848 999 2905 ἀλλ’
1015 2851 1043 2905 ού
1056 2847 1104 2924 μία
1119 2848 1195 2916 αὕτη,
1208 2846 1266 2904 ἀλλ’
1282 2844 1344 2904 εἴδει
1362 2845 1422 2921 μία.

980 2935 1165 3013 (Aristoteles
1175 2933 1262 3010 Phys.
1275 2933 1325 2992 lib.
1342 2932 1375 2994 V.
1388 2953 1451 3010 cap.
1466 2939 1495 3000 i.
1509 2952 1539 3010 p.
1555 2952 1625 3004 ουρ.
1641 2931 1672 2988 b.
1685 2951 1723 2988 20

940 3023 984 3082 ed.
1008 3023 1129 3082 bekker.
1149 3022 1317 3100 Simplicius
1345 3022 1394 3080 sol.
1411 3042 1467 3092 ²⁰7
1483 3020 1515 3081 b.
1532 3019 1587 3098 (cf.
1612 3019 1721 3080 Scholl.

939 3111 969 3168 in
993 3111 1115 3168 Aristot.
1131 3130 1163 3186 p.
1193 3118 1261 3179 ior.
1283 3108 1314 3170 b.
1338 3110 1386 3170 ed.
1409 3108 1562 3187 Blandis.)
1587 3107 1667 3165 εἰπὼν
1695 3106 1723 3164 δὲ

940 3196 980 3256 ότι
995 3196 1039 3257 ἐπὶ
1065 3200 1112 3267 τῆς
1126 3196 1221 3275 κυρίως
1237 3205 1299 3274 μιᾶς
1313 3195 1439 3268 κινήσεως
1456 3195 1503 3256 καλ
1517 3197 1548 3256 τδ
1570 3195 1722 3272 κινούμενον

940 3287 967 3344 ἓν
979 3274 1045 3344 εἶναι
1054 3285 1106 3365 χρὴ
1121 3289 1181 3344 καθ’
1192 3285 1265 3360 αύτό,
1274 3284 1343 3344 ἀλλὰ
1358 3285 1395 3362 μὴ
1407 3285 1475 3344 κατὰ
1486 3283 1664 3362 συμὸεύηκός,
1677 3282 1723 3341 καί

939 3373 970 3435 τδ
983 3375 1042 3432 καθ’
1053 3372 1067 3431 θ
1079 3379 1096 3446 ά,
1110 3373 1250 3447 κίνησιςέν
1268 3377 1303 3440 ὡς
1316 3374 1423 3452 ἄτομον,
1440 3373 1509 3433 ἀλλά
1524 3372 1561 3451 μὴ
1578 3375 1612 3438 ὡς
1625 3372 1722 3446 κοινόν,

940 3463 1033 3540 ἐπάγει
1047 3461 1086 3520 ότι
1107 3463 1152 3522 καὶ
1166 3463 1210 3522 τδν
1224 3461 1315 3542 χρόνον
1337 3465 1364 3521 έν
1385 3467 1418 3543 τῇ
1443 3459 1564 3542 συνεχείᾳ
1592 3459 1637 3519 ἵνα
1657 3449 1723 3518 εἶναι

940 3549 1004 3630 χρή,
1023 3541 1076 3609 οἷον
1095 3554 1121 3610 al
1148 3551 1320 3631 ὑΣωκράτης
1343 3551 1471 3627 μανθάνοι
1488 3548 1674 3630 γραμματικὴν
1694 3551 1721 3608 ἰν

941 3651 1045 3725 συνεχεῖ
1059 3644 1161 3726 χρόνῳ·
1184 3644 1233 3722 μία
1246 3643 1298 3725 γάρ
1311 3644 1377 3715 αὕτη
1393 3649 1410 3715 ἡ
1427 3641 1529 3715 κίνησίς
1544 3646 1625 3715 ἐστιν,
1641 3641 1679 3699 ότι
1691 3639 1721 3698 τδ

939 3861 1045 3912 dicimus
1069 3875 1136 3920 esse,
1157 3862 1238 3927 quod,
1252 3868 1278 3918 in
1307 3875 1357 3926 quo
1381 3865 1406 3911 et
1428 3857 1540 3924 quando.
1559 3859 1620 3908 Dico
1636 3861 1720 3908 autem

941 3949 1021 4014 quod,
1035 3949 1153 4014 quoniam
1171 3963 1271 4000 necesse
1290 3953 1328 3998 est
1343 3951 1369 3998 ei
1384 3961 1437 3998 esse
1449 3946 1558 4010 aliquid,
1579 3945 1648 4011 quod
1665 3959 1721 3995 rno-

939 4040 1020 4096 vetur,
1036 4039 1064 4086 ut
1079 4037 1206 4087 hominem
1219 4041 1264 4086 aut
1287 4050 1391 4098 aurum,
1404 4038 1429 4085 ei
1455 4035 1481 4084 in
1496 4033 1580 4099 aliquo
1597 4034 1646 4084 hoe
1664 4048 1721 4084 ruo·

940 4125 1008 4184 veri,
1029 4124 1104 4175 utin
1129 4125 1195 4183 loco,
1221 4124 1308 4174 autin
1332 4123 1443 4186 allectu;
1462 4127 1488 4174 et
1503 4123 1602 4188 quando
1624 4138 1631 4172 ι
1649 4136 1722 4172 omne

940 4215 1004 4265 enirn
1019 4213 1087 4278 quod
1105 4215 1229 4272 movetur,
1252 4213 1278 4263 iu
1299 4215 1413 4277 tempore
1424 4215 1546 4262 moretur.
1563 4215 1657 4262 iiorurn
1674 4226 1721 4262 nu-

940 4307 990 4354 tern
1004 4317 1092 4366 genere
1104 4302 1207 4366 quidem
1219 4303 1264 4352 aut
1275 4300 1357 4368 specie
1372 4315 1450 4351 unum
1462 4313 1515 4354 esso
1532 4301 1558 4351 in
1577 4315 1617 4363 re,
1630 4301 1656 4350 in
1672 4315 1722 4366 qua

940 4395 1022 4442 motus
1041 4392 1084 4453 ut,
1103 4393 1207 4441 constat.
1236 4391 1390 4442 cohaerentia
1408 4391 1511 4442 veroin
1531 4393 1643 4456 tempore
1659 4391 1720 4439 uni.

940 4484 971 4530 nt
986 4494 1038 4532 esse
1049 4479 1194 4545 simpliciter
1205 4493 1283 4528 unum
1296 4479 1322 4528 in
1334 4479 1456 4528 universis
1469 4479 1509 4529 his
1520 4478 1608 4543 liquet.
1624 4476 1721 4528 Etenim

939 4568 966 4618 id
977 4568 1002 4617 in
1016 4581 1067 4633 quo
1091 4569 1120 4616 tit
1132 4569 1228 4624 motus,
1243 4580 1321 4615 unum
1332 4569 1358 4616 et
1371 4566 1527 4616 bidiridnunr
1540 4578 1594 4615 esso
1610 4565 1720 4628 oportet,

940 4658 1019 4708 veluti
1041 4657 1160 4715 formam,
1183 4656 1327 4720 pariterque
1346 4655 1428 4720 ipsum
1452 4653 1565 4720 qnando,
1580 4655 1610 4702 ut
1622 4655 1722 4716 tempus

941 4761 1018 4796 unum
1039 4759 1106 4806 esse,
1121 4759 1201 4809 nequo
1222 4744 1367 4806 internritti3
1384 4757 1457 4809 porro
1477 4743 1503 4793 id
1524 4741 1591 4806 quod
1607 4741 1722 4790 moretur

940 4848 1017 4884 unum
1031 4847 1079 4883 non
1089 4847 1133 4897 per
1146 4833 1259 4883 accidens
1273 4845 1339 4894 esse,
1353 4834 1382 4879 ut
1391 4831 1475 4880 album
1487 4829 1624 4891 nigrescere
1634 4829 1660 4876 et
1671 4827 1721 4877 (to-

940 4922 1031 4972 riscurn
1049 4921 1184 4972 ambulare.
1199 4923 1283 4972 Unum
1296 4921 1380 4970 autern
1393 4921 1430 4969 esi
1446 4917 1562 4968 coriscus
1576 4918 1602 4967 ei
1621 4915 1721 4967 utinm.

942 5011 984 5062 ard
999 5025 1041 5076 per
1060 5010 1179 5061 accidens.
1199 5012 1286 5075 Neque
1299 5021 1448 5058 commune:
1468 5007 1522 5056 lieri
1542 5004 1606 5074 enirn
1625 5006 1720 5070 potest,

940 5104 969 5150 ut
980 5099 1030 5150 duo
1044 5099 1118 5150 simui
1134 5098 1247 5149 homines
1264 5096 1350 5147 eadem
1372 5095 1498 5146 sanatione
1514 5094 1583 5145 verbi
1600 5106 1675 5143 causa
1690 5105 1721 5142 ex

940 5280 991 5338 est,
1005 5277 1049 5326 sod
1062 5275 1143 5339 specie
1154 5287 1226 5325 unus.
