4020 5950
748 419 901 482 nusuau
923 419 1169 482 nuscanum.
1657 379 1661 387 ’
1726 416 1763 474 rr

154 545 207 606 llll
225 548 272 618 τῆς
287 550 333 605 τοῦ
347 544 429 612 πέλας
442 545 588 626 εὖτυχίηεί
601 550 647 620 τῆς
660 549 829 630 ὀφειλομένης
842 556 856 591 ¹¹
871 557 937 612 έωυ-
984 553 1056 614 τύτω
1067 553 1081 590 ‘¹
1095 555 1152 613 lori
1164 549 1331 633 σωφροσύνης
1343 547 1389 608 καί
1400 550 1452 607 τῶν
1466 551 1492 607 ἰν
1504 571 1536 626 τη
1551 549 1596 604 τοῦ
1609 545 1767 623 κρέσσονας·

155 637 192 714 τῷ
203 633 347 713 ῐῦπρηγίης
359 633 556 714 ἅπθστερὲῑταῑ·
985 641 1079 702 ἐόντων
1100 641 1194 724 μοίρῃ,
1216 639 1245 698 τδ
1261 637 1449 718 ἐξαμαρτάνειν
1468 641 1552 695 ταῦτα
1572 633 1658 707 αἰετοί,
1677 632 1766 713 ὥσπερ

195 723 343 802 (Stobaeus
361 723 441 783 Flor.
461 723 549 798 CVII,
566 745 596 802 9.
612 725 753 792 Εὗσεόίου.
767 729 878 808 Scripsi
897 753 904 787 z
928 737 939 766 ⁸
985 732 1059 813 σφίσι
1074 730 1192 810 μούνοισι
1212 729 1222 766 ¹
1241 727 1325 802 ἐξεόν,
1344 725 1390 786 καί
1415 725 1482 803 μετὰ
1503 728 1549 784 τοῦ
1571 721 1766 795 ἄνεπιπλήκτου

153 810 395 892 μεγαλαιτρεπέωςρ
410 811 498 873 codd.
513 814 731 894 μεγαλοπρεπῶς.
744 847 786 862 -
798 826 812 865 ¹>
824 817 938 896 τιμέων·
985 820 1058 902 παρὰ
1078 820 1164 902 σφέων
1186 817 1334 884 παντελέως
1352 813 1398 874 καί
1421 815 1515 888 ἀνέδην
1537 812 1618 881 οὕτως
1642 815 1766 890 πλημμε-

151 923 196 959 ται
207 922 274 961 cum
286 902 420 975 Halmi03
433 901 520 965 codd.
532 903 684 978 τετιμέαται
696 907 743 964 vel
758 905 938 983 τετιμέωνται.
984 909 1095 978 λέοντες.

152 1021 192 1036 -
201 997 214 1026 ⁶
223 991 318 1068 ἀτίμου
331 1012 395 1051 curn
405 991 523 1064 eodcm;
534 991 607 1051 libri
621 991 718 1074 ἀτίμῳ.
732 1025 773 1039 -
783 991 797 1030 <¹
808 996 941 1068 πολυκτή-
1026 999 1188 1079 (Excerpta
1202 1015 1219 1054 e
1232 994 1296 1055 cod.
1312 993 1389 1054 Flor.
1410 992 1495 1051 Ioan.
1513 992 1644 1050 Damaso.
1656 990 1688 1049 in
1703 989 1767 1047 Sto-

153 1101 246 1160 μονεςς
258 1080 327 1140 libri
338 1082 453 1140 πολλῶν.
469 1111 509 1126 -
520 1086 532 1115 ⁸
542 1081 701 1162 ἐγκύψαντες
711 1103 776 1142 cum
786 1084 939 1144 Wesselin·
984 1087 1042 1146 baei
1052 1085 1131 1144 Flor.
1143 1085 1202 1145 vol.
1214 1083 1264 1156 IV,
1278 1101 1344 1161 pag.
1360 1091 1417 1152 ²40
1432 1080 1479 1140 ed.
1492 1081 1620 1140 Meinelr.
1633 1074 1746 1156 Scripsi
1759 1097 1767 1134 :

152 1170 202 1244 gio
213 1169 250 1228 ad
266 1171 405 1230 Herodot.
422 1169 486 1246 vti,
505 1170 581 1244 152;
599 1171 685 1232 codd.
698 1173 885 1254 ίγκρύψαντες.
899 1207 939 1220 -
984 1171 1212 1247 1’ξυνοιιιοιισέωη
1233 1169 1298 1230 cod.
1317 1169 1497 1239 ξυνοικσυσῶν.
1515 1200 1556 1214 -
1569 1167 1582 1204 ί)
1596 1165 1768 1240 ύπαιτέουσι,

152 1255 382 1340 ίέπιρρασόμενσι
394 1281 460 1320 cum
482 1260 676 1338 Wesseiingio
689 1264 710 1324 l.
723 1285 759 1341 c.;
774 1265 862 1325 codd.
879 1267 937 1324 ἐπι·
985 1262 1049 1322 cod.
1061 1263 1213 1322 ἀπαιτοῦσι.
1230 1291 1271 1304 -
1282 1264 1294 1294 ⁰
1304 1256 1418 1333 ἀξιεῢσις
1429 1257 1496 1318 cod.
1509 1257 1620 1325 ἀξιοῦσι.
1631 1287 1671 1302 -
1682 1250 1696 1290 d
1706 1255 1770 1335 πορ·

151 1346 317 1425 ρραιόμενοι.
330 1379 372 1394 -
383 1355 396 1395 ⁸
408 1348 545 1429 εὐτυχίης
557 1350 641 1409 codd.
653 1350 783 1430 εὐωχίας.
795 1383 835 1398 -
844 1355 858 1392 l
868 1358 937 1434 dper-
985 1351 1113 1431 ραντάτως
1124 1351 1189 1411 cod.
1204 1349 1317 1428 ἑκάστῳ.
1329 1355 1390 1394 ,a
1403 1347 1555 1430 κρέσσονοςς
1569 1345 1632 1404 cod.
1641 1342 1767 1426 χείρονος.

150 1433 274 1510 λομένης;
293 1437 471 1497 membranae
488 1436 684 1518 όφειλευμένης.
699 1441 758 1518 -)
984 1473 1025 1487 -
1038 1437 1048 1474 ¹
1062 1439 1193 1518 μσύνοισι;
1209 1437 1275 1498 cod.
1292 1435 1399 1515 μούνας.
1410 1437 1468 1516 -l

191 1539 229 1584 oo.
252 1523 368 1605 Ἀνιηροῦ
380 1549 426 1584 τευ
437 1525 648 1606 προσπεσόντος,
663 1527 754 1586 ἔπειτα
767 1527 936 1607 χαλεπαίνειν
1024 1547 1061 1588 σε.
1084 1530 1155 1587 Θεοῦ
1168 1526 1194 1594 έξ
1207 1528 1291 1606 ἀρχῆς
1306 1524 1435 1606 φήναντος
1449 1529 1488 1606 τῷ
1501 1525 1590 1604 γένεϊ*Ι
1603 1526 1655 1582 τῶν
1671 1520 1769 1602 ἀνθρώ·

152 1612 221 1670 τοῖσι
234 1615 335 1672 θεοῖσι“
347 1615 425 1689 μέζον
436 1613 450 1651 b
462 1615 543 1673 κακόν
555 1618 612 1674 ἐστι
626 1615 737 1687 ζητέειν.
985 1640 1040 1676 πων
1066 1613 1135 1675 rard
1159 1614 1192 1674 τδι
1212 1615 1373 1696 φατιζόμενα
1394 1614 1406 1652 ¹³
1421 1614 1479 1694 όψις
1501 1613 1591 1680 ἐούσας
1611 1611 1768 1693 διαφανέας,

192 1698 423 1772 (StobaeusFlor.
436 1702 559 1778 CXXIV,
571 1705 619 1763 38,
633 1703 772 1766 Εύσεόίου.
783 1705 895 1786 Scripsi
909 1711 939 1763 τ’
984 1706 1039 1766 ὁδοί
1059 1704 1178 1786 διφάσιαι
1197 1702 1367 1780 οπροιεέατοιι
1389 1701 1448 1782 βίου
1467 1706 1568 1783 ψυχῇσι
1583 1700 1596 1738 ⁶
1609 1697 1769 1781 ἀνθρώπων,

150 1795 218 1846 τοῖσι
249 1792 345 1864 derisu
367 1789 439 1850 libri
462 1799 515 1858 τοῖς
545 1792 620 1859 θεοῖς.
643 1823 682 1839 ·-
701 1792 714 1832 l
733 1793 823 1869 μέζον;
850 1795 936 1854 codd.
985 1795 1148 1873 ἀδαμαντίνη
1173 1795 1285 1874 αἱμασιῇ
1300 1793 1443 1873 παχυτύτη
1464 1793 1535 1852 οκαὶ
1556 1794 1581 1859 ές
1596 1789 1693 1852 πολλόν
1707 1785 1772 1869 ύψος

151 1881 248 1953 μεῖζον.
263 1879 313 1958 -)
984 1883 1118 1963 ἄνηιισύσῃ
1131 1880 1153 1960 ¹,
1168 1881 1236 1941 κατέι
1252 1882 1287 1942 cd
1304 1879 1355 1939 ὓπδ
1366 1885 1412 1940 τοῦ
1428 1880 1453 1949 it
1470 1883 1554 1960 ἀρχῆς
1572 1879 1714 1962 φήναντος,
1725 1880 1771 1935 ἀπ’

191 1987 228 2031 σι.
252 1968 373 2050 Ἇνιηροῦ
395 1993 440 2030 τευ
465 1969 680 2052 προσπεσόντος,
702 1971 726 2030 εἶ
745 1996 770 2030 τι
789 1981 834 2034 τοῦ
853 1995 937 2053 παρε-
985 1971 1120 2046 ἀλληλέων
1134 1969 1169 2030 cd
1181 1973 1276 2051 πρῶτα
1291 1969 1481 2050 διειργόμεναι.
1496 1969 1550 2030 Καὶ
1570 1973 1587 2040 ἡ
1607 1967 1654 2047 μὲν
1672 1967 1771 2026 αὐτέων

154 2061 266 2124 στεῶτος
285 2055 368 2116 ι’ἔστι
390 2057 486 2140 εόρέειν
503 2057 580 2138 μέζον
597 2059 619 2134 ²¹,
635 2059 767 2138 ἐπιλέγεο,
782 2060 827 2120 καί
840 2060 936 2140 εύρύν,
985 2059 1053 2134 ἐστί,
1069 2059 1173 2120 troiae
1193 2056 1225 2131 δὴ
1240 2058 1288 2131 τὴν
1306 2058 1465 2140 σιμιωτέρην
1487 2056 1562 2127 τύξιν
1581 2059 1720 2136 λαχοῦσα,
1741 2057 1771 2114 ἐκ

150 2144 189 2205 ότι
202 2147 239 2224 μὴ
254 2147 350 2222 έκεῖνο,
365 2145 434 2207 ἀλλὰ
449 2146 480 2206 rb
497 2137 570 2225 μεῖον
585 2145 669 2228 ἔχεις,
689 2148 813 2218 όσποίζεα.
986 2149 1068 2222 δεξιῆς
1081 2149 1180 2231 χερδςιι
1191 2147 1328 2208 ἐσιόντων·
1339 2147 1407 2220 αὕτη
1423 2147 1466 2206 ἐπὶ
1480 2146 1527 2218 τὴν
1547 2145 1641 2226 ἀρετὴν
1653 2145 1749 2224 αὐτῇσι
1763 2140 1772 2180 l

191 2235 340 2312 (Stobaeus
357 2236 437 2296 Flor.
450 2235 577 2313 cxxiv,
590 2239 639 2314 39.
653 2236 792 2299 Εὖσεόίου.
804 2238 936 2317 Scripsi:
987 2237 1132 2315 irtacus-ti
1145 2237 1222 2318 ίτέρη
1235 2236 1262 2296 δὲ
1274 2235 1337 2308 λαιλ
1352 2235 1455 2296 ιἐοῦσα
1470 2235 1478 2272 ¹
1491 2235 1536 2295 ἐπὶ
1545 2235 1594 2310 τὴν
1607 2234 1702 2307 κακίην
1714 2231 1772 2293 dccl

150 2325 460 2404 'reprcrsdroqlibri
474 2329 673 2406 παραστειῖντος.
687 2327 823 2387 -δέστι
841 2326 938 2408 εὑρέτιν
984 2324 1210 2403 παραπέμπουσα.
1255 2323 1418 2393 Φατίζονται
1438 2323 1465 2382 δέ
1483 2312 1552 2383 εἶναι
1562 2322 1674 2384 τοιαίδε·
1688 2326 1706 2394 ἡ
1722 2319 1771 2398 μίν

151 2410 245 2490 μέζονς
257 2415 344 2476 codd.
363 2411 433 2475 ἐστίν
446 2417 530 2494 εὑρεῖν
543 2419 640 2493 μεῖζον.
654 2415 663 2495 ]
984 2417 1031 2484 τῆς
1045 2415 1139 2493 ἀρετῆς
1149 2413 1183 2472 cli
1195 2415 1291 2493 πρῶτα
1303 2414 1351 2471 οὐκ
1361 2413 1477 2484 εὐήλατό
1490 2437 1541 2480 κως
1554 2418 1575 2449 '²¹
1585 2412 1713 2493 παρέχειν
1726 2411 1771 2470 δα·

193 2519 228 2561 en.
251 2499 446 2582 Σωφροσύνην,
465 2499 546 2580 τόπερ
577 2503 610 2576 δὴ
635 2502 682 2563 καί
715 2503 935 2582 ἂναγκαιότατον,
984 2491 1108 2574 κέει,οἷαί
1121 2523 1150 2558 τε
1170 2498 1290 2576 Ιίμίιιτοι
1305 2497 1518 2580 συνεχέῖοπόνιρ
1530 2502 1685 2572 ἀνυσθῆναι·
1701 2496 1772 2556 ἀλλὰ

153 2588 225 2669 παρὰ
248 2591 301 2648 τῶν
327 2588 514 2659 inverteretur
536 2594 700 2670 ’γυναικῶν
735 2591 826 2673 ἄνδρες
857 2594 936 2652 cirrat-
984 2587 1094 2658 καὶτοὺς
1104 2587 1311 2667 κατηγεομένους
1320 2587 1376 2668 ἔχει
1387 2587 1432 2646 καί
1441 2587 1773 2668 παραπέμπονταςῦόκιν·

152 2676 240 2736 cicccc
255 2677 270 2716 ¹³
285 2677 331 2738 καί
341 2681 377 2746 ὡς
389 2679 526 2760 κρέσσονες
538 2680 733 2762 ὑποδεεστέρων
748 2680 837 2761 όρχειν
853 2679 937 2749 ditab—
986 2679 1081 2748 δύνως·
1092 2678 1123 2738 τό
1137 2677 1165 2738 δέ
1181 2678 1249 2757 μετὰ
1266 2679 1346 2738 τοῦτό
1359 2680 1415 2736 ἐστι
1427 2677 1484 2745 ὁδός
1497 2676 1553 2750 ίθέη
1567 2687 1619 2736 rs‘l
1630 2677 1676 2738 καί
1695 2677 1771 2757 εὖρέη

153 2788 179 2822 σι
192 2770 222 2801 ⁰·
238 2770 323 2825 ταῦτα
338 2765 365 2826 δέ
383 2766 511 2838 ἀξιεῦντες
525 2770 573 2829 οὐκ
587 2768 718 2829 αίδίοντοιι
736 2769 818 2830 ὁκόσα
833 2772 937 2851 πορρω-
986 2769 1066 2850 μέχρι
1077 2771 1124 2839 τῆς
1135 2767 1178 2826 έπλ
1188 2767 1236 2840 τὴν
1250 2767 1392 2849 ἀκρόπολιν
1404 2768 1484 2825 αὐτοῦ
1496 2771 1542 2825 τοῦ
1551 2767 1650 2825 καλοῦ·
1662 2767 1703 2824 ἐπ’
1718 2765 1772 2836 ἣνΙ

183 2975 220 3020 οι,
240 2973 322 3029 Quum
338 2971 433 3035 aliquid
447 2973 579 3024 molestum
599 2973 703 3039 ingruit,
725 2974 862 3038 perpende,
877 2987 937 3024 num
987 2977 1040 3024 tum
1063 2973 1127 3024 lucis
1146 2973 1220 3023 simul
1246 2971 1341 3036 reliqua
1361 2985 1443 3022 omme
1465 2969 1561 3022 exirniae
1581 2969 1759 3036 pulchritudini

153 3060 211 3122 quid
231 3059 299 3112 aliud
320 3061 435 3126 praesenti
450 3063 562 3114 molestia
585 3064 684 3128 gravius
706 3061 809 3128 reperiri
828 3063 905 3128 possit
930 3082 936 3113 ε
984 3077 1038 3114 sure
1050 3063 1076 3113 ri
1087 3062 1239 3127 penetrantis
1254 3061 1328 3112 simui
1342 3059 1555 3125 splendidissimo.
1589 3058 1704 3124 Undique
1713 3071 1771 3112 rero

153 3147 220 3211 qtrod
232 3149 254 3199 si
265 3155 392 3214 repertun
405 3151 493 3212 tuerit,
508 3151 615 3216 gaudeto
628 3153 744 3216 prasenti
762 3155 879 3215 tanquam
891 3151 938 3202 mi·
983 3164 1028 3216 per
1040 3153 1136 3211 totum,
1154 3165 1205 3214 qua
1223 3153 1307 3214 patet,
1324 3148 1409 3199 orbem
1428 3148 1543 3198 visuntur
1558 3147 1633 3198 urbes
1654 3160 1683 3198 cc
1696 3149 1771 3198 terrae

152 3249 211 3288 nore
222 3239 297 3290 malo.
983 3242 1069 3292 incolae
1084 3243 1111 3292 et
1124 3241 1247 3303 crdtorcs,
1261 3240 1294 3290 de
1312 3239 1403 3303 quibus
1417 3241 1502 3304 genius
1523 3238 1555 3290 ad
1569 3238 1671 3292 consilia
1685 3239 1769 3302 animi,

184 3331 223 3378 oi.
241 3329 454 3394 Temperantiam',
466 3328 532 3394 quod
546 3329 585 3381 rei
597 3331 704 3381 maxime
717 3327 938 3392 necessarium,ab
983 3330 1064 3382 denda
1086 3330 1177 3381 missus
1199 3329 1340 3394 singulatim
1356 3328 1469 3381 disseret.
1503 3331 1534 3378 nt
1547 3329 1603 3379 bm'c
1622 3328 1721 3392 quidem
1737 3328 1772 3380 ita

153 3416 273 3467 uxoribus
288 3417 313 3467 in
326 3417 510 3468 matrImonium
524 3417 607 3470 ductis
626 3418 728 3482 exigunt
743 3417 827 3469 mariti
839 3420 865 3468 et
878 3419 936 3468 tan-
984 3437 1010 3473 se
1026 3421 1102 3473 habet
1114 3443 1120 3472 ι
1134 3421 1176 3472 ria
1193 3423 1279 3472 contre
1297 3419 1329 3471 ad
1343 3421 1433 3471 vitium
1452 3413 1546 3472 ducens
1559 3419 1678 3484 principio
1699 3419 1772 3483 plana

153 3517 227 3566 quara
249 3507 389 3570 superiores
408 3506 564 3560 interioribus
587 3520 614 3558 ee
632 3507 753 3571 imperare
767 3519 868 3570 oquum
883 3519 939 3558 esse
984 3514 1037 3572 est,
1052 3513 1081 3560 ut
1097 3511 1139 3574 qui
1152 3523 1207 3560 eam
1219 3508 1391 3576 ingrediuntur
1406 3507 1523 3573 exiguam
1537 3508 1637 3559 omuino
1655 3521 1701 3558 nec
1720 3507 1771 3557 sin·

155 3597 277 3646 censent:
294 3595 349 3646 haee
365 3597 449 3646 autem
467 3597 595 3648 censentes
608 3599 786 3647 nonrereutur
797 3595 939 3661 perpetrare
984 3611 1080 3657 ceram.
1094 3598 1138 3652 sed
1151 3613 1241 3650 ranam
1252 3600 1278 3650 et
1289 3599 1402 3650 tailacem
1420 3596 1571 3662 voluptatem
1582 3598 1690 3662 gustent.
1724 3597 1772 3645 Ita-

152 3697 210 3747 que
231 3683 421 3752 atemperantia
434 3687 460 3736 et
480 3683 646 3762 potentiprum
659 3683 797 3736 conditione
810 3683 882 3748 longe
894 3685 938 3734 ab·
983 3701 1032 3754 que
1047 3689 1122 3740 ettam
1134 3703 1212 3754 quum
1225 3687 1289 3740 duee
1305 3689 1393 3753 postea
1407 3685 1527 3738 desitura
1542 3685 1588 3748 stt,
1604 3684 1733 3736 mntestim
1746 3683 1774 3735 in

153 3772 268 3834 horrent,
282 3773 354 3836 quasi
371 3772 432 3839 ipsis
450 3773 508 3824 solis
522 3773 597 3824 liceat
612 3775 661 3824 iste
673 3773 843 3836 committere,
861 3787 938 3838 quum
984 3775 1121 3828 flexuosum
1141 3777 1266 3828 tramitem
1289 3776 1458 3840 detorquetur,
1471 3773 1541 3824 vallis
1557 3771 1662 3832 strictis,¹
1673 3770 1729 3821 altis
1746 3773 1772 3822 et

153 3863 228 3912 etiam
251 3861 350 3914 sublato
369 3862 475 3928 propriae
494 3861 691 3926 reprehensionis
707 3865 775 3913 metu
796 3863 895 3912 omnino
913 3865 940 3913 et
984 3865 1066 3918 densis
1079 3865 1203 3928 simulque
1221 3865 1379 3930 voraginibus
1400 3865 1427 3914 et
1445 3861 1579 3926 promptis
1598 3857 1731 3919 refertam,
1746 3859 1778 3928 in¹

154 3954 238 4015 atelle
254 3950 289 4001 5¹³
300 3954 411 4016 imni·
984 3968 1042 4019 quae
1057 3955 1164 4006 viatores
1184 3951 1332 4020 praecipitati
1345 3949 1422 4003 fluvio
1442 3961 1544 4001 conum
1562 3951 1587 4000 et
1605 3945 1700 4012 lapides
1720 3947 1771 3998 vot·

184 4041 326 4100 cestuum
338 4040 412 4102 deus,
426 4043 455 4090 ut
468 4051 543 4104 supra
556 4039 653 4090 dietum
667 4041 720 4103 est,
732 4040 763 4091 ab
775 4040 845 4092 initio
857 4039 938 4092 homi·
984 4043 1057 4094 rente
1076 4042 1233 4106 dejectosque
1248 4040 1396 4090 absorbente
1416 4039 1442 4090 et
1458 4035 1593 4102 abripiente
1617 4038 1769 4101 merguntur,

153 4140 213 4179 nuru
228 4127 312 4191 generi
327 4127 407 4178 claras
425 4127 560 4178 ostenderit
575 4127 695 4190 visiones,
718 4127 775 4179 duae
789 4142 888 4194 quoque
901 4127 939 4179 ri·
985 4131 1047 4182 adeo
1063 4133 1092 4182 ut
1109 4129 1181 4180 multi
1200 4143 1231 4180 cr
1251 4127 1282 4180 iis
1305 4129 1389 4179 statim
1402 4125 1437 4180 ibi
1454 4129 1571 4192 pereant,
1600 4125 1702 4190 reliquis
1722 4139 1772 4176 nou

154 4216 228 4267 reniti
255 4216 303 4268 rire
324 4216 451 4267 bominum
474 4216 563 4267 amuis
585 4216 716 4282 pmpositee
741 4220 810 4279 sunt,
834 4217 941 4268 maceria
985 4219 1101 4284 comitio,
1115 4217 1160 4270 sed
1175 4232 1235 4270 casu
1254 4231 1298 4283 per
1313 4217 1441 4282 proximus
1458 4216 1534 4270 urbes
1549 4217 1580 4268 et.
1592 4214 1715 4280 regionem
1728 4219 1769 4266 tc-

154 4308 239 4358 statim
260 4305 431 4371 adamantina,
448 4307 600 4360 crassissima
614 4310 640 4358 et
655 4308 786 4374 altissima,
799 4313 828 4360 ut
846 4310 940 4374 primus
985 4313 1037 4359 tarn
1048 4317 1105 4373 quae
1118 4307 1271 4372 amplissima
1285 4307 1324 4358 est
1338 4305 1393 4358 aliis
1405 4305 1453 4356 alia
1471 4303 1607 4370 dispersis,
1628 4301 1660 4376 de
1679 4303 1771 4370 quibus

155 4397 271 4462 aspectas
288 4397 383 4459 terta
407 4411 435 4448 se
456 4396 563 4448 invicem
582 4401 710 4463 separato.
742 4400 826 4450 Altera
840 4399 939 4464 quidem
984 4399 1070 4451 itidem
1093 4399 1193 4463 angelus
1214 4411 1289 4463 supra
1311 4399 1518 4450 commemoratus
1543 4391 1656 4448 disseret.
1688 4396 1772 4453 Quum

154 4497 250 4547 earum,
263 4485 293 4536 ut
305 4483 422 4548 dignitate
438 4485 557 4550 superior,
567 4485 715 4536 intrantibus
726 4487 938 4551 estaddextrarn‚
984 4487 1058 4552 igitur
1077 4489 1136 4540 tatis
1166 4487 1309 4538 citharam
1328 4485 1423 4536 riarum
1445 4487 1548 4548 nature,
1573 4483 1645 4536 ducis
1668 4495 1771 4534 munere

154 4577 228 4641 atque
248 4576 279 4627 ad
300 4575 420 4628 virtumm
440 4574 495 4628 hnc
515 4575 597 4638 dueit;
614 4577 692 4628 altera
711 4578 810 4640 summ,
832 4591 890 4643 quaa
907 4578 940 4630 ed
987 4578 1097 4643 iungitur
1111 4581 1184 4642 atque
1196 4577 1314 4628 inmedio
1326 4577 1477 4627 constitutus
1491 4578 1530 4626 cst
1542 4572 1583 4626 dei
1594 4573 1675 4638 magni
1689 4585 1771 4639 preco

155 4662 242 4714 laram
255 4665 309 4728 est,
323 4663 356 4715 ad
369 4663 527 4715 vitiositatem
542 4665 657 4728 pertinet.
691 4666 813 4716 Dicuntur
830 4680 890 4718 vero
904 4666 940 4718 sic
986 4669 1011 4718 et
1022 4667 1148 4718 consultor
1161 4665 1248 4732 genius
1264 4678 1341 4730 supra
1357 4663 1454 4726 dictus,
1469 4663 1513 4728 qui
1524 4661 1612 4714 animis
1622 4659 1771 4715 descendere

155 4764 209 4804 esse
223 4751 598 4818 comparata,utvmu1tivu
613 4754 720 4818 primum
731 4752 832 4818 quidem
845 4758 941 4807 tractus
986 4755 1129 4820 parantibus
1141 4754 1196 4806 haec
1216 4753 1268 4805 iere
1287 4753 1442 4806 denuntiabit
1460 4747 1558 4804 .auirni
1570 4751 1714 4813 hominnm,
1728 4761 1771 4800 aa·

154 4853 205 4892 nou
219 4841 281 4892 scus
293 4840 436 4906 expeditos,
452 4841 495 4892 sed
511 4844 593 4893 tamen
607 4843 708 4894 assiduo
718 4843 803 4896 labora
816 4844 941 4910 superabi-
985 4847 1107 4895 iuratam
1125 4843 1243 4895 mortales
1259 4855 1335 4908 quam
1352 4839 1517 4903 immortales,
1536 4841 1580 4906 qui
1599 4838 1642 4892 iiia
1654 4844 1770 4904 qaamstn

154 4931 192 4982 lea
204 4931 316 4996 probare
333 4931 458 4983 rideatur.
491 4932 573 4992 Quid?
593 4934 660 4997 quod
674 4947 705 4986 ne
725 4934 829 4986 ducibus
842 4933 941 4999 quidem
987 4933 1059 4987 terris
1070 4931 1276 4986 eristimmtrita
1295 4932 1321 4983 in
1339 4934 1446 4984 mortem
1460 4929 1584 4991 inciditis,
1598 4941 1629 4980 aa
1640 4939 1700 4980 vero
1713 4941 1770 4993 quo

155 5019 211 5070 sine
229 5019 339 5084 periculo
352 5019 529 5072 comitantibus
544 5025 625 5084 caret;
640 5035 698 5074 mox
716 5027 800 5080 sutem
812 5023 853 5076 ria
874 5027 941 5075 recta
986 5019 1023 5072 ibi
1048 5021 1179 5074 ridebatur
1203 5023 1283 5074 morte
1307 5019 1340 5072 ed
1361 5020 1439 5071 ritem
1464 5017 1567 5080 rediris,
1584 5029 1661 5080 σηοω
1683 5021 1773 5070 exacto

154 5109 195 5161 est
215 5106 303 5160 etlats
323 5121 402 5174 usque
415 5107 448 5160 ad
467 5109 547 5175 ipsun
561 5109 697 5164 honestatis
711 5121 808 5176 arcem,
821 5124 871 5178 qua
884 5124 939 5164 ecu-
987 5114 1097 5176 tempore
1118 5110 1189 5161 vobis
1210 5109 1332 5174 praefinito
1353 5119 1441 5159 rursus
1464 5119 1495 5158 ex
1515 5117 1645 5170 carporum
1664 5107 1771 5162 uncatis

155 5208 246 5248 srensa
258 5195 284 5246 in
297 5193 359 5247 iocis
372 5195 498 5262 preclaris
509 5197 560 5250 eris
575 5200 602 5250 et
621 5199 762 5264 spectaculo
783 5199 871 5252 frueris
886 5201 940 5251 tum
986 5197 1154 5259 evolaveritie,
1171 5196 1261 5262 quibus
1275 5197 1302 5248 in
1313 5197 1363 5248 isto
1373 5195 1461 5247 mortis
1477 5196 1545 5246 statu
1556 5194 1669 5262 impediti
1678 5197 1770 5264 mistis,

155 5283 376 5339 mnumerabilium
391 5285 497 5338 aliorum
509 5287 630 5340 bonorum
643 5292 668 5340 et
680 5301 783 5349 summis
801 5288 940 5351 felicitatis,
986 5288 1041 5340 alio
1060 5288 1150 5338 iterum
1168 5286 1227 5336 rito
1248 5286 1287 5336 bis
1304 5285 1330 5336 tn
1346 5287 1413 5336 terra
1425 5285 1487 5336 cetis
1501 5283 1591 5338 similes
1611 5297 1657 5353 pro
1675 5286 1771 5340 meum

243 5397 311 5440 ruia.
329 5401 405 5441 canc.
422 5404 458 5448 ιιι.
1652 5377 1669 5428 ²
