3938 5968
512 363 743 428 ETHICORUM
763 363 1104 430 NICOMAGHEORUM
1126 367 1406 431 PARAPHRASIS.

128 499 245 572 θνείων,
260 496 306 558 καί
320 499 373 557 τῶν
384 501 529 578 τυχόντων·
545 501 583 559 δεῖ
598 499 650 582 ἄρα
664 502 702 581 τῷ
719 499 854 579 εὐδαίμονι
878 501 922 582 φί·

127 584 200 646 λων.

172 675 189 706 *
199 673 300 736 Λυτέον
316 673 344 735 δὲ
358 674 415 744 τούς
429 676 548 757 πρώτους
561 677 668 758 λόγους,
680 678 714 739 δι’
728 679 769 748 οὐς
787 678 869 740 ῖδδκει
884 679 922 758 μὴ

128 765 188 824 δεῖν
202 764 286 843 φίλων
301 767 355 833 τοῖς
369 766 508 846 μακαρίοις
517 791 524 804 ·
534 767 580 827 καὶ
592 768 685 849 ῥητέον
700 768 725 827 τί
739 768 861 848 λέγουσι,
876 768 921 828 καί

127 858 170 926 πῆ
184 853 197 892 ²¹
213 853 379 928 ἀληθεύουσι.
406 855 525 934 Δέγομεν
547 856 649 931 τοίνυν,
667 857 707 918 δτι
729 861 754 918 οῖ
768 857 863 918 πολλού
881 857 923 940 φί-

126 946 194 1011 λους
220 943 319 1004 οἴονται
336 943 394 1012 τούς
415 945 563 1025 χρησίμους
590 937 675 1026 εῖναι,
704 947 750 1007 καλ
777 951 806 1008 οὐ
827 947 870 1008 διδ
893 947 923 1006 τύ

128 1028 253 1108 ἀγαθόν,
269 1029 338 1090 ἀλλὰ
353 1029 397 1090 διδι
417 1032 465 1104 τὴν
480 1032 573 1112 χρείαν
595 1033 801 1112 οίγαπωμένους,
822 1033 868 1094 καί
884 1033 922 1094 έτι

126 1117 192 1188 τούς
210 1118 254 1178 διδι
270 1119 318 1193 τὴν
332 1120 442 1193 ἡδονήν·
458 1121 557 1180 τούτων
571 1121 598 1182 δὲ
610 1129 624 1184 ὐ
636 1125 770 1202 εὐδαίμων
784 1126 812 1183 οὐ
829 1125 922 1182 δεῖται·

127 1213 179 1269 τοῦ
197 1207 246 1287 μίν
261 1208 410 1290 χρησίμου,
424 1208 466 1271 ὅτι
484 1208 573 1270 πάντα
590 1211 645 1292 ἔχει
660 1211 695 1273 τδι
710 1212 816 1292 ἀγαθοί,
833 1219 879 1272 τοῦ
895 1212 921 1271 δὲ

127 1298 227 1374 ἡδέος,
240 1297 355 1372 ὐτιὴδύς
372 1303 386 1360 δ
408 1299 463 1381 βίος
478 1303 565 1383 αὐτῷ,
582 1301 629 1362 καλ
646 1303 676 1362 οὐ
689 1302 774 1364 δεῖται
791 1305 840 1374 τῆς
852 1301 922 1372 ἔξω·

127 1392 174 1446 θεν
190 1389 299 1460 ἡδονῆς.

173 1475 209 1513 **
224 1479 265 1537 Οὐ
289 1476 409 1557 δεόμενος
425 1477 453 1538 δέ
475 1478 664 1539 τῶντοιούτων
684 1479 783 1560 φίλων,
807 1481 835 1538 οὐ
851 1478 923 1538 δοκεῖ

127 1567 237 1626 δεῖσθαι
251 1567 334 1648 φίλων
348 1570 400 1626 τῶν
417 1571 453 1635 ὣς
476 1569 582 1639 ἀληθῶς
605 1568 706 1650 φίλων,
733 1568 790 1628 ὅσοι
809 1567 853 1626 δεδι
874 1567 921 1639 τὴν

127 1655 231 1736 ἀρετὴν
246 1655 382 1737 φιλοῦνται
402 1655 447 1716 καί
460 1655 489 1715 τδ
502 1659 611 1736 ἀγαθόν.
635 1659 720 1718 Τοῦτο
740 1657 767 1716 δὲ
788 1657 836 1716 οὐκ
851 1653 922 1715 ἔστιν

127 1746 246 1818 ἀληθές·
261 1745 307 1804 καί
322 1746 399 1816 δῆλον
414 1747 520 1806 έκεῖθεν.

169 1833 225 1871 ***
246 1833 375 1914 Καθάπερ
393 1833 444 1914 γδιρ
460 1837 485 1895 ἐν
503 1840 574 1917 ἀρχῇ
594 1833 713 1915 εἴρηται,
728 1839 745 1908 ἡ
768 1833 921 1912 εὐδαιμονία

127 1923 253 2004 ῖνίργειοί
268 1925 349 1984 ἐστιν.
363 1923 398 1984 Ἡ
410 1924 437 1983 δὲ
449 1923 566 2006 ἐνέργεια
579 1925 689 2007 φανεφύν
700 1923 740 1984 ὅτι
754 1923 864 2004 γίνεται,
876 1923 921 1983 καί

127 2014 157 2071 ἐν
167 2016 209 2094 τῷ
219 2013 336 2092 γίνεσθαι
346 2011 375 2070 τδ
386 2002 452 2070 εἶναι
467 2011 533 2092 ἔχει,
547 2012 628 2072 καλού
643 2011 733 2092 γέγονε
746 2013 792 2073 καί
804 2013 918 2094 ὑπάρχει

126 2101 205 2175 ἡδη,
224 2100 343 2181 καθάπερ
356 2125 382 2161 τι
399 2106 490 2180 κτῆμα
504 2127 510 2139 ·
527 2101 681 2164 συνίσταται
705 2103 753 2180 μέν
774 2093 820 2164 οὐν
846 2105 921 2174 ἡεύ·

127 2189 258 2268 δαιμονία
281 2193 308 2250 ἐν
323 2195 360 2269 τῷ
379 2194 426 2262 ζῆν
451 2191 496 2250 καὶ
521 2191 657 2271 πρέπειν.
673 2191 712 2254 Τδ
731 2192 782 2271 γδιρ
799 2195 848 2264 ζῆν
862 2193 921 2251 κατ’

128 2279 230 2362 ἀρετὴν
246 2278 291 2340 καί
307 2279 433 2359 πριίττειν
448 2280 483 2340 τδι
499 2283 631 2342 σπουδαῖα
646 2283 812 2360 εὐδαιμονεῖν
835 2284 919 2343 ἐστιν.

125 2363 215 2429 Ἐπεὶ
230 2369 257 2426 δὲ
272 2371 289 2438 ἡ
306 2367 414 2439 τοιαύτη
431 2371 548 2449 ἐνέργεια
562 2369 639 2442 ἡδεῖά
655 2373 710 2431 ἔστι
724 2375 762 2452 τῷ
774 2370 921 2452 σπουδαίῳ,

128 2457 172 2517 ὅτι
189 2480 219 2516 τε
234 2455 341 2535 ἀγαθή,
360 2456 406 2516 καῖ
430 2459 508 2529 ἡδεῖα
534 2462 593 2517 καθ’
609 2460 722 2532 ἑαυτήν,
744 2463 779 2526 ὥς
804 2461 831 2518 ἐν
853 2462 922 2540 ἀρχῇ

128 2545 238 2624 εἴρηται
245 2589 255 2619 ,
272 2544 317 2606 καὶ
339 2543 379 2603 δτι
400 2545 485 2604 οἰκεία
509 2547 596 2626 αὐτῷ,
620 2548 650 2607 τδ
674 2547 726 2628 ἄρα
745 2553 850 2626 θεωρεῖν
874 2551 922 2620 τὴν

128 2633 260 2705 τοιαύτην
276 2632 408 2715 ἐνέργειαν
431 2634 537 2706 ἥδιστόν
551 2637 607 2693 ἐστι
627 2639 665 2716 τῷ
687 2635 837 2713 εὐδαίμονι·
859 2641 921 2696 θεω·

131 2734 189 2806 ρεῖν
202 2724 230 2783 δὲ
246 2724 280 2784 τδι
301 2728 346 2784 τοῦ
363 2721 445 2790 πέλας
464 2725 597 2815 δυνάμρθα
618 2727 719 2801 μᾶλλον
734 2725 752 2798 ἢ
768 2725 802 2784 τδι
822 2726 921 2802 οἰκεῖα,

129 2814 178 2874 καὶ
194 2812 242 2880 τδις
254 2811 360 2872 ἐκείνων
380 2811 504 2892 προίξεις,
520 2809 597 2883 ἡτδις
612 2813 761 2893 ἡμετέρας·
778 2820 791 2874 δ
809 2815 860 2895 ἄρα
874 2816 920 2873 εὐ-

130 2902 238 2979 δαίμων
255 2899 373 2977 μοίλιστα
390 2900 517 2981 θεωρήοει
530 2899 576 2969 τὰς
587 2907 633 2962 τοῦ
649 2904 725 2983 φίλου
738 2902 862 2983 προέξεις,
876 2903 922 2964 καί

130 2997 246 3072 ἀγαθαῖς
270 2987 297 3048 δέ
313 2987 403 3056 οὔσαις
418 2989 564 3060 ἡσθήσεται
585 2991 711 3066 μάλιστα.
736 2995 770 3052 Εἰ
791 2992 818 3051 δὲ
840 2992 921 3072 ὐνοίγ·

129 3105 167 3154 κη
184 3080 233 3151 τὴν
248 3077 349 3157 ἀγαθὴν
362 3077 459 3150 ἡδονὴυ
477 3077 586 3149 ἥδεσθαι
603 3079 648 3140 τύυ
664 3079 824 3158 εὐδαίμονα,
842 3105 921 3164 φαντ-

132 3168 199 3251 ρόν,
216 3168 255 3227 ὅτι
270 3166 347 3248 χρεία
366 3172 403 3249 τῷ
425 3167 558 3246 εὐδαίμονι
584 3169 825 3251 φίλωνιτοιούτων,
845 3171 919 3252 εἴπερ

129 3262 241 3334 θεωρεῖν
264 3259 378 3334 αἱρεῖται
393 3254 500 3336 πράξεις
516 3257 638 3324 ίπιιιιιεῖς
666 3259 712 3317 καὶ
726 3258 842 3339 οίκείας,
868 3251 922 3320 οἶαί

130 3347 202 3404 εἰσιν
218 3345 244 3400 αἱ
261 3347 307 3402 τοῦ
323 3345 422 3422 ἀγαθοῦ
438 3345 514 3425 φίλου
529 3343 612 3413 ὄντος.

172 3431 239 3468 ****
249 3429 314 3492 Ἐτι
329 3433 357 3490 δὲ
371 3433 468 3502 ποίντες
480 3433 578 3494 οίοντοιι
593 3434 702 3508 ἡδίστην
714 3435 763 3510 τὴν
777 3440 822 3498 τοῦ
838 3440 921 3500 εὐδαί-

131 3545 213 3600 μονος
233 3519 313 3591 ζωήν.
331 3519 366 3581 Ἥ
383 3521 412 3581 δὲ
427 3521 480 3594 ζωὴ
495 3528 540 3582 τοῦ
563 3523 716 3601 εὐδαίμονός
737 3527 794 3585 ἔστι
809 3527 840 3588 τδ
860 3530 920 3589 κατ’

130 3608 231 3691 αἰρετὴν
247 3611 379 3688 ε’νεργεῖν,
397 3609 427 3668 τύ
444 3610 470 3668 δὲ
487 3613 599 3690 ἐνεργεῖν
617 3617 733 3694 συνεχῶς
749 3619 808 3691 μεθ’
823 3618 920 3699 ἑτέρων

129 3701 180 3778 μὲν
205 3695 307 3779 ῥοίδιον,
335 3697 394 3758 καθ’
408 3698 499 3758 έαυτδν
516 3699 543 3758 δὲ
559 3704 697 3780 χαλεπόν·
728 3703 785 3762 ὅθεν
800 3707 920 3784 χαλεπὸς

130 3794 145 3848 ὃ
163 3785 284 3864 μονώτης
298 3785 353 3866 βίος
363 3809 370 3823 ·
382 3787 413 3848 τδ
426 3786 452 3846 δὲ
468 3787 557 3869 ῥηίδιον
571 3789 644 3862 ἥδιον
656 3798 701 3851 τοῦ
718 3792 874 3872 δυσχεροῦς·
892 3796 921 3856 τὸ

130 3879 207 3950 ἥδιον
223 3875 368 3953 δὲμᾶλλον
385 3877 515 3956 προσήκει
537 3881 575 3958 τῷ
592 3879 728 3961 μακαρίῳ.
759 3882 813 3942 Καί
828 3882 886 3960 ἅμα
901 3891 918 3958 ἡ

131 3968 254 4047 ἐνέργεια
265 3969 441 4045 συνεχεστέρα
452 3966 525 4047 αὐτῷ
540 3964 625 4041 ἔσται,
634 3968 709 4038 ἡδεῖα
718 3958 792 4028 οὐσα·
802 3976 877 4030 τοῦτο
891 3971 918 4031 δὲ

130 4060 169 4132 τῷ
186 4053 311 4133 μακαρίῳ
323 4052 453 4134 προσήκει
476 4058 590 4134 συνεχῶς
609 4055 668 4114 κατ’
682 4057 778 4137 ἀρετὴν
794 4061 918 4138 ἐνεργεῖν.

130 4142 254 4204 Τοῦτοδέ
266 4133 340 4208 αὐθις
352 4142 435 4220 μείζω
446 4145 518 4225 αὐτῷ
527 4143 633 4216 ποιήσει
643 4143 692 4216 τὴν
702 4145 808 4220 ἡδονήν·
826 4146 919 4219 ἥδεται

130 4233 184 4312 γὰρ
201 4233 367 4301 δσπουδοιῖος
386 4240 443 4299 ταῖς
453 4236 513 4292 κατ’
526 4233 623 4314 ἀρετὴν
638 4233 784 4316 πράξεσιν,
801 4227 820 4315 ἡ
834 4259 917 4296 σπου·

131 4322 214 4388 δαῖος·
240 4321 296 4389 ταῖς
316 4320 344 4380 δὲ
369 4322 422 4382 ἀπὸ
441 4323 535 4389 κακίας
563 4324 740 4402 δυσχεραίνει·
762 4326 881 4408 καθάπερ
904 4329 919 4386 ὁ

131 4407 258 4486 μουσικὸς
281 4410 334 4476 τοῖς
362 4412 452 4478 καλοῖς
474 4409 582 4489 μέλεσιν
606 4411 714 4488 ἥδεται,
747 4411 791 4473 ἐπί
812 4411 840 4474 δδ
866 4423 920 4484 τοῖς

131 4497 398 4665 φαῇοὲὲίίύεμτόύδν
411 4585 438 4647 δέ
446 4587 494 4663 τὴν
504 4577 584 4648 οὐσαν
592 4587 644 4658 ἕξιν
654 4588 839 4671 συνεχέστερον
850 4594 919 4674 ένερ·

132 4674 212 4754 γη’σει
231 4678 246 4734 δ
261 4677 417 4749 σπουδαῖος,
436 4677 490 4737 ἀπὸ
507 4682 553 4737 τοῦ
569 4677 722 4746 σπουδαίοις
738 4683 834 4758 συζῆν,
849 4681 918 4740 ἀλλὰ

132 4767 178 4824 καὶ
194 4765 241 4838 τὴν
258 4766 296 4845 μὴ
311 4756 392 4827 οὐσαν
413 4768 559 4842 κτήσεται,
575 4766 591 4840 ἡ
609 4767 639 4838 θς
651 4769 707 4848 ἔχει
726 4770 833 4847 ἄμεινον
848 4769 919 4840 ίξιι·

133 4854 236 4932 γένοιτο
249 4854 301 4936 γδιρ
322 4855 354 4915 δν
370 4855 485 4924 ἐπίδοσις
511 4861 607 4938 ἀρετῆς
627 4858 682 4918 ἀπὸ
701 4864 747 4918 τοῦ
764 4864 843 4931 συζῆν
867 4863 920 4928 τοῖς

134 4945 257 5019 ἀγαθοῖς,
270 4945 391 5028 καθοίπιρ
409 4947 454 5006 καί
472 4945 584 5026 Θέογνίς
604 4971 683 5030 φησι·
701 4949 739 5010 δεῖ
755 4948 807 5030 ἄρα
823 4951 861 5030 τῷ
876 4949 920 5008 εὐ-

136 5033 241 5112 δαίμονι
256 5033 348 5115 φίλων.

1702 373 1761 432 535

979 513 1089 566 dundius
1101 517 1151 574 est,
1168 529 1245 580 quam
1259 530 1316 566 cum
1338 515 1424 566 alienis
1440 520 1465 567 et
1481 516 1545 567 forte
1560 516 1661 568 fortuna
1673 517 1764 568 oblatis

977 603 1119 654 hominibus
1136 617 1211 668 :ergo
1224 603 1311 654 amicis
1325 603 1401 655 etiam
1415 603 1469 654 viro
1481 604 1554 656 beato
1565 619 1628 670 opus
1638 608 1684 655 est.

1009 693 1059 746 Sed
1073 694 1273 759 respondendum
1286 694 1367 745 estad
1383 694 1495 760 priorum
1505 695 1606 746 illorum
1615 697 1761 754 orationem.

977 789 1028 840 qua
1042 775 1148 840 probare
1168 775 1324 834 ridebantur,
1340 776 1426 826 amicis
1441 791 1490 826 ιιοιι
1512 790 1583 840 egere
1598 777 1704 827 felices:
1723 775 1764 826 di-

978 858 1148 924 cendumque,
1165 871 1223 924 quae
1246 857 1347 908 iilornm
1363 871 1435 908 mens
1456 857 1489 908 sit
1509 861 1535 908 et
1558 872 1609 922 qua
1636 871 1669 908 ex
1694 861 1764 921 parte

978 949 1067 988 rerum
1087 937 1229 1001 loquantur.
1245 937 1359 987 Dicimus
1381 949 1440 1000 ergo
1454 937 1545 1002 vulgus
1566 937 1709 988 existimare
1722 949 1765 986 eos

978 1028 1032 1066 esse
1049 1014 1149 1074 amicos,
1172 1015 1215 1080 qui
1240 1015 1376 1067 utilitatem
1392 1013 1502 1066 aiierunt
1526 1017 1621 1080 quique
1639 1029 1688 1066 non
1707 1016 1764 1066 boni

978 1108 1053 1144 causa
1071 1093 1116 1144 sed
1139 1098 1240 1160 propter
1262 1095 1458 1146 emolumentum
1475 1100 1599 1154 amantur,
1622 1099 1666 1145 aut
1689 1096 1764 1145 etiam

978 1168 1149 1220 delectationis
1171 1183 1268 1219 causa:
1291 1169 1384 1234 quibus
1399 1172 1482 1220 tamen
1507 1169 1596 1220 beatus
1610 1184 1660 1220 non
1680 1174 1735 1232 eget
1756 1186 1762 1218 ι

977 1246 1034 1295 utili
1054 1245 1155 1310 quidem
1172 1245 1264 1304 amico,
1281 1245 1341 1310 quia
1357 1245 1439 1295 omnia
1465 1245 1540 1296 babet
1561 1245 1632 1304 bona,
1655 1243 1765 1308 jucundo

977 1325 1069 1380 autem.
1087 1321 1147 1386 quia
1158 1320 1269 1384 jucunda
1284 1325 1322 1372 est
1334 1321 1388 1386 ejus
1403 1321 1463 1380 vita,
1479 1336 1560 1387 neque
1574 1325 1703 1372 externam
1719 1335 1765 1370 vo-

977 1399 1100 1463 luptatem
1114 1395 1228 1461 requirit.

1009 1491 1041 1537 At
1054 1487 1076 1537 si
1091 1485 1184 1536 talibus
1194 1485 1281 1536 amicis
1299 1499 1348 1535 ιιοιι
1357 1488 1421 1548 eget,
1436 1499 1507 1548 cgere
1521 1485 1608 1535 amicis
1627 1499 1676 1535 non
1689 1485 1762 1536 vide-

978 1581 1027 1636 tur,
1041 1576 1086 1641 qui
1097 1589 1185 1626 revera
1200 1577 1258 1625 sunt
1277 1574 1357 1634 amici,
1373 1574 1517 1639 quicunque
1530 1573 1648 1624 nimirum
1661 1575 1764 1624 virtutis

978 1669 1003 1716 et
1018 1665 1076 1716 boni
1094 1678 1169 1715 causa
1191 1663 1338 1728 diliguntur.
1358 1665 1410 1714 iioe
1426 1665 1511 1714 autem
1523 1677 1612 1713 verum
1632 1677 1682 1713 non
1705 1667 1762 1713 est:

977 1757 1045 1825 qnod
1057 1757 1097 1808 vei
1113 1757 1181 1808 illinc
1196 1757 1307 1821 apparet.

1009 1851 1121 1912 Namque
1134 1850 1164 1896 ut
1174 1845 1294 1910 principio
1304 1843 1422 1902 diximus,
1431 1843 1561 1895 beatitudo
1569 1843 1635 1894 ectio
1648 1842 1764 1908 quodam

977 1934 1204 1986 oscitationem
1217 1931 1379 1983 manifestum
1393 1935 1431 1981 est
1441 1931 1502 1990 fieri,
1523 1934 1600 1995 atque
1617 1932 1642 1981 in
1654 1945 1684 1981 eo
1696 1932 1764 1996 quod

978 2023 1006 2075 tit
1026 2023 1169 2082 consistere,
1194 2035 1277 2086 neque
1298 2021 1437 2072 absolutam
1461 2034 1516 2071 esse
1535 2022 1637 2086 jamque
1663 2021 1765 2072 subesse

976 2117 1096 2178 tanquam
1117 2111 1297 2176 possessionem
1323 2129 1330 2160 ε
1363 2111 1388 2160 ίιι
1419 2109 1527 2161 virendo
1551 2124 1609 2175 ergo
1637 2114 1715 2176 atque
1738 2110 1764 2160 in

976 2201 1071 2268 agendo
1087 2201 1197 2252 cemitnr
1217 2199 1354 2252 beatitudo.
1370 2199 1460 2250 Vivere
1470 2199 1536 2250 enim
1550 2213 1607 2248 eum
1624 2200 1719 2250 virtute
1739 2203 1764 2249 et

976 2294 1080 2346 honesta
1103 2305 1176 2356 agere
1193 2294 1231 2341 est
1245 2291 1348 2342 beatum
1364 2304 1427 2340 esse.
1446 2290 1510 2341 (ium
1524 2293 1608 2340 autem
1631 2291 1764 2341 virobono

974 2381 1084 2447 jucunda
1100 2381 1132 2430 sit
1140 2379 1197 2430 talis
1216 2379 1294 2437 aetio,
1306 2377 1366 2444 quia
1382 2378 1447 2428 bona
1459 2391 1503 2442 pcr
1517 2391 1544 2427 se
1556 2381 1594 2428 est
1608 2378 1762 2442 etiucunda,

975 2467 1187 2536 quemadmodum
1201 2466 1326 2532 principio
1337 2466 1460 2526 diximus,
1476 2469 1501 2517 et
1519 2465 1579 2531 quia
1598 2466 1697 2531 pmpria
1710 2467 1765 2532 ejus

976 2559 1022 2615 est,
1037 2554 1248 2620 jucundissimum
1262 2554 1339 2604 etiam
1357 2553 1491 2618 beatossest¹
1506 2554 1582 2604 talem
1596 2554 1719 2620 inspicere
1740 2570 1764 2606 a·
1851 2578 1856 2586 ·

976 2647 1082 2696 ctionem
1099 2663 1105 2692 ι
1120 2644 1226 2695 ιιΙίοτυιιι
1237 2657 1297 2694 vero
1311 2657 1351 2694 res
1363 2641 1460 2693 facilius
1478 2657 1554 2708 quam
1564 2647 1661 2694 nostras
1672 2649 1697 2696 et
1707 2645 1764 2695 ilio-

975 2751 1033 2786 rum
1060 2735 1170 2785 actiones
1183 2747 1260 2798 quam
1282 2735 1380 2782 nostras
1397 2730 1552 2782 commodius
1565 2733 1685 2798 inspicere
1706 2747 1764 2798 pos-

976 2839 1080 2876 sumus:
1098 2837 1176 2890 quare
1191 2824 1280 2873 beatus
1298 2821 1372 2872 aorici
1387 2822 1497 2872 actiones
1512 2822 1620 2874 maxime
1640 2824 1761 2888 inspiciet,

975 2918 1001 2965 et
1021 2913 1121 2980 quando
1139 2913 1210 2964 bonae
1227 2915 1286 2962 sunt
1307 2911 1416 2962 maxime
1439 2911 1516 2961 etiam
1538 2911 1569 2962 iis
1587 2911 1757 2975 delectabitur,

976 3003 1070 3064 Quodsi
1085 3016 1185 3054 neeesse
1197 3005 1243 3062 cst,
1262 3002 1352 3052 bonam
1372 3015 1426 3051 esse
1445 3001 1676 3066 voluptatemque
1695 3000 1761 3051 irua-

975 3098 1018 3144 tur
1045 3093 1084 3142 vir
1112 3091 1213 3150 beatus,
1236 3091 1314 3156 liquet
1336 3089 1428 3140 talibus
1448 3090 1535 3140 amicis
1549 3105 1620 3155 egere
1649 3091 1760 3150 beatum,

976 3182 1099 3248 siquidem
1122 3181 1243 3246 inspicere
1258 3180 1314 3230 vult
1332 3180 1441 3229 actiones
1458 3179 1576 3229 honestas
1601 3183 1626 3230 et
1640 3179 1761 3245 proprias,

974 3272 1062 3340 quales
1074 3275 1132 3322 suot
1147 3271 1195 3321 riri
1211 3270 1269 3322 boni
1288 3267 1333 3335 qui
1349 3268 1415 3320 idem
1428 3269 1466 3318 est
1487 3267 1590 3320 arnicus.

1007 3446 1132 3496 Praeterea
1155 3454 1240 3491 omnes
1256 3436 1462 3504 jucundissimam
1492 3437 1560 3487 beati
1577 3435 1656 3487 vitam
1675 3437 1763 3488 eristi-

975 3527 1053 3574 mant.
1071 3521 1141 3574 Beati
1163 3523 1246 3572 autem
1271 3519 1325 3570 vita
1346 3518 1373 3567 in
1393 3516 1534 3567 actionibus
1549 3516 1660 3567 honestis
1681 3517 1763 3566 censi-

976 3607 1020 3657 stit
1033 3626 1039 3656 :
1053 3618 1156 3656 munere
1172 3617 1230 3653 uero
1239 3600 1339 3654 assidue
1348 3597 1417 3662 tirngi
1431 3613 1489 3648 cum
1503 3598 1559 3648 aliis
1568 3598 1670 3662 quidem
1682 3597 1761 3657 tacite,

975 3701 1019 3753 per
1031 3701 1058 3736 se
1074 3686 1121 3736 soii
1134 3687 1218 3735 autem
1236 3681 1339 3733 dissiciie
1358 3681 1412 3730 est:
1428 3693 1506 3744 quare
1527 3677 1638 3728 difficilis
1652 3679 1763 3729 solitaria

976 3773 1015 3821 esi
1032 3766 1084 3816 vita
1096 3785 1102 3814 ε
1116 3769 1236 3816 coeterum
1251 3762 1319 3828 quod
1341 3761 1413 3812 iacite
1427 3764 1473 3818 est,
1487 3759 1623 3823 jucundius
1647 3759 1760 3820 babetur,

975 3873 1052 3926 quam
1067 3855 1135 3922 quod
1152 3850 1253 3904 difficile
1271 3850 1309 3898 est
1320 3866 1326 3896 ι
1339 3846 1408 3911 quod
1423 3860 1481 3896 vero
1492 3845 1630 3909 jucundius
1646 3849 1692 3904 est¹
1709 3861 1762 3896 ma-

976 3941 1014 4005 gis
1035 3938 1110 3990 etiam
1125 3933 1190 3984 ieiici
1206 3929 1328 3981 convenit.
1347 3929 1424 3977 Porro
1442 3927 1517 3976 simui
1537 3926 1648 3976 muneris
1670 3926 1763 3977 iunctio

976 4018 1055 4082 magis
1079 4013 1178 4065 assidua
1193 4010 1216 4061 ei
1234 4008 1366 4070 minusque
1380 4005 1521 4070 interrupte
1538 4005 1594 4064 erit,
1609 4005 1631 4056 si
1652 4006 1763 4070 jucunda

976 4094 1028 4145 sit:
1045 4091 1138 4156 quippe
1157 4085 1256 4136 assidue
1274 4081 1385 4131 actiones
1401 4082 1519 4132 honestas
1531 4079 1656 4145 suscipere
1669 4081 1762 4131 felicem

975 4169 1055 4220 decet.
1077 4163 1150 4224 Quod
1177 4173 1265 4212 rursus
1278 4160 1301 4210 ei
1322 4161 1443 4224 majorem
1457 4159 1548 4210 asseret
1575 4160 1730 4224 voluptatem
1755 4175 1761 4206 ι

976 4258 1033 4294 nam
1046 4242 1083 4292 vir
1097 4241 1188 4298 bonus,
1206 4249 1257 4299 qua
1273 4235 1354 4287 bonus
1373 4238 1424 4294 cst,
1446 4236 1586 4286 actionibus
1600 4235 1688 4285 virtuti
1709 4249 1764 4286 oon·

976 4317 1099 4370 scotaneis
1118 4314 1258 4365 delectatur
1280 4333 1286 4364 ε
1306 4314 1477 4380 impmbisque
1500 4313 1576 4366 factis
1595 4314 1732 4365 offenditur
1756 4337 1761 4365 :

975 4390 1187 4461 quemadmodum
1210 4390 1321 4441 musicus
1335 4403 1367 4441 ex
1390 4389 1526 4460 modulatis
1547 4389 1662 4440 cantibus
1689 4391 1761 4440 voiu-

975 4472 1071 4536 ptatem
1089 4465 1206 4532 percipit,
1223 4465 1303 4517 malos
1324 4467 1410 4516 autem
1427 4468 1453 4516 et
1476 4464 1589 4516 dissonos
1608 4463 1718 4528 graviter
1738 4466 1761 4514 et

975 4545 1079 4596 moleste
1098 4541 1155 4594 iert.

1006 4622 1060 4670 Non
1082 4619 1163 4670 solum
1181 4621 1265 4668 autem
1289 4617 1413 4668 bonorum
1434 4613 1546 4666 vimrum
1574 4615 1762 4666 conversatione

976 4695 1115 4744 commotus
1127 4690 1249 4748 habitum,
1263 4703 1338 4752 quem
1353 4690 1406 4752 jam
1420 4690 1568 4738 consecutus
1585 4689 1630 4746 est,
1646 4686 1764 4750 frequen-

977 4765 1027 4814 tius
1038 4763 1070 4814 ad
1091 4777 1164 4814 usum
1187 4761 1360 4824 actionemque
1376 4762 1518 4817 convertet,
1538 4757 1581 4810 sed
1598 4758 1673 4809 etiam
1687 4772 1763 4822 quem

975 4849 1025 4886 uon
1045 4833 1121 4884 babet
1143 4839 1317 4899 ικιιιεοιγιιείιιτ,
1338 4838 1383 4885 aut
1407 4849 1484 4899 quem
1499 4834 1577 4884 habet
1596 4832 1760 4884 emendabit:

975 4920 1032 4956 nam
1045 4904 1152 4955 vivendo
1161 4919 1218 4955 cum
1232 4907 1303 4956 bonis
1318 4907 1399 4957 virtus
1413 4920 1513 4970 quoque
1526 4909 1658 4963 accrescet.
1673 4919 1763 4970 quem·

974 4976 1109 5097 admodutm
1124 4977 1247 5041 Theognis
1268 4979 1325 5029 ait:
1346 4991 1404 5042 ergo
1421 4978 1508 5029 amicis
1524 4977 1600 5028 etiem
1616 4977 1670 5028 viro
1690 4977 1764 5028 beato

972 5063 1036 5112 opus
1049 5063 1076 5098 es
1090 5085 1096 5097 .

168 5202 181 5230 *
196 5203 225 5252 Τί
243 5204 285 5254 οὐν
301 5205 411 5268 λέγουσιν
429 5209 452 5255 οὐ
464 5209 572 5272 πρῶτοι,
586 5210 638 5256 κτλ.
659 5235 690 5244 -
707 5209 738 5238 ⁴*
753 5211 789 5259 Οὐ
806 5210 920 5274 δεόμενος
935 5210 960 5260 δὲ
976 5213 1026 5260 τῶν
1044 5211 1161 5261 τοιούτωυ
1180 5213 1271 5274 φιλων,
1293 5213 1347 5262 κτλ.
1366 5235 1398 5250 ··
1415 5212 1459 5244 *i*
1484 5209 1525 5263 'liv
1539 5212 1602 5278 ἀρχῇ
1622 5211 1669 5278 γὰρ
1684 5212 1752 5276 etpa-

136 5285 191 5337 ται,
202 5277 254 5325 κτλ.
272 5301 305 5316 -
314 5275 370 5305 aas*
380 5277 482 5328 Οῑονται
496 5277 522 5328 ὄλ
534 5279 586 5330 δεῖν
598 5279 675 5338 ἡδέως
685 5283 726 5342 ζῆν
737 5283 789 5333 κτλ.
803 5305 835 5320 -
851 5281 926 5314 *⁴¹⁰*
939 5282 1037 5332 Γένοιτο
1048 5283 1069 5332 δ’
1080 5283 1109 5332 ἂν
1124 5285 1165 5334 καῖ
1178 5285 1231 5334 κτλ.
