3934 5956
231 384 291 444 338
842 381 1058 446 ANDRONIGI
1080 383 1214 446 nnobrr

227 516 323 594 ρέτως,
348 513 392 572 καί
409 511 442 572 τδι
467 512 536 572 οῖλλα
560 511 698 594 πιέσχομεν
720 513 826 590 ὁμοίως·
852 514 896 576 ἐπὶ
911 517 938 575 δέ
955 521 1004 590 τῆς
1051 525 1277 592 perturbationibus
1289 525 1376 578 eodem
1388 525 1464 577 modo
1474 527 1742 582 incitamursrirtutis
1754 535 1839 582 autern

227 609 321 684 ἀρετῆς
333 602 380 663 καὶ
398 606 444 674 τῆς
459 601 551 668 κακίας
565 605 614 682 οὐχ
625 601 713 670 οὕτως·
730 605 777 664 οὐκ
789 604 840 684 ἄρα
858 606 908 666 eloi
921 606 1003 678 πύθη.
1051 617 1077 664 et
1087 615 1142 666 vitii
1152 629 1200 666 uon
1211 613 1298 665 endem
1310 614 1373 664 retio
1388 619 1425 665 est
1437 629 1513 680 :ergo
1529 631 1578 668 nou
1594 621 1653 668 suut
1667 619 1840 683 perturbatio-

224 689 287 752 Ἔτι
302 692 366 774 πρὸς
388 691 421 751 τθι
444 692 515 764 πέθη
538 695 567 752 οὗ
590 691 719 770 λιγύμεθα
745 694 909 766 διακιῖοθαι,
936 693 1005 752 diii
1051 717 1102 754 aes.
1114 706 1241 754 Postremo
1258 704 1484 768 perturbationibus
1497 719 1544 754 non
1558 705 1663 756 dicimur
1678 707 1838 767 conformari,

227 783 326 852 μᾶλλον
341 781 399 838 κατ’
415 780 481 837 αὐτὰ
495 785 633 838 κινεῖσθαι·
649 781 712 860 πρὸς
730 780 756 839 δὲ
772 781 819 852 τὴν
836 781 930 862 ἀρετὴν
948 785 1006 841 δια·
1051 791 1095 842 sed
1105 792 1189 856 potins
1198 792 1349 844 demoveri:
1365 795 1390 842 al
1404 792 1499 843 virtute
1508 797 1535 844 et
1544 794 1606 844 vilio
1615 795 1768 846 eonformari
1777 796 1841 846 dir-i-

225 871 326 928 ιιιῖοθοιι
343 867 472 948 λιγύμεθα
485 866 532 928 καὶ
550 867 614 949 πρὸς
635 869 681 942 τὴν
700 869 805 929 κακίαν·
822 873 870 931 ούκ
883 871 935 952 ἄρα
951 871 1003 932 εἰσί
1050 864 1255 945 ιιιιιιςόιμοιιοα
1269 883 1329 932 sunt
1344 881 1548 946 perturbationes.

225 954 309 1028 πιίθη.

267 1039 351 1102 *dit
366 1041 401 1101 τὰ
420 1042 487 1103 αθτέι
503 1040 530 1102 δέ
551 1042 608 1102 οὐδὲ
626 1043 749 1122 δυνιίμεις
770 1045 843 1106 ελσέν.
864 1044 934 1106 Ούτε
955 1046 1005 1125 γὰρ
1083 1048 1182 1100 Eisdem
1205 1063 1264 1100 vero
1287 1049 1319 1100 de
1344 1050 1425 1101 causis
1444 1064 1476 1101 ue
1496 1050 1630 1102 facultates
1644 1051 1751 1116 quidem
1772 1059 1841 1104 suut.

228 1129 353 1212 φαῦλοιῆ
381 1130 475 1210 ἀγαθοί
499 1132 662 1292 λεγόμεθαἣ
653 1137 691 1210 τῷ
712 1133 837 1194 δύνασθαι
854 1137 1006 1216 ὀργισθῆναι
1051 1137 1214 1202 nequeenim
1227 1138 1411 1188 mniiautboni
1424 1139 1538 1199 dicimur,
1552 1143 1678 1205 quatenus
1690 1141 1842 1206 simpliciter

227 1217 385 1296 θπλῶς,”
356 1241 416 1279 oure
440 1221 618 1296 ἐπαινούμεθα
645 1220 755 1302 ἣόψιγ
756 1226 833 1298 μεθα,
863 1222 934 1283 Οὔτε
968 1226 1006 1302 τῷ
1051 1239 1123 1275 usses
1135 1239 1275 1290 possumus
1288 1239 1334 1276 neo
1345 1225 1477 1276 laudamur
1485 1230 1529 1276 eut
1541 1227 1722 1292 vituperemur
1734 1227 1843 1279 Sednee

226 1315 412 1389 προαιρεῖσθαι
431 1311 565 1388 δυναίμεθα
582 1312 752 1391 ὀργισθῆναι,
771 1312 915 1392 καθαπερ
904 1313 947 1372 ιπι
960 1337 1007 1384 της
1052 1315 1164 1366 consulto
1181 1329 1313 1380 possumus
1334 1315 1842 1374 iraecl.eroul1urirluteroesebabel

226 1397 321 1475 ἀρετῆς
335 1396 407 1476 ἔχει,
423 1398 491 1456 ἀλλὰ
507 1399 653 1474 μᾶλλον
618 1422 656 1478 τῳ
671 1400 828 1478 περυκεναι·
847 1399 940 1479 αἰγαθολ
955 1398 1006 1478 γὰρ
1052 1404 1095 1454 sed
1110 1405 1193 1468 potius
1205 1405 1323 1469 quonism
1336 1405 1372 1454 ito
1386 1408 1526 1470 comparata
1545 1409 1583 1457 est
1602 1406 1667 1456 ratio
1682 1411 1784 1456 naturae
1796 1423 1843 1456 no-

226 1483 244 1556 ἢ
263 1485 339 1543 κακοί
353 1487 383 1542 οὐ
398 1486 522 1565 γινόμεθα
536 1486 629 1568 φύσει,
643 1487 731 1554 καθὼς
744 1490 769 1546 έν
785 1496 838 1554 τοῖς
853 1486 1006 1568 προειρημέ·
1052 1495 1111 1542 sue
1127 1508 1132 1540 :
1149 1505 1229 1558 quum
1241 1495 1326 1542 contre
1340 1505 1420 1558 neque
1429 1493 1486 1544 boui
1497 1497 1586 1544 nature
1601 1494 1689 1554 simus,
1704 1509 1755 1546 nee
1768 1497 1840 1547 mali

227 1597 278 1642 νοις
289 1573 406 1687 ε’διέχθη.
1052 1581 1284 1646 quemadmodum'
1276 1596 1303 1631 ru
1314 1581 1483 1646 superioribus
1498 1582 1657 1633 ostendimus.

268 1661 301 1698 ¹⁸*
323 1653 403 1722 El*
372 1687 416 1721 ουν
444 1663 511 1740 μήτε
525 1663 596 1733 πάθη
565 1666 645 1723 tat
660 1665 766 1748 αἰρεταί,
784 1665 1004 1778 μητεδυνέμεις,
1082 1667 1176 1726 Quodsi
1188 1667 1551 1733 virtutesnooperturbstiones
1560 1673 1625 1729 sunt.
1637 1669 1838 1725 ιιοοῖασοῖιαισε

225 1749 390 1809 λιίαεται
356 1775 406 1809 των
418 1750 494 1818 ἕξεων
504 1751 584 1818 αὐτὰς
595 1743 671 1811 εἶναι·
687 1753 713 1811 τί
725 1743 817 1830 μεῖν’
787 1777 831 1813 ουν
843 1757 942 1812 ternod
944 1753 1006 1833 ρει-λ
1053 1757 1201 1820 relinquitur
1210 1759 1241 1807 ul
1252 1755 1284 1806 sd
1293 1757 1395 1807 babitus
1408 1755 1570 1807 reserantur·
1580 1757 1727 1822 quidieilur
1736 1759 1771 1808 sit
1785 1761 1842 1809 vir-

234 1861 272 1918 τιρ
253 1837 372 1916 ’,γένει
390 1838 414 1896 ei
415 1860 501 1918 ρ·ηται
512 1838 631 1920 ἔστιγὰρ
642 1840 705 1908 iiie.
1052 1847 1094 1895 tue
1108 1857 1204 1908 genere,
1217 1844 1413 1909 jamdiximus:
1428 1845 1659 1897 esteuimbebitus.

267 1925 315 1960 *⁸¹*
330 1929 378 1984 Δεῖ
392 1863 518 2003 δέ’μὴμύ
519 1864 631 1995 νονέξινρ
644 1928 725 1996 αὐτὴν
741 1920 917 2006 εἶναιλίγειν,
938 1929 1007 1988 diii
1083 1933 1131 1982 Sed
1149 1947 1198 1982 non
1215 1932 1325 1983 sitisset
1339 1933 1375 1983 ilo
1389 1933 1480 1992 dicore,
1496 1935 1616 1984 virtutem
1633 1934 1743 1984 habitum
1759 1949 1841 1994 esse.

226 2015 351 2092 πέροστιθ
353 2038 395 2070 ναι
408 2037 437 2071 το
452 2015 539 2073 τοιαδε
552 2039 608 2090 τις
621 2023 685 2075 τοῦτ
687 2019 804 2077 ’ἔστινο
817 2017 912 2094 ἀγαθή·
927 2017 1007 2097 ἡγὰρ
1052 2035 1140 2071 verum
1154 2021 1229 2072 etiarn
1241 2021 1380 2072 addendum
1396 2025 1441 2082 est,
1458 2022 1534 2072 talem
1545 2035 1612 2082 esse,
1631 2022 1656 2072 id
1665 2027 1701 2072 est
1715 2023 1841 2074 bouum·

228 2102 307 2161 κακία
322 2101 371 2170 ἕξις
387 2102 443 2162 ἐστί
460 2103 573 2182 πονηροί.
590 2096 754 2173 Ῥητέον’
724 2129 768 2165 ουν
780 2105 888 2184 περὶ
855 2131 902 2175 της
915 2109 993 2186 ιἰῖρετ
989 2131 1007 2178 ,ς
1053 2109 1273 2174 siquidemvrtruru
1284 2109 1428 2161 esthnbrtus
1437 2111 1525 2160 malus
1538 2110 1675 2161 Dicendum
1685 2111 1764 2174 ισιῑυι
1774 2113 1843 2162 ιῖῖαιλ

228 2193 328 2267 έκεῖνο,
351 2189 391 2251 tu
406 2194 514 2248 πᾶσα’
500 2215 516 2249 α
520 2191 581 2270 ρετὴ
604 2192 668 2250 αθτύ
689 2216 717 2252 τε
731 2197 827 2269 κοσμεῖ
841 2194 870 2252 τὸ
885 2193 945 2305 ἔχον
959 2195 1007 2266 τὴν
1053 2197 1084 2248 de
1096 2197 1190 2249 virtute
1206 2213 1304 2249 omnem
1316 2199 1436 2249 virtutem
1452 2201 1506 2248 turn
1517 2197 1562 2248 id'
1555 2213 1581 2248 1n
1596 2213 1647 2263 quo
1665 2200 1732 2248 inest
1750 2214 1842 2250 ornare

228 2279 339 2357 ἀρετήν,
354 2278 400 2338 καλ
413 2281 528 2346 καλως
515 2303 584 2360 εγειν
597 2304 681 2358 ποιει
697 2281 784 2340 καίεο
800 2281 874 2372 εργον
886 2307 965 2341 αυταυ
949 2283 1007 2342 τδ
1053 2287 1165 2352 beneque
1178 2287 1298 2338 effectum
1316 2287 1434 2350 reddere,
1445 2291 1500 2336 tum
1523 2300 1585 2350 opus
1601 2288 1770 2352 quoquoejus
1782 2302 1842 2337 curn

229 2366 262 2422 δι’
285 2369 365 2437 αὐτῆς
387 2365 573 2480 ἐνεργούμενογ
598 2357 628 2424 ei
652 2367 737 2427 διατίθ
724 2374 809 2441 θ.ηοιν
835 2361 899 2428 Oios
925 2376 942 2442 ἡ
964 2377 1007 2429 τοῦ
1054 2375 1148 2426 virtute
1157 2374 1252 2426 factum
1265 2376 1395 2440 perpolite.
1404 2375 1674 2440 Exempligrairaoeulr
1686 2375 1771 2426 virtus
1781 2389 1841 2426 curn

229 2454 366 2532 δρθαλμοῦ
382 2456 397 2511 ἄ
401 2452 462 2531 ρετὴ
475 2456 522 2514 καὶ
538 2455 618 2513 αὐτὸν
638 2457 681 2516 τδν
696 2456 829 2534 θρθαλμθν
845 2459 950 2531 τελειοῖ,
963 2459 1008 2518 καί
1053 2463 1169 2514 oculum
1162 2477 1243 2528 ipsum
1253 2463 1349 2528 perlicit
1360 2462 1486 2527 efficitque
1495 2463 1609 2526 probum
1627 2466 1682 2512 tum
1694 2477 1759 2528 opus
1775 2464 1840 2527 eim,

228 2563 296 2598 παιει
285 2541 421 2618 ἀγαθόν,
435 2543 479 2600 καλ
501 2541 668 2621 τ’δέργον
639 2549 717 2602 αυτοῦ
728 2545 912 2619 ,δηλονότι’
887 2569 917 2605 τα
935 2549 1007 2627 θρᾷν·
1052 2551 1236 2602 ῖιῖοεῖνῖιιιιιιι
1230 2551 1314 2602 ·oeuli
1329 2551 1576 2602 enimvirtutobene
1592 2550 1718 2602 ridemus.
1727 2551 1842 2603 Εοιῖεια-

228 2629 446 2774 τῇγδιρῖταῦδρθ
450 2631 535 2706 αλμοθ
551 2623 683 2710 iperii*
654 2656 682 2690 ευ
703 2635 817 2712 δρωμεν.
832 2633 1005 2712 Ὁμοίως’
964 2659 1008 2694 και
1053 2653 1102 2703 que
1123 2640 1196 2690 modo
1216 2639 1274 2704 equi
1289 2639 1371 2689 virtus
1391 2653 1440 2688 non
1459 2637 1556 2688 modo'
1550 2652 1631 2702 ipsum
1651 2652 1746 2703 equum
1764 2644 1841 2690 ornat

228 2716 334 2787 ἡτουί
334 2741 405 2776 ππου
432 2721 479 2797 ἀρε
482 2718 513 2789 τὴ
536 2719 614 2778 αὐτόν
637 2743 665 2778 τε
679 2720 724 2780 τδν
747 2722 829 2782 ἵππον
853 2745 947 2798 κοσμει
936 2723 1008 2782 ’καί
1053 2726 1195 2791 bonumque
1211 2727 1310 2788 reddit,
1325 2727 1370 2777 sed
1387 2727 1463 2777 etiam
1475 2739 1539 2791 opus
1554 2727 1625 2790 ejus3
1639 2726 1688 2776 bne
1705 2727 1774 2777 euim
1789 2728 1844 2777 rir-

228 2806 305 2880 ιἰγαθ’
298 2829 324 2864 ον
340 2814 424 2880 ποιεῖ,
438 2805 517 2864 καθ’
494 2829 523 2864 το
538 2806 657 2888 έργον’
628 2813 716 2866 αυτοῦ·
731 2810 777 2867 καί
791 2809 884 2888 γὰρ
852 2833 884 2888 τῃ
899 2810 1006 2888 τοιαύτῃ
1053 2818 1108 2864 tute
1120 2818 1143 2866 et
1159 2815 1268 2880 equitem
1282 2814 1344 2866 bene
1357 2815 1448 2866 vehere
1461 2817 1543 2879 potest
1556 2819 1581 2864 et
1593 2827 1694 2864 errrrere
1713 2817 1740 2864 et
1753 2814 1844 2866 bostes

229 2891 553 2972 &perditissimisque
568 2896 655 2962 καλῶς
671 2893 816 2969 ἐπιδοίιην,
829 2894 875 2955 καί
888 2899 1007 2976 δραμεῖν,
1053 2905 1204 2967 exspectare.
1238 2905 1322 2960 Quum
1332 2904 1416 2953 aulem
1426 2901 1628 2952 resiuomnibus
1645 2901 1720 2953 itase
1736 2902 1841 2960 habeat,

228 2979 275 3039 καὶ
289 2981 376 3056 μεῖναι
396 2980 455 3049 τοθς
470 2981 621 3060 πολεμίους,
638 2983 716 3044 Ἐπεὶ
734 2987 760 3044 δὲ
774 2984 860 3098 ρθτως
875 2985 919 3045 ἐπί
933 2985 1008 3044 ποῖν-
1053 2993 1128 3044 eliam
1141 2994 1250 3044 humane
1263 2993 1344 3043 virtus
1354 2991 1467 3044 similiter
1480 3005 1507 3042 ee
1519 2991 1620 3042 habebit
1633 3013 1640 3042 ι
1657 3006 1717 3057 quse
1726 2993 1793 3042 nibil
1805 2997 1844 3044 est

228 3092 280 3127 των
300 3067 372 3148 ἔχει,
389 3068 435 3128 καλ
450 3076 467 3144 ἡ
485 3071 635 3150 ἀνθρωπίνη
653 3071 749 3150 ὁμοίως
773 3071 805 3131 ἂν
821 3073 886 3152 ἔχοι·
902 3072 990 3134 καθ’
967 3099 1007 3148 ειη
1053 3079 1136 3140 eliud,
1158 3093 1235 3146 quam
1259 3079 1375 3140 habitus
1399 3093 1449 3145 quo
1462 3079 1543 3130 honus
1566 3079 1610 3129 fiat
1630 3080 1722 3140 borno,
1741 3083 1770 3132 et
1790 3095 1844 3146 quo

228 3155 288 3228 ῖνή
304 3156 453 3235 ἀνθρωπίνη
469 3157 569 3238 ἀρετή,
590 3159 640 3227 eir<
654 3161 699 3238 ἀφ’
713 3151 745 3232 ἥς
759 3164 773 3218 δ
787 3161 966 3274 ἄνθρωπος’,
938 3187 971 3220 αν
974 3187 1006 3220 α-
1052 3168 1189 3220 humanum
1209 3182 1272 3234 opus
1289 3172 1357 3220 reete
1369 3171 1395 3220 et
1407 3168 1469 3220 bene
1485 3168 1585 3219 efficiat.
1600 3168 1732 3228 Quomodo
1754 3173 1844 3220 autem

228 3245 270 3314 δς
281 3245 392 3325 γίνεται
414 3241 572 3326 ιιοιλάρ’ςῆς
595 3249 625 3306 τὸ
642 3247 803 3327 ἀνθρώπινον
824 3247 899 3328 ἔργον
916 3241 944 3307 εύ
959 3249 1007 3308 καί
1051 3258 1129 3310 talem
1148 3258 1427 3322 nobiammparabirnus
1438 3235 1634 3308 babitumiJam
1648 3257 1845 3322 quidsmpaulo

228 3335 502 3412 καλῶςύποτελέσιι.
534 3339 597 3402 Πῶς
621 3336 648 3394 δέ
671 3333 746 3394 ἔσται
768 3337 832 3412 ἡμῖν
841 3273 871 3408 ’ἡ
892 3336 1005 3408 τοιαύτη
1053 3346 1251 3399 antediximus:
1262 3346 1454 3398 ostendebamus
1467 3346 1845 3397 enimbomiuemeumvirtute

113 3456 137 3464 —
227 3423 294 3502 έῐιςς
312 3425 417 3505 εἴρηται
432 3424 480 3501 μὲν
497 3424 542 3483 καί
557 3424 608 3504 πρδ
626 3423 724 3502 ὀλίγου·
749 3425 873 3500 ἐλέγομεν
890 3424 986 3505 γὰρ
956 3449 1004 3496 της
1051 3435 1138 3487 vivere
1160 3435 1322 3487 meditantem
1346 3448 1443 3499 semper
1473 3433 1610 3485 consectari
1639 3433 1844 3485 mediocritatem

230 3513 372 3590 μεσότητος
390 3511 430 3570 ἀεί
450 3511 624 3590 στοχάζεσθαι
644 3515 696 3571 τῶν
718 3510 761 3570 inl
785 3511 818 3569 τὰ
837 3511 908 3584 πύθη
932 3511 1008 3583 κινή-
1052 3527 1167 3576 ιιιοῖααιιι
1184 3538 1229 3575 nos
1246 3525 1278 3574 nd
1297 3523 1496 3590 pertiubatiouee
1509 3523 1691 3588 imnellentinm
1702 3523 1791 3589 iisque
1804 3526 1845 3574 in·

228 3623 307 3678 οεων,
322 3599 369 3660 καί
383 3600 476 3660 ἑαυτὸν
491 3599 580 3669 ἐθίζειν
593 3602 619 3658 έν
629 3608 682 3666 τοῖς
694 3600 818 3667 τοιούτοις
828 3599 872 3659 τὸν
888 3605 914 3660 ἐν
927 3603 1007 3682 ἀρετῇ
1053 3626 1165 3664 suesoere
1180 3628 1185 3660 :
1197 3613 1241 3664 sed
1252 3616 1278 3663 et
1289 3613 1355 3664 idem
1362 3625 1394 3663 ex
1405 3612 1566 3678 sequentibus
1573 3611 1675 3676 patelut,
1686 3611 1845 3664 sinirnirum

227 3693 274 3760 ζῆν
289 3689 505 3770 προαιρούμενον·
519 3686 558 3746 ἔτι
573 3685 601 3746 δέ
613 3685 660 3746 καί
674 3685 723 3748 ἀπὸ
737 3691 790 3746 τῶν
802 3689 1004 3768 λεχθησομένιον
1052 3701 1248 3764 consideremus,
1265 3701 1347 3766 qualis
1358 3701 1390 3752 sit
1408 3699 1510 3752 virtutis
1526 3703 1624 3751 notum.
1638 3699 1669 3751 ld
1685 3703 1775 3752 autern
1794 3701 1844 3750 bor.

227 3777 302 3837 ἔσται
324 3776 444 3859 ρανερύν,
460 3775 505 3834 ἐὰν
529 3774 719 3856 θεωρήσωμεν,
737 3777 800 3834 ποία
813 3777 852 3845 τίς
872 3777 966 3838 ἐστινα
984 3782 1001 3851 ἡ
1052 3789 1125 3842 ιιιοιῖο
1138 3789 1276 3842 rideamus.

227 3867 302 3948 φύσις
315 3873 362 3940 τῆς
378 3870 394 3926 οῖ
397 3871 480 3946 ρειῆς.
494 3869 641 3941 Σκοπῶμεν
652 3867 679 3924 δὲ
696 3868 787 3932 οὕτως.

268 3956 331 3993 m*
346 3957 392 4016 Ἐν
397 3891 488 4016 ρπαντί
503 3959 625 4066 συνεχεῖ,
638 3945 690 4015 οἷον
704 3959 832 4038 γραμμῇ,
848 3954 1005 4064 έπιρανεέα,
1083 3963 1112 4011 In
1121 3975 1223 4012 ouuure
1235 3961 1365 4021 oontmus
1383 3959 1466 4025 quelle
1477 3963 1515 4012 est
1527 3959 1599 4019 bnea
1614 3959 1770 4024 superficies.
1783 3975 1842 4012 ιασ-

227 4041 477 4124 σώματι,ἢλύγω,
491 4043 537 4121 ἢχ
540 4043 623 4125 ρύνῳ,
638 4067 684 4103 και
704 4043 770 4110 ὅλως
783 4045 809 4102 έν
830 4067 910 4102 παντι
899 4043 1005 4104 ’·δυνα
1051 4063 1107 4112 pus,
1122 4049 1201 4099 oratio
1216 4053 1242 4099 et
1255 4051 1353 4113 tempus
1371 4048 1521 4113 omninoque
1537 4048 1564 4098 in
1587 4047 1842 4112 quavisrediridna

228 4132 298 4210 μένῳ
323 4134 375 4189 διαι
378 4135 482 4275 ρεθηναι
504 4131 595 4189 λαθεῖν
619 4134 676 4191 ἐστι
695 4131 786 4208 τδμθν
807 4134 912 4204 πλεῖον,
935 4133 1007 4192 τὸδὲ
1050 4137 1118 4188 aliud
1141 4137 1199 4202 plus
1222 4136 1290 4188 uliud
1310 4137 1407 4196 minus,
1429 4136 1498 4187 aliud
1515 4137 1611 4201 equale
1636 4149 1735 4188 sumere
1761 4137 1841 4188 iicet:

226 4217 351 4292 ἔλαττον,
365 4216 435 4275 riti
448 4215 513 4276 ἴσον·
528 4209 580 4274 οἷον
595 4217 637 4275 ἐπὶ
658 4221 703 4276 τοῦ
726 4223 862 4296 συνεχοῦς,
877 4242 899 4276 ει
890 4217 987 4276 ’τίν’
954 4241 1006 4328 μεν
1051 4225 1157 4290 exempli
1171 4225 1460 4288 graliainreeontinns,
1475 4224 1497 4274 si
1511 4223 1579 4288 quod
1593 4223 1679 4274 decem
1694 4223 1842 4275 enbitonim

226 4305 364 4416 δεκάπηχυ
378 4303 464 4382 πολύ,
477 4301 586 4362 σθ’δδδ
561 4305 659 4382 διπηχυ
673 4304 770 4380 ὀλίγον,
783 4304 868 4364 ῖσον’
855 4309 967 4364 εαταιτθ
980 4307 1006 4375 ἓξ
1051 4317 1098 4372 est,
1117 4313 1225 4364 mulium
1244 4315 1290 4372 est,
1312 4312 1445 4364 bicubitale
1462 4314 1546 4362 sutem
1564 4325 1662 4375 purum.
1677 4313 1840 4377 aequuleerit

225 4391 287 4473 ἔχον
310 4390 449 4469 πήχεις,θ
470 4389 515 4448 καλ
540 4389 620 4467 μέσον
643 4393 779 4464 καλεῖται,
797 4383 872 4450 δτι
852 4409 874 4470 ῳ
891 4393 1006 4454 ἐλλείπει
1051 4401 1119 4467 quod
1135 4415 1179 4452 ser
1193 4400 1334 4452 cubitorum
1347 4403 1394 4463 eei,
1404 4399 1507 4466 quodsi
1520 4399 1631 4450 medium
1645 4403 1762 4460 nocetur,
1779 4401 1842 4466 quia

224 4485 270 4541 τοῦ
285 4477 463 4558 διααπήχεος,
480 4480 602 4559 ὑπερέχει
623 4485 668 4538 τοῦ
683 4480 817 4560 διπήχεις.
847 4477 963 4556 Ὁμοίοις
976 4481 1004 4541 δὲ
1050 4505 1101 4555 qua
1115 4491 1186 4554 parte
1205 4489 1287 4540 nunus
1306 4491 1344 4539 est
1357 4501 1434 4553 quam
1446 4487 1472 4539 id
1491 4487 1558 4553 quod
1572 4491 1611 4540 est
1630 4487 1717 4538 decern
1737 4487 1841 4540 cubito-

226 4569 271 4634 ιαλ
286 4571 330 4628 έπί
339 4574 385 4628 τοῦ
398 4566 569 4648 διωρισμένου
582 4573 672 4628 ποτοῦ·
689 4570 711 4626 εί
721 4569 771 4650 γὰρ
781 4568 863 4627 εἴκοσι
877 4569 955 4644 πολύ,
971 4569 1005 4629 τὰ
1049 4591 1115 4638 rum,
1128 4577 1215 4628 eadem
1227 4577 1308 4642 majus
1322 4581 1361 4629 eet
1374 4591 1451 4643 quam
1464 4575 1606 4627 bicubitale.
1619 4575 1740 4628 similiter
1762 4577 1841 4628 etiam

225 4657 252 4718 δὲ
270 4657 333 4718 δέκα
355 4657 457 4736 ὀλίγον,
467 4656 523 4716 ἴσον
539 4657 613 4716 ἔσται
628 4657 661 4716 τὰ
684 4658 856 4717 δεκαπέντε·ο
871 4655 911 4716 ὅτι
926 4650 947 4739 ᾧ
963 4661 1006 4719 ii·
1048 4683 1090 4719 res
1102 4667 1214 4720 sehabet
1229 4669 1255 4720 iu
1273 4669 1414 4734 quontitate
1430 4667 1531 4720 delinita
1548 4683 1554 4716 :
1569 4666 1665 4718 sienim
1681 4667 1767 4718 multa
1780 4669 1841 4718 ειιιιῖ

223 4747 310 4807 λείπιι
326 4757 370 4808 τοῦ
387 4749 521 4826 μείζονος,
543 4747 665 4828 θπερέχει
686 4753 731 4807 τοῦ
753 4749 897 4816 ἐλάττονος·
920 4750 949 4809 τὸ
974 4748 1001 4807 δέ
1048 4755 1143 4820 viginti,
1150 4769 1295 4824 pauesvero
1304 4755 1522 4820 decem.ze‹111alia
1532 4754 1769 4820 eruntquiadooim‚
1779 4757 1839 4820 quis

224 4843 339 4898 renuisse
361 4837 417 4898 ίσον
437 4837 517 4918 μέσον
531 4838 662 4899 καλεῖται·
681 4837 726 4897 καὶ
753 4838 893 4909 ἡτοιαύτη
916 4836 1003 4912 τάξις,
1049 4858 1098 4908 qua
1111 4857 1138 4895 re
1147 4843 1238 4895 cedunt.
1251 4844 1347 4907 mojori,
1361 4842 1449 4894 eedem
1462 4843 1550 4893 minori
1563 4841 1839 4906 prestuntoeJusmedi

225 4924 383 5006 ἀριθμητικὴ
405 4926 542 5004 ἀναλογία.
560 4925 615 4986 Καὶ
630 4925 674 4986 ἐπί
695 4927 743 5004 μὲν
767 4931 812 4984 τοῦ
830 4925 1003 5008 διωρισμένου
1048 4935 1132 4982 alitem
1143 4931 1240 4996 {equale
1252 4930 1364 4982 medium
1375 4933 1486 4990 vocatur,
1498 4944 1527 4980 ιο
1535 4929 1593 4980 telis
1605 4929 1668 4980 ordo
1676 4929 1840 4980 adlburetiea

256 5159 267 5181 *
287 5159 333 5205 Διὰ
342 5163 420 5207 ταῦτα
430 5159 456 5207 δὲ
467 5159 522 5208 οὐδὲ
538 5160 649 5224 δυνάμεις
664 5161 734 5221 einis,
745 5163 796 5211 νιτλ.
808 5185 840 5197 ··-
854 5159 884 5192 *⁴¹
897 5161 928 5210 El
945 5158 987 5209 οὖν
1004 5157 1067 5222 μήτε
1075 5155 1138 5217 πάθη
1149 5156 1223 5219 εἷσίν,
1236 5157 1289 5206 ντλ.
1304 5179 1337 5191 -
1349 5155 1391 5184 ***
1404 5153 1463 5217 Gap.
1484 5157 1506 5202 6.
1520 5155 1565 5202 Δεῖ
1580 5151 1606 5201 δὲ
1619 5152 1653 5215 μθ
1667 5149 1745 5214 μόνον
1759 5150 1836 5203 ⁰⁶²¹*

226 5227 302 5275 εἰπεῖν
313 5228 459 5284 tritissimi
479 5254 508 5264 -
518 5230 578 5262 *li*
592 5231 633 5280 Ἔν
644 5233 718 5281 παντὶ
730 5233 758 5292 δὴ
771 5235 871 5298 σννιχεῖ
886 5233 939 5281 κτλ.
