3958 5942
493 421 500 433 ’
612 437 662 498 DE
682 437 850 514 SEVERO,
872 440 1009 504 terico
1029 445 1078 504 BT
1099 445 1284 509 NUMENIO.
1703 461 1757 522 tel

161 571 206 629 καί
220 567 354 641 Ἀττικόν,
368 567 419 626 εἰτε
434 569 543 646 γενητῆ,
555 570 600 628 καί
618 573 647 628 ἐκ
658 569 734 638 ποίας
749 572 840 640 αἰτίας.
853 574 938 633 Conf.
985 575 1032 647 τῆν
1049 579 1142 656 ἀλογον
1157 585 1289 660 προοῦσαν
1305 587 1351 654 τῆς
1372 587 1493 662 λογικῆς,
1510 587 1648 666 ἀμέριστον
1673 592 1700 649 δί
1714 593 1762 664 τῆν

161 679 192 737 p.
210 659 259 730 87.
280 660 313 716 Α.
328 669 357 714 et
370 677 421 733 99.
439 657 471 718 (l.
489 658 631 718 Caeterum
657 661 735 720 ideas
757 683 824 720 cum
839 666 939 723 mundi
985 657 1069 732 θείαν,
1086 658 1131 716 καί
1146 663 1175 718 ἐκ
1197 664 1250 719 τῶν
1270 661 1316 721 δύο
1331 669 1435 722 ποιοῦσι
1449 664 1496 736 τῆν
1510 666 1616 742 λογικήν
1622 713 1633 745 ,
1653 673 1698 742 τῆς
1713 671 1760 748 μέν

160 747 267 825 opifice
284 745 472 823 conjunxisse
498 749 643 824 Atticum,
670 751 790 810 relatum
817 753 939 828 legimus
984 746 1019 809 a.
1044 744 1206 819 οοοομοοίοηο,
1230 751 1277 818 τῆς
1301 749 1329 807 δὲ
1356 753 1390 815 ὥς
1421 755 1611 831 amatodo,
1641 758 1760 836 καθάπερ

160 855 225 914 pag.
246 855 312 912 119.
327 835 357 892 B.
374 835 426 914 [p.
440 837 497 893 ²80
511 838 554 895 ed.
570 837 736 897 Schneider.
750 847 760 910 l
773 843 876 920 πρῶτον
893 842 939 914 μὲν
986 831 1156 912 Πλούταρχος
1179 833 1225 892 καί
1249 835 1379 910 Ἀττικός,
1398 839 1444 898 καί
1469 864 1547 922 ρασιν
1566 843 1690 921 ἀγένητον
1713 847 1761 922 μὲν

159 914 204 982 σύν
220 922 384 982 ἀποτείνεται
397 922 461 1003 πρὸς
475 923 534 990 τοὺς
554 924 614 1005 περί
627 925 742 986 Ἀττικὸν
758 928 858 994 πολλάς
874 931 938 989 ὑπο.
983 919 1052 978 κατά
1066 920 1095 979 τὸ
1114 922 1283 999 ὑποκείμενον
1297 925 1375 999 αύτλν
1391 918 1474 1002 εἶναι,
1488 931 1598 1008 γενηνῆν
1613 933 1639 991 δί
1652 933 1720 993 κατά
1732 935 1762 994 τὸ

132 1074 141 1087 ,
159 1011 308 1088 τιθεμένους
321 1009 404 1092 ἀρχάς
419 1012 600 1080 συναπτούσας
615 1014 738 1086 ἀλλήλοις
754 1014 797 1073 τὀν
812 1015 939 1097 δημιουρ.
983 999 1060 1076 εἶδος.
1075 1011 1138 1069 Non
1151 1013 1226 1071 male
1242 1016 1351 1092 aceepit
1366 1018 1477 1076 Atticus
1497 1039 1531 1078 ca
1546 1041 1610 1098 quae
1625 1022 1761 1084 dicuntur

159 1101 203 1179 γθν
214 1101 259 1160 καί
273 1101 319 1167 τάς
335 1101 421 1174 ἰδέας,
435 1100 461 1160 οἰ
474 1101 519 1159 καί
535 1101 581 1171 τῆν
595 1101 658 1174 θλην
671 1104 720 1163 ὑπὸ
735 1101 862 1180 ἀγενῆτου
874 1107 938 1185 φασί
983 1095 1131 1155 οΡίθῑοῐοθ
1146 1118 1210 1176 pag·
1226 1101 1274 1172 37·
1291 1101 1324 1159 B·
1341 1101 1416 1182 λόγος
1430 1102 1456 1162 δὲ
1470 1109 1484 1164 ο
1500 1106 1568 1168 κατὰ
1584 1109 1678 1168 οοῦοὸο
1696 1113 1761 1183 ἄλη·

158 1189 311 1266 κινουμένην
339 1189 444 1269 ψυχῆς,
470 1188 564 1267 ἀλόγου
601 1189 628 1249 δὲ
665 1190 710 1250 χαλ
738 1197 936 1271 xcrtppirrdce,
983 1181 1028 1253 θὴς
1045 1185 1213 1264 γιγνόμενος,
1227 1189 1328 1266 περίτι
1341 1191 1447 1271 θάτερον
1465 1191 1501 1251 ὢν
1515 1194 1561 1254 καί
1576 1198 1636 1278 περὶ
1651 1199 1760 1274 ταύτόν,

158 1277 321 1354 πλημμελῶς
340 1276 386 1334 καί
410 1278 528 1344 ἀτάκτως
548 1277 686 1358 φέρεσθαι,
701 1278 745 1338 καί
759 1287 934 1360 προύριστῦοι
983 1273 1009 1329 ἕο
1021 1274 1058 1351 τῷ
1071 1271 1215 1352 οοῑοοομέοῳ
1230 1275 1274 1354 ὑφ’
1299 1279 1380 1336 οὓῑοῧ
1396 1279 1550 1357 φερόμενος,
1571 1282 1631 1342 ἄνευ
1649 1285 1760 1363 φθόγγου

158 1365 332 1446 κατὰχρόνον
350 1364 398 1435 τὴν
414 1365 461 1444 μίν
476 1365 539 1438 ύλην
555 1375 599 1427 τοῦ
616 1371 756 1442 αἰσθητοῦ,
773 1369 820 1439 τῆν
837 1369 863 1428 δὲ
879 1372 937 1429 ἀλο·
982 1357 1026 1416 ml
1047 1362 1115 1438 ἠχῆς
1130 1361 1184 1440 (ct.
1198 1361 1271 1419 Phil·
1282 1363 1336 1424 Gt·
1351 1364 1465 1442 Fragm.
1484 1370 1541 1428 vol.
1560 1369 1601 1450 ll,
1617 1393 1648 1450 p.
1667 1375 1722 1432 165
1737 1377 1758 1450 ).

158 1456 218 1532 γίαν
231 1462 276 1515 τοῦ
288 1455 368 1533 λόγου
378 1454 426 1528 τῆν
441 1479 469 1514 τε
484 1454 592 1524 ἀταξίαν
607 1460 653 1527 τῆς
664 1456 771 1526 τάξεως.
788 1454 879 1518 Ἔστω
895 1459 937 1537 δή,
982 1446 1103 1508 Ρέοοίοθ
1117 1450 1193 1506 enlm
1208 1470 1239 1527 P·
1254 1453 1323 1518 234·
1348 1455 1384 1514 ll·
1401 1453 1479 1536 [pig-
1498 1457 1554 1532 567
1571 1460 1616 1520 ed.
1636 1460 1756 1520 Schnei-

111 1550 118 1560 ’
158 1539 193 1608 ῶς
218 1565 310 1622 φασιν,
331 1541 380 1613 ύλη
405 1541 452 1601 καί
473 1543 527 1611 θεὸς
546 1543 659 1621 ἀγένητα
681 1544 760 1624 ἀμρω
776 1548 823 1603 ἀπ’
840 1546 933 1612 αἰτίας,
981 1534 1058 1612 ἀεί’.)
1073 1537 1147 1595 hanc
1161 1537 1225 1614 ejus
1239 1539 1507 1617 interpretationem
1521 1547 1588 1604 citat
1602 1569 1609 1605 ε
1625 1548 1668 1606 τὸν
1684 1549 1759 1627 λόγον

158 1632 263 1690 Οὐκοῦν
277 1631 307 1689 el
324 1628 370 1705 μίν
393 1629 516 1707 ἀγένητον
540 1631 627 1697 αύτοῖς
647 1631 748 1690 κοινόν·
771 1632 888 1714 διαφέρει
908 1637 935 1696 δὲ
981 1627 1069 1681 τοῦτον
1084 1627 1098 1681 ὅ
1113 1623 1161 1700 μέν
1179 1623 1294 1694 Ἆποοοο
1308 1627 1351 1685 ἕο)
1372 1635 1417 1700 τῆς
1438 1638 1613 1710 προσεκτικῆς
1626 1635 1760 1715 δυνάμεως

157 1715 228 1794 ὅμως
242 1717 373 1790 ἀλλήλων,
391 1718 516 1797 Insuper
536 1741 565 1798 p,
590 1722 639 1780 30,
656 1720 688 1779 C,
704 1711 733 1779 νῆ
746 1720 767 1779 δ’
782 1719 837 1780 ἔστι
850 1713 935 1783 τᾶλλα
981 1711 1109 1790 ἤκουσεν,
1125 1715 1139 1770 δ
1153 1713 1180 1771 δέ
1200 1714 1345 1794 Πορρύριος
1365 1717 1408 1776 ἰπὶ
1424 1724 1468 1778 τοῦ
1483 1721 1589 1802 ἡνιόχου
1601 1728 1645 1790 τοῦ
1660 1732 1760 1785 κινοῦν·

156 1807 211 1885 ζῷα
236 1809 293 1864 καθ’
312 1805 339 1864 ἓν
363 1806 408 1864 καί
423 1805 491 1864 aad
509 1806 571 1884 γένη
590 1807 686 1886 μόρια,
709 1807 807 1868 τούτων
830 1810 935 1871 πόντων
981 1824 1023 1868 τος
1042 1800 1099 1867 τοὺς
1118 1799 1217 1869 διττοὺς
1228 1801 1324 1870 ἵππους
1337 1807 1396 1866 κτλ.
1412 1807 1543 1885 Denique·
1563 1811 1599 1868 ad
1613 1812 1710 1871 locum
1723 1815 1760 1874 de

155 1893 309 1970 ὁμοιότατον
319 1893 395 1954 αὐτὸν
405 1883 471 1952 εἶναι
483 1897 594 1970 τιθῶμεν
606 1896 656 1972 (cf,
667 1895 807 1960 Phthr.
820 1898 932 1976 Fragm,
979 1889 1112 1964 dierum,
1128 1892 1424 1963 nocllttm‚mettsltlm
1438 1909 1466 1954 et
1478 1915 1620 1957 annorum
1639 1901 1759 1979 otlgllte,

154 1983 213 2041 νοί.
227 1981 266 2054 ll,
279 2003 308 2059 p.
329 1982 399 2061 159)
415 1983 561 2060 quomodo
574 1985 684 2042 Atticus
698 1988 756 2042 καθ’
772 1984 798 2044 ἓν
815 2000 844 2045 et
863 1988 932 2046 κατὰ
979 1998 1045 2056 Ροε-
1064 1983 1111 2052 37·
1133 1979 1164 2038 E·
1182 1979 1279 2060 ἡμέρας
1299 1981 1350 2059 γὰρ
1367 1981 1411 2038 xoel
1426 1981 1522 2052 νύκτας
1544 1986 1589 2044 καὶ
1608 1991 1693 2064 μῆνας
1713 1991 1760 2050 καί

154 2069 216 2147 γένη
233 2071 449 2149 interpretetur,
463 2071 504 2129 sic
516 2071 644 2130 declarat
662 2072 784 2132 Proetus
806 2095 836 2153 p.
865 2097 931 2154 129.
979 2065 1124 2137 ἔοῑοοτοῦς,
1137 2068 1184 2124 οοόο
1197 2066 1271 2135 ὄντος
1289 2066 1349 2150 πρίν
1365 2070 1471 2148 οὐρανὸν
1481 2073 1617 2152 γενέσθαι,
1630 2079 1689 2136 τότε
1701 2077 1758 2152 ἀμα

154 2156 243 2234 Ι)[ρ,
261 2157 376 2218 δοῦσι),
394 2155 572 2239 Schneider,]
583 2157 612 2216 τὸ
627 2161 686 2216 καθ’
701 2157 728 2218 ἓν
745 2163 820 2219 τοῦτο
841 2160 886 2220 χαὶ
904 2163 933 2224 τὸ
979 2152 1070 2235 έκείνιμ
1096 2153 1273 2234 ξυνισταμένιμ
1294 2155 1345 2228 τὴν
1369 2159 1468 2234 γένεσιν
1491 2164 1576 2220 αὐτῶν
1592 2187 1637 2240 μη·
1651 2174 1755 2228 ανάταε.

154 2244 223 2306 κατά
235 2243 296 2322 γένη
319 2245 386 2313 τινίς
404 2247 451 2322 μέν
467 2245 599 2325 εἰρήκασιν
617 2248 782 2327 ἀντιδιαιρεῑν
798 2249 831 2308 τά
846 2247 932 2326 ἄτομα
978 2243 1070 2302 Τοῦτο
1092 2242 1120 2301 δὲ
1135 2243 1220 2304 πάντα
1244 2245 1310 2324 μέρη
1334 2247 1444 2325 χρόνου,
1469 2248 1514 2307 καί
1540 2249 1570 2309 τό
1591 2190 1661 2323 elil
1685 2254 1714 2311 τό
1732 2257 1757 2314 τ’

155 2332 210 2403 εἴδη
225 2332 289 2411 πρὸς
302 2332 337 2392 ed
351 2333 500 2414 κοινότερα,
518 2332 607 2414 ὥσπερ
622 2334 751 2402 Ἀττικός·
774 2339 884 2399 καλοῦσι
904 2341 931 2398 δὲ
978 2329 1067 2401 ἕοοοῑ,
1085 2333 1178 2410 χρόνου
1194 2331 1318 2410 γεγονότα
1342 2333 1397 2405 εἴδη
1415 2337 1470 2411 (cl.
1486 2337 1559 2396 Phil.
1574 2339 1627 2399 Gr.
1646 2340 1755 2418 Fragm.

154 2419 240 2498 ἄτομα
255 2419 311 2492 εἰδη
326 2420 360 2479 τά
371 2426 491 2504 προσεχῆ
505 2421 551 2480 καί
564 2422 668 2498 ἀτόμων
684 2421 774 2498 αἰτια,
791 2423 835 2482 τδν
855 2429 931 2486 αύτο-
978 2419 1036 2476 vol·
1053 2417 1094 2492 ll,
1106 2441 1137 2498 P·
1159 2421 1231 2496 ¹65)
1256 2420 1317 2479 haec
1334 2425 1445 2482 notavit
1463 2424 1585 2484 Procius
1600 2449 1627 2503 p.
1639 2429 1705 2488 250.
1722 2431 1755 2492 B.

153 2509 303 2588 ἀνθρωπον,
329 2513 352 2570 εἰ
375 2511 469 2592 τύχοι,
495 2511 539 2570 τδν
565 2511 724 2584 αύτοίππον,
745 2513 855 2574 ἕκαστον
880 2520 931 2574 τῶν
978 2503 1019 2587 lp·
1031 2507 1087 2565 6⁰5
1102 2509 1148 2570 ού·
1163 2508 1349 2590 5οθοοὶύοο.)
1365 2511 1451 2588 μάτην
1465 2513 1516 2592 ἄρα
1530 2513 1649 2591 λέγουσιν
1660 2520 1684 2577 οἰ
1696 2519 1757 2598 περ)

153 2597 275 2658 τοιούτων
300 2599 389 2674 εἰδῶν,
403 2598 466 2676 γένη
493 2598 521 2658 δὲ
546 2598 579 2657 τδι
597 2597 744 2680 όλικόντερα
765 2600 864 2661 τούτων
887 2603 932 2662 καί
977 2599 1106 2673 Ἀττικόν,
1122 2601 1160 2658 ότι
1184 2599 1275 2680 χρόνος
1296 2602 1344 2680 μὲν
1363 2594 1395 2676 ῆν
1416 2603 1461 2662 καί
1478 2605 1530 2684 πρὸ
1551 2607 1661 2686 ούρανοῦ
1683 2610 1755 2687 γενέ-

152 2684 397 2766 πιριληπτικοίτιρα
412 2686 627 2766 παραδείγματα.
649 2689 766 2746 Accedit
781 2691 860 2767 quod
875 2692 929 2752 At·
977 2711 1054 2760 σεως,
1069 2689 1224 2767 τεταγμένος
1238 2689 1264 2748 δὲ
1288 2690 1380 2771 χρόνος
1394 2695 1442 2750 οὐκ
1456 2683 1499 2766 ῆν.
1515 2691 1606 2756 Ὅπου
1621 2695 1671 2777 γάρ
1692 2699 1755 2778 χρό-

152 2777 226 2835 tima
240 2776 270 2834 in
290 2776 439 2834 tractando
457 2777 536 2848 loco,
551 2777 601 2853 qui
616 2789 659 2834 est
679 2795 746 2854 pag.
766 2778 817 2838 31.
843 2785 876 2837 Α.
894 2783 931 2862 τῷ
976 2799 1034 2846 νος,
1059 2779 1112 2836 ἐκεῖ
1127 2778 1171 2836 καὶ
1192 2778 1222 2837 τὸ
1238 2781 1367 2859 παρελθόν
1384 2784 1439 2840 ἐστι
1462 2781 1550 2842 καὶτὸ
1565 2783 1676 2858 μέλλον,
1691 2785 1755 2846 ὅπου

152 2865 203 2946 γδρ
229 2867 281 2923 τῶν
294 2863 441 2942 νοουμένων
460 2863 608 2944 καλλίστῳ,
629 2864 674 2923 καί
699 2864 767 2922 κατά
788 2865 875 2926 πάντα
893 2893 931 2928 τε·
976 2863 1004 2922 δί
1019 2869 1120 2942 ταῦτα,
1135 2867 1189 2924 έκεῖ
1203 2868 1247 2926 καί
1262 2865 1291 2927 τό
1304 2859 1335 2941 ῆν
1350 2869 1395 2928 καί
1406 2867 1437 2927 τὸ
1453 2868 1527 2929 ἔσται
1542 2869 1658 2940 ποίντως.
1677 2872 1756 2933 ’ἀλλὰ

151 2951 232 3032 λείῳ,
246 2951 360 3030 μάλιστα
374 2951 452 3012 αἰιτδν
466 2957 480 3011 δ
493 2951 546 3019 θεὸς
558 2955 687 3028 ὁμοιῶσαι
703 2953 851 3031 βουληθείς,
865 2959 930 3036 ζῷον
977 2948 1028 3026 μὴν
1040 2952 1084 3010 καί
1097 2952 1126 3011 τδ
1138 2943 1170 3024 ῆν
1181 2953 1226 3012 καί
1240 2954 1270 3013 τὸ
1284 2954 1358 3014 ἔσται
1371 2955 1464 3036 χρόνου
1482 2957 1552 3016 ἐστίν
1563 2961 1618 3030 εἰδη
1631 2961 1754 3039 γεγονότα

151 3041 179 3100 ἓν
196 3040 290 3120 ὁρατὸν
306 3041 393 3099 ποίντα
408 3039 457 3098 ὅσα
472 3044 550 3100 αὐτοῦ
563 3039 629 3098 κατά
645 3040 720 3116 φύσιν
736 3046 847 3120 συγγενῆ
862 3045 931 3113 tot.
975 3038 1049 3118 πορθ
1063 3045 1108 3100 τοῦ
1123 3042 1289 3120 δημιουργοῦ.
1305 3043 1352 3102 Διό
1366 3045 1411 3103 καί
1425 3045 1548 3122 γεγονότα
1563 3047 1630 3106 atet
1646 3050 1754 3125 προσεῖ-

151 3129 210 3206 έχον
232 3131 327 3188 ίαντοῦ
357 3128 511 3201 συνέστησεν
544 3127 601 3209 (cf.
630 3128 705 3188 Phil.
730 3129 783 3190 Gr.
815 3129 927 3209 Fragm.
975 3151 1032 3189 πεν.
1049 3130 1114 3190 Οὐδ’
1132 3127 1183 3208 ἀρα
1207 3129 1296 3208 ·ρόνος
1315 3155 1353 3198 τις
1376 3123 1408 3203 ῆν
1429 3133 1480 3212 πρὸ
1503 3136 1550 3204 τῆς
1566 3135 1750 3216 δημιουργίας.

151 3217 210 3278 vol.
227 3219 268 3290 ll,
284 3239 315 3296 p.
336 3217 400 3296 159)
417 3219 454 3276 de
468 3218 569 3276 mundi
585 3216 766 3286 fabricatoris
781 3232 808 3277 et
829 3239 928 3279 exem-
975 3217 1118 3276 Caeterum
1133 3217 1222 3276 vitam
1237 3219 1348 3278 ratione
1362 3234 1508 3280 carentem
1522 3224 1675 3282 mortalem
1692 3247 1754 3288 esse
1827 3265 1830 3270 ·

149 3305 239 3381 plaris
251 3308 361 3366 ratione
377 3307 482 3366 Proeto
495 3319 564 3365 teste
578 3325 644 3384 pag.
661 3311 725 3366 131.
736 3307 767 3366 C.
779 3304 855 3388 [pag.
873 3313 929 3388 309
976 3307 1087 3364 Atticus
1107 3305 1252 3364 censebat.
1276 3306 1449 3384 lotelligitur
1461 3308 1517 3368 hoc
1532 3329 1568 3368 ex
1587 3311 1651 3388 ejus
1667 3320 1753 3374 inter-

149 3394 195 3452 ed.
211 3395 393 3474 Schneider]
409 3395 464 3453 hoc
476 3395 562 3453 modo
577 3395 709 3471 quaesivit
728 3418 734 3451 ι
755 3397 768 3453 ὁ
784 3401 832 3469 μέν
847 3397 929 3458 'Ano
974 3395 1134 3472 pretatione
1146 3393 1304 3454 verborum
1317 3415 1381 3473 quae
1396 3410 1510 3455 exstant
1520 3418 1550 3475 p.
1564 3407 1611 3468 41.
1631 3399 1668 3461 Ι).
1685 3398 1714 3458 τὸ
1726 3401 1753 3461 δί

149 3481 194 3549 κδς
208 3485 234 3540 ἰν
246 3483 345 3550 τούτοις
359 3484 507 3562 ῆπόρησεν;
522 3487 545 3541 εἰ
560 3483 604 3540 καὶ
619 3485 633 3540 ὁ
650 3483 805 3563 δημιουργὸς
819 3484 870 3543 ύπδ
883 3493 928 3546 τοῦ
973 3481 1063 3541 tosto
1087 3486 1176 3560 ὖμοῖςι
1197 3482 1319 3564 atavam
1342 3482 1434 3556 averto
1454 3487 1672 3567 ποοοογοίγοοῖοο
1696 3491 1750 3566 (ct.

150 3573 243 3640 νοητοῦ
266 3569 331 3650 ζῴου
353 3569 521 3650 περιέχεται·
544 3571 615 3628 δοκεῖ
635 3571 698 3651 γάρ,
723 3573 745 3630 εἰ
768 3571 816 3650 μίν
837 3573 928 3652 περιέ·
974 3571 1047 3630 Phil.
1059 3571 1111 3633 Gr.
1125 3572 1237 3648 Fragm.
1249 3573 1308 3633 vol.
1320 3571 1359 3645 ll,
1373 3594 1403 3648 p.
1422 3573 1505 3652 ¹70l·
1521 3576 1564 3632 lle
1574 3575 1618 3633 his
1629 3575 1669 3635 ita
1680 3577 1754 3637 l‘rc-

149 3680 239 3736 χοιτο,
256 3658 294 3734 μὴ
314 3649 380 3718 εἶναι
393 3659 503 3726 τέλειος·
520 3658 555 3718 τά
569 3657 619 3736 γὰρ
635 3658 730 3739 μερικά
743 3663 813 3743 ζῷα,
829 3661 925 3741 ρηοίν,
974 3659 1036 3718 clus
1051 3678 1117 3738 pag.
1131 3659 1199 3720 311.
1215 3660 1252 3720 A.
1273 3660 1354 3737 [pag.
1370 3661 1426 3732 754
1442 3661 1489 3720 ed.
1504 3659 1691 3740 Schneider.)
1706 3686 1713 3721 ι
1728 3663 1754 3722 τί

149 3749 246 3822 ἀτελῆ,
261 3749 306 3808 καί
319 3747 361 3806 tit
375 3753 451 3806 τοῦτο
462 3747 496 3806 τά
508 3746 682 3828 παραπλήσια
697 3749 785 3815 αὐτοῖς
799 3752 827 3810 αθ
839 3751 924 3810 καλοί·
973 3747 1004 3808 τδ
1019 3747 1145 3808 ἀθόνατόν
1162 3752 1217 3808 ἰστι
1235 3753 1327 3819 τοῦτο,
1350 3747 1395 3806 καί
1409 3749 1434 3806 τί
1454 3749 1484 3807 τδ
1504 3749 1614 3821 θνητόν,
1628 3749 1752 3822 ἐζήτηται

150 3838 173 3894 εἰ
185 3836 212 3894 δέ
231 3836 269 3910 μυ)
288 3836 451 3916 περιέχοιτο,
466 3837 495 3894 οὐ
509 3835 615 3894 πόντων
631 3840 682 3895 τῶν
700 3841 799 3908 νοητῶν
814 3828 880 3896 εἰναι
898 3838 928 3898 τὸ
973 3837 1046 3917 παρά
1060 3836 1113 3903 τοῖς
1127 3841 1173 3895 τοῦ
1198 3837 1341 3902 Πλούτωνος
1361 3834 1514 3912 έξηγηταῖς,
1535 3835 1580 3894 καί
1600 3839 1624 3894 οἱ
1640 3836 1687 3914 μέν
1702 3837 1751 3911 τῆν

148 3927 277 4005 αύτυζῷον
297 3923 503 4005 περιληπτικόν·
522 3924 568 3983 καί
585 3924 720 4004 ἀπορῆσας
741 3925 812 3986 ἰθετο
832 3927 926 4010 ρρδίως
973 3924 1079 4004 λογικὴν
1106 3924 1193 4006 ψυχὴν
1219 3924 1301 4000 μόνην
1322 3921 1449 3982 ἀθάνατον
1474 3923 1660 3990 ἀπολείποντος
1679 3925 1750 4004 φθεί-

148 4012 213 4092 ὖπίρ
225 4015 256 4074 ri)
271 4015 401 4094 αὖτοζῷον
418 4003 484 4074 εἰναι
499 4013 543 4072 τὸν
559 4013 724 4093 δημιουργόν.
744 4015 785 4074 dd
800 4016 862 4075 haec
878 4021 925 4075 At·
973 4036 1047 4094 ρουσι
1061 4011 1109 4084 τῆν
1124 4035 1153 4072 τε
1164 4011 1258 4088 ἄλογον
1273 4009 1341 4082 ζωὴν
1355 4008 1498 4086 σύμπασαν
1511 4009 1554 4070 καί
1568 4011 1598 4071 τί)
1608 4034 1751 4091 πνευματι-

149 4101 197 4158 tici
214 4101 368 4179 explicatio
380 4104 426 4170 τῆς
441 4103 564 4178 μεριστῆς
578 4114 607 4160 et
619 4105 665 4171 τῆς
680 4102 820 4183 ἀμερίστου
836 4103 925 4172 οὐσίας
972 4103 1016 4164 κδν
1028 4101 1119 4181 ὄχημα
1134 4106 1181 4173 τῆς
1191 4103 1293 4182 ψυχῆς,
1306 4096 1375 4158 κατά
1388 4096 1435 4170 τῆν
1451 4101 1485 4167 εἰς
1499 4098 1598 4178 γένεσιν
1613 4102 1695 4180 ῥοπὴν
1706 4107 1751 4176 τῆς

148 4209 213 4266 pag.
232 4191 280 4250 35.
297 4189 321 4247 Α
346 4191 374 4246 in
398 4189 498 4247 verbis
512 4193 559 4259 τῆς
574 4189 714 4268 ἀμερίστου
730 4189 775 4248 καί
795 4190 836 4250 ἀιί
856 4191 925 4250 κατδι
971 4193 1056 4272 ψυχῆς
1068 4189 1115 4262 τῆν
1129 4188 1273 4248 ύπόστασιν
1285 4187 1396 4254 διδόντες
1409 4189 1496 4256 αὐτοῖς
1509 4187 1585 4266 μόνον
1598 4213 1625 4250 τε
1638 4189 1682 4250 τδν
1692 4198 1751 4252 νοῦν

146 4277 180 4334 τί
193 4278 260 4336 αύτά
273 4276 384 4357 ἐχούσης
399 4277 506 4348 ούσίας,
524 4278 569 4336 καὶ
582 4281 628 4348 τῆς
642 4269 675 4336 ad
689 4278 749 4358 περί
767 4278 800 4338 τά
813 4278 925 4358 σώματα
972 4281 1100 4339 ἀθάνατον
1124 4279 1307 4357 διατηροῦντες
1332 4275 1466 4354 ῶςμόνον
1492 4277 1537 4337 καί
1566 4279 1676 4357 μένοντα
1703 4283 1749 4341 καί

147 4365 301 4443 γιγνομένης
315 4368 455 4445 μεριστῆς,
469 4363 554 4444 τρίτον
569 4365 596 4434 έξ
609 4369 705 4443 ἀμροῑν
719 4368 746 4425 ἐν
761 4365 832 4448 μέσῳ
853 4391 925 4426 συνε-
972 4368 1140 4447 ὁμοιούμενον
1156 4371 1209 4434 τοῖς
1223 4373 1288 4435 θεοῖς
1308 4366 1355 4426 καί
1371 4365 1408 4443 μῆ
1425 4368 1607 4449 φθειρόμενον,
1623 4369 1695 4430 ὥσπε
1725 4375 1749 4431 οἰ

146 4453 277 4532 κεράσατο
288 4453 377 4521 ούσίας
387 4445 452 4520 ι’ίδος
468 4454 514 4533 (cf.
527 4453 603 4515 Phil.
618 4454 671 4513 Gr.
688 4453 801 4532 Fragm.
815 4457 875 4514 vol.
886 4454 925 4531 ll,
971 4455 1140 4536 παλαιότεροι
1155 4455 1199 4516 καί
1214 4453 1323 4515 έπεσθαι
1338 4458 1371 4536 τῇ
1385 4454 1453 4525 λέξει
1467 4457 1617 4536 κρίναντες,
1637 4461 1670 4517 δι’
1691 4394 1750 4531 ῆςθ

146 4563 215 4622 pag.
228 4543 303 4620 163)
327 4555 501 4602 memoratur
527 4563 544 4600 a
568 4543 685 4616 Proclo,
710 4563 774 4622 pag.
798 4547 864 4618 187.
892 4547 924 4606 Β.
974 4543 1086 4605 Πλάτων
1108 4543 1204 4626 ρθείριι
1226 4543 1272 4616 τῆν
1288 4543 1401 4622 ἀλογον,
1420 4545 1517 4617 θνητὴν
1538 4545 1617 4617 αὐτὴν
1642 4548 1748 4620 καλῶν,

95 4671 97 4674 -
147 4633 238 4712 [pag.
257 4640 311 4700 ἰνίνύ
327 4632 372 4691 ed.
392 4631 587 4710 Schneider.],
613 4653 678 4710 quae
696 4630 760 4692 talia
775 4647 839 4692 est:
860 4635 882 4692 cl
899 4631 926 4692 δί
970 4630 1029 4698 τὀἰνς
1042 4629 1172 4698 Ἀττικούς
1184 4630 1254 4708 λέγω
1267 4633 1313 4690 καί
1325 4630 1458 4699 Ἀλύίνους
1473 4632 1518 4691 καί
1529 4633 1749 4699 τοιούτουςτινάς.

146 4723 181 4787 ὡς
198 4719 310 4800 ρυοικῆν
325 4724 480 4799 θεωροῦντες
502 4719 628 4799 μεριστὴν
643 4719 690 4798 μὲν
712 4721 801 4781 ούσίαν
820 4719 925 4799 λέγουσι
1013 4723 1167 4779 Numenius
1185 4721 1328 4798 llpameus
1348 4719 1422 4799 (1ο),
1440 4739 1527 4798 quem
1549 4721 1597 4779 alii
1620 4733 1750 4779 veterum

178 4939 225 5004 (10)
241 4939 355 4990 Clemens
370 4939 549 4991 Alexandrinus
567 4943 657 4990 Strom.
670 4942 690 5002 ἰ,
706 4953 731 5004 p.
755 4945 799 4991 342
819 4942 850 4992 etl
872 4942 925 4990 Svl-
947 4957 950 4992 ι
972 4944 1070 5005 ἰίεροῶν
1084 4941 1258 5004 ἰπικρατὴσειυς
1268 4975 1275 5001 ,
1286 4938 1316 4988 τοί
1327 4955 1353 4988 τε
1366 4939 1428 4989 κατὰ
1438 4941 1480 4998 τὴν
1493 4941 1518 4997 ἐξ
1532 4939 1652 5001 Αἰγύπτου
1663 4941 1749 5003 ἰξαγυι·

144 5010 215 5075 burg.
229 5011 404 5076 Ἆριοτόθουλος
415 5013 440 5060 δί
452 5011 475 5060 ἰν
490 5018 523 5074 τῷ
537 5012 625 5076 πρώτῳ
641 5015 676 5073 τῷ
691 5013 748 5077 πρὸς
763 5013 804 5062 τὸν
819 5015 914 5077 Φιλομή
970 5017 1014 5076 γήν
1030 5019 1077 5062 τῶν
1094 5012 1211 5076 Ἐὕραίων
1231 5017 1278 5060 τῶν
1300 5011 1420 5072 ἡμετέρων
1431 5013 1546 5071 ποθιτῶν,
1561 5013 1601 5060 καὶ
1616 5014 1631 5071 ἡ
1649 5015 1697 5061 τῶν
1710 5031 1749 5074 γι·

144 5099 202 5146 τορα
214 5081 276 5130 κατὰ
288 5081 347 5136 λέξιν
361 5082 456 5146 γράφει·
470 5082 661 5141 κατηκολούθηκε
671 5083 697 5132 δί
706 5083 772 5132 καίό
786 5083 887 5133 ἰίλότων
897 5089 926 5146 τῇ
970 5085 1074 5148 γονότων
1093 5083 1202 5132 ἁπάντων
1216 5083 1295 5138 αὐτοῖς
1315 5079 1448 5142 ἐπιφάνεια,
1460 5083 1500 5131 καί
1514 5081 1627 5145 κράτησις
1641 5089 1682 5142 τῆς
1697 5087 1745 5147 χώ-

143 5155 196 5205 καθ’
215 5155 276 5216 ἡμᾶς
296 5153 439 5216 νομοθεσίᾳ,
462 5155 502 5202 καὶ
525 5154 622 5218 φανερός
639 5154 688 5202 ἰστι
711 5155 923 5218 περιεργασάμενος
970 5173 1025 5220 ρας,
1040 5157 1080 5204 καὶ
1103 5161 1143 5212 τῆς
1158 5154 1214 5211 δίης
1237 5150 1375 5214 νομοθεσίας
1393 5150 1547 5216 ὶπείῆγηοις,
1570 5155 1632 5204 ῶοτε
1652 5155 1750 5214 εὔδηλον

51 5227 59 5244 ·
144 5227 235 5274 έναοτα
247 5223 295 5273 τῶν
315 5225 339 5274 έν
354 5225 415 5289 αὐτῇ
428 5225 572 5288 λεγομένων.
585 5223 757 5287 Διηρμἠνευται
771 5225 796 5274 δί
812 5227 858 5290 πρὸ
878 5231 925 5286 Ar.-
973 5227 1034 5274 εἶναι
1051 5227 1090 5275 τδν
1109 5223 1277 5288 προειρημένον
1292 5221 1417 5284 φιλόσοφον
1429 5223 1545 5287 εἰληφέναι
1562 5227 1645 5276 πολλά.
1664 5227 1749 5287 Γέγονε

146 5295 244 5361 μητρίυυ
255 5301 298 5348 τοῦ
311 5297 439 5362 Φαληρέως
450 5297 480 5346 δι’
493 5297 595 5362 ἑτέρων,
607 5297 652 5360 πρὸ
667 5301 707 5356 τῆς
726 5295 873 5361 Ἀλιξάνδρου
883 5298 925 5347 καί
969 5297 1015 5360 γὰρ
1025 5295 1174 5360 πολυμαθής,
1185 5293 1263 5352 καθὼς
1278 5293 1317 5341 καί
1329 5291 1469 5358 Πύθαγόρςις
1479 5298 1555 5348 πολλὰ
1565 5303 1613 5350 τῶν
1626 5295 1682 5361 παρ’
1690 5301 1748 5361 ἡμῖν
