3958 5942
756 391 758 396 ’
794 391 1039 468 russusurr.
1657 413 1717 475 aar

109 540 155 601 καί
168 547 183 601 θ
196 529 249 598 ἀπό
259 543 305 597 τοῦ
320 537 453 597 ὡπλίσθαι
466 535 509 597 m
522 536 553 594 τὸ
565 522 663 596 durius
676 535 835 609 μεταόαλὼν
849 537 892 596 διὰ
940 539 1061 614 physice
1085 535 1192 614 quibus
1219 536 1266 594 hic
1291 557 1408 615 qunque
1430 538 1513 598 incus
1542 559 1559 598 e
1584 541 1716 619 Physicis

109 632 135 689 τί
150 627 187 706 μὴ
203 626 306 707 λέγοιτο
320 624 352 683 ἂν
373 623 483 684 κατὰτὸ
499 623 568 702 ἔχειν
587 623 780 700 μεταόάλλειν;
796 624 851 684 Καὶ
865 627 892 683 ἐν
937 627 1011 684 male
1025 627 1151 684 insertus
1167 639 1229 698 est;
1245 625 1355 685 addidit
1369 627 1464 704 quiea
1478 646 1516 686 ex
1529 647 1612 686 mure
1624 631 1716 706 philo-

109 709 149 784 αἶς
166 718 214 794 μὲν
230 714 399 795 κατηγορίαις
414 713 483 772 ἐστίν
506 712 669 785 ἐναντίωσις,
684 712 727 772 διὰ
749 713 775 770 τί
790 712 827 789 μὴ
848 713 893 771 καὶ
937 715 1019 790 sophi
1040 715 1162 790 flagitari
1181 716 1282 774 sensit.
1303 715 1337 774 Et
1360 717 1486 794 reliquas
1505 717 1620 794 quidem
1643 733 1716 775 catc-

111 807 238 865 κινεῖσθαι
260 805 363 884 λέγοιτο
386 801 417 860 ἂν
442 803 502 858 κατ’
526 800 625 868 ἐκείνας
648 801 678 860 τὸ
705 801 889 878 ύττοκείμενον;
937 804 1033 878 gorias
1057 802 1094 861 ah
1115 817 1232 862 auctore
1255 825 1320 862 curn
1339 804 1471 882 physicos
1488 805 1579 864 libros
1593 826 1713 884 compu-

114 896 183 954 'riti’
198 885 256 953 οἶδα
272 891 319 970 μίν
333 893 374 953 ότι
393 889 520 972 προτετίς
535 882 601 950 εἶναι
616 892 687 952 δοκεῖ
700 890 731 950 τό
751 891 798 964 τὴν
814 894 890 951 ἔναν-
937 905 1034 964 neret,
1048 893 1178 951 nondum
1193 894 1360 952 constitutas
1375 913 1437 952 esse
1449 895 1564 967 credas,
1577 893 1715 974 temporis

111 983 169 1042 τίαν
184 981 288 1062 ἀφιέναι
301 983 340 1060 τῷ
354 979 526 1060 Ἀριστοτελει
539 979 638 1059 φωνήν·
653 979 735 1046 ἕσαθ’
749 977 780 1038 ἂν
793 983 892 1057 γνῶναι
938 999 1009 1040 vero
1033 981 1285 1060 praedicamentum
1309 983 1359 1059 qui
1388 1001 1454 1040 euin
1481 981 1581 1056 sugere
1603 981 1715 1058 potuit?

111 1073 261 1145 δυνηθῶμεν
287 1068 403 1148 ἀκριύῶς
426 1066 473 1137 τὴν
499 1068 585 1124 αἰτίαν
599 1071 646 1137 τῆς
664 1065 786 1139 τοιαύτης
810 1068 889 1125 αὐτοῦ
938 1064 1087 1127 Rationem
1103 1069 1239 1126 indicavit
1255 1069 1408 1128 Eudemus.
1425 1068 1496 1127 Nam
1512 1067 1595 1148 ρορά,
1610 1067 1717 1126 ἀλλοίω-

111 1157 269 1232 διατάξεως,
290 1155 439 1235 ἀρκούμεθα
454 1154 519 1234 πρὸς
531 1153 700 1235 παραμυθίαν
714 1159 747 1235 τῇ
760 1177 789 1212 τε
805 1153 891 1226 Εὐδή-
937 1175 991 1230 σις,
1005 1153 1113 1228 αὔξησις
1128 1157 1172 1214 καί
1185 1159 1268 1238 φθίσις
1283 1170 1412 1234 tempure
1425 1157 1558 1214 erunibus
1572 1155 1716 1214 communi

44 1293 50 1303 .
110 1268 161 1320 μου
176 1241 317 1322 συνηγορίᾳ
334 1242 378 1300 tui
391 1245 440 1313 τῆς
454 1241 518 1302 πότε
533 1241 691 1322 κατηγορίας
707 1241 830 1323 ῥηθείσῃ,
846 1243 891 1298 καὶ
936 1243 1090 1322 eveniunt,
1106 1245 1192 1302 πάντα
1211 1244 1261 1322 γάρ
1284 1245 1310 1302 όν
1328 1243 1415 1324 χρόνῳ
1431 1250 1557 1314 κινεῖται,
1570 1263 1634 1319 quae
1654 1241 1716 1318 ipse

108 1333 147 1390 ἔτι
162 1319 492 1410 μᾶλλοντῇθεοιρράστου
507 1333 595 1408 σαφῶς
607 1329 654 1401 τλν
669 1328 771 1402 κίνησιν
785 1330 830 1388 καὶ
843 1331 891 1403 τὴν
938 1330 1106 1390 Aristoteles
1121 1332 1235 1410 scripsit
1250 1331 1284 1404 V,
1303 1342 1318 1400 t.
1334 1353 1363 1409 p.
1381 1353 1448 1404 συγ.
1465 1331 1494 1388 b.
1506 1333 1553 1390 26.
1571 1330 1717 1387 Differunt
1791 1338 1792 1341 ’

110 1420 260 1494 μεταύολὴν
282 1421 307 1476 ἐν
325 1417 440 1483 άπάσαις
462 1425 520 1484 ταῖς
536 1417 705 1498 κατηγορίαις
725 1423 889 1498 θεωροῦντος.
936 1419 1023 1494 igitur
1036 1423 1105 1478 κατὰ
1127 1418 1218 1498 σχίσιν
1240 1433 1269 1478 et
1290 1418 1358 1478 >card
1380 1419 1504 1478 διάθεσιν.
1525 1418 1590 1476 Νοιι
1610 1419 1714 1475 mirum

110 1508 191 1586 Λέγει
204 1532 265 1588 γοον
278 1510 351 1584 ίν“τῳ
364 1505 536 1585 δευτίρῳ”τοιν
546 1505 607 1583 περί
621 1504 762 1577 κινήσεως
777 1507 893 1566 ιοίκειό-
937 1527 1009 1567 vero
1023 1507 1186 1566 Eudemum
1200 1507 1291 1580 hanc,
1307 1506 1539 1584 Theophrastum
1551 1525 1651 1564 ornnes
1669 1524 1715 1563 cu·

109 1620 184 1676 τερον
210 1595 237 1654 θὲ
261 1593 326 1675 ὅπερ
340 1593 384 1652 καί
398 1593 506 1673 λέγομεν
526 1617 570 1652 και
561 1593 672 1666 ἔστιν,
696 1593 825 1673 ἐνέργειαν
846 1600 890 1654 τοῦ
937 1596 1061 1670 tegorias
1082 1595 1176 1654 verbo
1197 1595 1341 1672 tetigisse,
1363 1595 1523 1654 accuratius
1547 1595 1621 1652 hanc
1642 1612 1718 1692 quae·

110 1681 219 1742 δυνααει
234 1705 337 1752 κινητου
358 1687 374 1759 ᾗ
395 1682 516 1755 κινητόν,
530 1681 600 1740 κατα
621 1705 692 1760 γενος
706 1682 874 1741 ἕκαστον
839 1706 891 1741 των
937 1696 1059 1741 stronem
1074 1683 1239 1762 Simplicius
1258 1682 1382 1758 iniraV,
1403 1683 1487 1742 afol.
1504 1702 1573 1740 noo
1580 1703 1590 1738 ι
1609 1679 1718 1739 excuiit

109 1773 289 1850 κατηγοριῶν,
302 1761 580 1846 οἶονούσίας,ποσοῦ,
592 1793 688 1844 ποιου,
695 1774 890 1852 ρορητου,το’“ιν
936 1784 965 1828 et
978 1773 1065 1830 solvit
1075 1792 1188 1849 quarn
1202 1773 1343 1846 integram
1358 1771 1543 1829 inseruimus.
1563 1771 1628 1828 itaec
1643 1769 1712 1838 iiie,

110 1859 208 1919 τίλλων.
224 1858 305 1919 Ούτοι
320 1856 370 1936 γάρ
386 1857 538 1930 ἀλλοίωσις,
555 1857 764 1932 αύξησις,α
698 1859 778 1938 φορά,
793 1859 891 1938 γένεσις
936 1880 1020 1936 cujus
1031 1860 1254 1939 disputationem
1265 1858 1481 1943 probamus,'
1454 1879 1508 1918 nisi
1500 1859 1599 1936 ιμιοιί
1612 1875 1716 1915 omissa

109 1948 154 2004 καί
169 1950 196 2006 αί
211 1947 325 2007 ἐναντίαι
340 1946 484 2013 ταύταις.
472 1946 595 2006 »Ἐν”
560 1971 598 2004 τοι
612 1946 692 2028 τρίτῳ
707 1948 734 2006 δὲ
750 1883 824 2024 οίμόιι
839 1972 888 2006 σα·
936 1949 1067 2008 codicum
1093 1949 1263 2008 auctoritate
1287 1949 1459 2023 categoriam
1479 1969 1538 2008 non
1559 1945 1641 2018 ποτέ,
1666 1945 1715 2004 sed

109 2037 231 2115 ρίστιρον
245 2057 329 2094 ταυτα
343 2034 406 2114 γέγρ
408 2057 484 2115 αρεν·
503 2061 516 2088 α
537 2035 608 2093 tv
579 2059 626 2112 μεν
640 2060 677 2116 up
659 2039 877 2117 ἀρορισμῶ
845 2060 891 2106 της
935 2035 1000 2096 τότε
1010 2057 1072 2096 esse
1084 2057 1232 2096 censemus
1245 2057 1310 2094 curn
1323 2035 1409 2094 ilenr.
1423 2037 1589 2116 Stephano
1582 2056 1612 2094 ιιι
1625 2033 1650 2091 T
1653 2037 1713 2092 hes

109 2125 236 2196 κινήσεως
254 2123 370 2182 τοσαῦτά
385 2147 472 2270 puppi
496 2125 576 2195 αὐτῆς
599 2123 674 2198 είδη,
692 2123 753 2183 ὅσαι
773 2147 889 2202 κατηγο·
935 2124 1005 2200 ling.
1017 2145 1101 2201 graec.
1115 2147 1144 2183 ν.
1138 2125 1310 2205 ,κατηγορία
1324 2125 1395 2183 tide
1406 2137 1435 2182 et
1445 2124 1522 2184 Phi
1533 2123 1585 2181 Gr.
1601 2122 1712 2204 Fragnr.

111 2215 178 2290 ρίαι·
194 2215 241 2281 τὴν
260 2211 312 2291 γάρ
330 2216 374 2270 τοῦ
391 2211 499 2289 δυνάμει
519 2211 592 2279 όντος
617 2203 635 2292 ᾖ
650 2217 765 2270 τοιοῦτον
789 2212 890 2272 ἐντελέ·
935 2212 996 2273 vol.
1016 2211 1109 2290 lpag.
1126 2214 1193 2286 574.
1208 2215 1217 2287 λ

110 2323 187 2378 χειαν
208 2301 310 2370 κίνησιν
326 2299 398 2380 (leg.
416 2298 517 2370 κίνησιν
539 2299 699 2378 ἐντελέχειαν
718 2298 890 2377 λέγομεν.)
975 2319 1012 2361 ον.
1034 2297 1100 2360 Οτι
1112 2299 1139 2358 δε
1155 2302 1241 2367 καλως
1253 2298 1370 2378 εἴρηται
1388 2299 1465 2370 δνλον
1477 2298 1560 2358 καιε
1549 2289 1612 2356 ὧν
1629 2298 1653 2355 οἱ
1669 2295 1716 2352 άλ-

111 2387 166 2446 Καὶ
181 2391 286 2446 τουτο
273 2388 389 2446 εέν
354 2411 392 2466 τῳ
407 2389 478 2445 αυτω
458 2386 588 2467 βιύλιω
601 2386 706 2469 prus
723 2395 769 2446 τοῦ
787 2387 814 2445 δὲ
826 2411 890 2470 προς
935 2388 977 2444 λοι
996 2387 1057 2467 περὶ
1074 2386 1292 2463 αὗτηςλέγουσι,
1313 2387 1355 2446 καί
1372 2392 1461 2446 ἕκτου
1482 2385 1519 2462 μὴ
1540 2371 1715 2465 ῥάδιονεῖναι

109 2499 136 2535 τι
150 2475 250 2546 κίνησις
263 2499 307 2544 του
290 2474 371 2551 μὲν
386 2473 454 2532 κατὰ
468 2473 584 2552 λόγον’
558 2497 605 2533 ουκ
618 2475 692 2550 ἔστι,
707 2498 753 2533 του
775 2473 802 2532 δὲ
820 2476 890 2533 κατὰ
937 2473 1049 2548 διορίσαι
1063 2475 1192 2541 άλλως’
1163 2475 1256 2546 αυτήν.
1274 2475 1344 2534 Οὔτε
1358 2471 1514 2553 γὰρτὴν’
1488 2495 1588 2542 κινησιν
1604 2469 1649 2529 καί
1668 2469 1715 2540 τὴν

109 2565 218 2642 δύναμιν
240 2563 323 2622 ἔστιν·
347 2561 433 2644 ἡγὰρ
457 2564 513 2640 ίνέρ
487 2586 572 2642 τργεια
589 2561 690 2634 κίνησίς
714 2585 742 2620 τε
763 2561 808 2620 καί
832 2563 889 2620 καθ’
937 2560 1085 2639 μεταύολὴν
1099 2565 1125 2621 ἐν
1148 2562 1269 2642 ἄλλοι
1239 2585 1307 2639 γενει
1320 2565 1402 2620 θεῖναι
1417 2559 1543 2619 δύναιτ’
1526 2584 1556 2618 αν
1569 2584 1606 2626 τις
1620 2582 1678 2617 ουτε
1692 2559 1716 2615 σί

110 2653 221 2715 αὐτόν
209 2651 324 2711 νἈλλίι
346 2655 431 2710 ταῦτα
448 2655 495 2728 μὲν
523 2654 567 2710 ἐπί
587 2650 665 2709 πλέον
691 2649 815 2724 ζητητέον
841 2651 889 2724 τὴν
937 2650 980 2708 ἑτό
983 2674 1033 2730 ραις
1056 2654 1078 2710 εί
1081 2651 1187 2729 ρηκότες
1212 2650 1322 2730 uepi'
1294 2675 1343 2708 αυτ
1333 2653 1375 2722 ἥς
1402 2653 1565 2728 κατορθουσι.
1580 2651 1666 2718 Δῆλον
1688 2644 1714 2704 δὲ

109 2738 249 2819 ἰ’ίριστοὲ
229 2759 301 2806 ελους
325 2737 432 2817 γνώμην
463 2737 647 2818 αἰνιχνευόντοιν
675 2742 761 2815 ημῶν.
789 2740 833 2797 De
858 2759 891 2798 re
936 2743 1103 2797 σκοποῦσιν
1091 2743 1125 2804 τις
1135 2737 1249 2796 τιθεασιν
1262 2735 1371 2807 αυτὴν
1371 2759 1434 2806 νιοι,
1450 2735 1591 2812 ἑτερότητα
1605 2759 1650 2794 και
1640 2735 1717 2792 ἀνι

108 2828 173 2904 ipstt
197 2826 317 2886 uberius
341 2827 468 2905 disputat
492 2826 679 2906 Spengeiius,
700 2826 889 2905 cujusverba
935 2825 1033 2898 σότητα
1048 2849 1093 2884 και
1083 2824 1136 2884 τὸ
1147 2824 1211 2902 μὴ
1198 2849 1225 2883 υν
1241 2825 1384 2904 φάσκοντες
1400 2847 1467 2883 ειναι
1481 2821 1529 2894 τὴν
1546 2815 1698 2895 uirquu·‘
1678 2848 1715 2884 ων

108 2915 284 2976 adscribam.
312 2915 408 2984 Quum
432 2915 578 2974 Eudemus
602 2929 719 2974 auctore
739 2915 888 2994 Simplicio
935 2912 1006 2972 οὐδὲν
1023 2916 1164 2992 ἀναγκαῖον
1184 2917 1327 2984 κινεῖσθαι,
1351 2912 1405 2972 στ’ίί
1422 2911 1541 2991 ἂνέτερα
1566 2899 1662 2980 heti?
1684 2917 1713 2972 dr

108 3017 244 3081 quartum
261 3017 369 3062 motum
380 3003 467 3070 οὐσίαις
479 3001 619 3077 traderet,
635 3018 766 3062 nostrum
783 3005 889 3064 hristu-
936 3001 1073 3078 άνισα,
1045 3026 1091 3062 ουτ
1092 3003 1141 3060 ’ἂν
1158 3001 1243 3060 οὐκ
1228 3024 1300 3061 οντα.
1320 2999 1388 3060 Ἀλλ’
1404 3001 1458 3058 οὐδ’
1472 2998 1636 3076 ἡμεταύολὴ
1660 2997 1714 3056 ούτ

109 3090 174 3149 telis
189 3093 303 3164 locum,
319 3112 378 3150 uon
391 3091 499 3151 librum
514 3092 646 3194 quintum
658 3091 708 3150 uhi
723 3089 811 3157 οὐσίας
825 3113 888 3150 ιιιο-
935 3095 972 3158 εἰς
985 3097 1069 3152 ταῦτα
1082 3092 1134 3150 οὔτ’
1149 3097 1179 3152 ἐκ
1191 3090 1289 3150 τούτων
1301 3088 1405 3204 μᾶλλόν
1420 3085 1517 3157 ἐστινῆ
1536 3090 1565 3146 ἐκ
1580 3089 1630 3144 τῶν
1641 3088 1714 3144 dru-

110 3194 156 3237 tus
173 3193 306 3256 negatur,
323 3194 437 3240 secutus
451 3193 517 3239 est:
533 3181 645 3258 primus
664 3181 753 3255 igitur
768 3179 888 3238 Eudemi
935 3181 1070 3256 κειμένων.
1085 3179 1174 3240 Αίτιον
1190 3179 1216 3239 δὲ
1231 3203 1274 3238 του
1287 3182 1324 3246 είς
1337 3201 1419 3237 ταυτα
1434 3183 1473 3237 τιθ
1460 3177 1531 3237 θίναι
1544 3176 1583 3234 ὅτι
1597 3175 1642 3254 αόρ
1646 3176 1715 3236 ιστόν

109 3266 185 3325 liber
214 3268 288 3327 duos
313 3269 460 3346 priores
452 3269 615 3327 Aristmelis
639 3267 889 3345 comprehendisse
934 3292 959 3326 τι
980 3271 1051 3327 δοκεῖ
1070 3259 1301 3339 εἶναιὴκίνησις,
1315 3290 1361 3338 της
1375 3265 1403 3324 δε
1420 3265 1508 3344 ἑτίρας
1522 3263 1674 3343 συστοιχίας
1688 3267 1715 3324 αἱ

108 3357 233 3418 ridetur.
251 3357 392 3436 Srmphcn
407 3378 478 3416 vero
491 3371 612 3435 quaestio
627 3371 692 3435 apta
707 3376 775 3415 sane
788 3371 815 3414 et
832 3358 889 3415 sere
935 3356 1016 3436 αργαί
1026 3355 1107 3415 διὰ
1083 3379 1113 3415 το
1125 3345 1314 3435 στερητικαὶ
1289 3378 1357 3413 ειναι
1371 3353 1502 3434 deprecet
1515 3352 1574 3410 οὔτε
1592 3351 1643 3432 γίιρ
1658 3351 1715 3412 rud

108 3447 269 3504 necessaria
284 3459 351 3504 est:
375 3466 427 3506 cur
444 3446 520 3504 enim
541 3446 708 3503 Aristoteles
722 3444 752 3503 τὸ
769 3445 832 3504 ποτέ
853 3465 890 3504 ne
934 3443 994 3503 ουτε
1007 3443 1107 3504 τοιονδε
1121 3444 1273 3520 ούδεμία’
1244 3467 1330 3502 αυτοιν
1342 3445 1426 3517 ἐστιν
1437 3441 1516 3500 ὅσι’
1491 3443 1535 3500 oud
1537 3443 1548 3500 ὲ
1563 3465 1614 3499 των
1627 3440 1713 3500 αλλων

106 3533 256 3591 incnuune
270 3533 387 3609 quidem
401 3533 519 3608 dignum
532 3533 744 3607 eensmtV
706 3555 717 3590 r
731 3532 799 3590 ih
813 3552 890 3591 nunc
935 3556 1106 3612 struppum.

105 3619 257 3700 legiturp.
276 3621 343 3680 ια5.
358 3619 390 3679 λι.
409 3621 511 3679 iet
481 3645 526 3679 νυν
541 3622 568 3679 αἱ
583 3643 738 3700 κατηγοριαι
754 3621 889 3702 διηρηνται
976 3621 1163 3697 (Aristoteles
1178 3621 1266 3700 Phys
1282 3620 1336 3680 tib.
1352 3619 1395 3678 itt
1410 3641 1474 3698 cup
1489 3639 1583 3697 apag.
1601 3639 1668 3677 τοι.
1684 3617 1714 3675 b.

104 3708 243 3767 αιἰσίακαλ
259 3707 377 3780 ποιότητι
380 3709 494 3768 καί
458 3732 496 3789 τω
511 3732 561 3768 που
545 3707 676 3767 καὶ
641 3733 678 3789 τῳ
704 3709 767 3770 ποτὲ
784 3708 886 3768 κοιλ
851 3735 889 3789 τω
938 3710 972 3766 16
989 3709 1036 3770 ed.
1057 3710 1175 3767 Bekker
1192 3709 1357 3787 Simplicius
1372 3708 1421 3766 sui.
1435 3709 1492 3798 98.
1501 3707 1530 3764 b.
1549 3730 1593 3764 και
1584 3703 1647 3762 ὅτι
1668 3703 1715 3779 μὲν

104 3819 172 3876 προς
186 3821 211 3854 τι
226 3797 318 3855 καί
284 3820 464 3855 τιιποσιικαι
476 3821 514 3856 τω
494 3770 774 3878 ”πσιεῖνῆάάοχειν,
772 3797 888 3905 ..ἀνάγκη
935 3799 969 3861 ὡς
984 3795 1066 3854 αἴτιον
1087 3794 1133 3866 τὴν
1149 3782 1542 3870 άνισότηταόΠλάτωνείπε,
1558 3816 1608 3869 μετ
1608 3791 1716 3866 ’ὀλίγον

106 3885 177 3962 τρεῖς
196 3874 266 3942 cheu
280 3884 392 3955 κινήσεις
410 3885 457 3954 τήν
480 3907 509 3943 τε
523 3907 569 3943 του
584 3888 660 3943 ποιοῦ
683 3885 789 3944 κοίτου
806 3891 888 3944 ποσοῦ
935 3884 1008 3942 ἔσται
1028 3886 1124 3962 δῆλον,
1138 3884 1244 3944 όταν
1217 3908 1265 3955 την
1285 3884 1429 3948 Πλάτωνος
1451 3905 1488 3939 πα
1491 3885 1610 3959 ραθωμεν
1626 3879 1715 3957 [τὴν]

108 3995 154 4033 και
145 3972 217 4046 chr
232 3973 302 4033 κατά
322 3974 409 4032 τόπον.
426 3973 539 4032 Etenim
557 3973 640 4032 docet
652 3993 770 4051 neque
784 3971 948 4050 οὗσιας,
935 3975 1009 4050 ῥῆσιν
1036 3973 1150 4054 (leffp
1136 3976 1211 4053 ρησιν
1231 3995 1269 4030 πα
1272 3967 1422 4120 ραθῶὸμαν).
1456 3972 1512 4030 Nur
1539 3967 1567 4027 δὲ
1593 3989 1716 4026 τοσουταν

108 4081 205 4139 neque
217 4083 264 4120 του
247 4061 340 4140 πρός
354 4082 506 4140 τι,ιιοιγιιε
519 4085 564 4122 του
547 4061 690 4132 ποιεῑνῆ
705 4062 817 4141 πάσχειν
827 4081 889 4120 esse
935 4061 1033 4138 ἰστέον,
1050 4061 1088 4119 ὅτι
1103 4086 1147 4120 και
1138 4059 1285 4137 Εὔδημος
1299 4060 1350 4140 πρὸ
1364 4065 1410 4118 τοῦ
1422 4057 1589 4138 Ἀλεξάνδρου
1605 4057 1715 4134 ίστοροιν

106 4148 354 4227 κίνησινςιιεηίίηἰῑ
368 4169 438 4209 vero
452 4151 523 4208 iilud
536 4148 566 4207 τὸ
577 4149 649 4211 ποτέ.
665 4149 766 4227 ltaque
778 4162 888 4227 tempo·
933 4148 981 4219 rhu
991 4146 1133 4215 ίίλοίτωνος
1143 4146 1339 4226 cupientiores
1352 4145 1426 4214 deice
1438 4145 1484 4204 καὶ
1497 4143 1636 4224 ἀντιλέγων
1649 4143 1716 4220 αύτῇ

108 4239 149 4296 ris
159 4240 348 4316 quaestionem
363 4239 447 4298 abeo
461 4240 596 4298 omissam
609 4235 673 4298 esse
685 4237 827 4316 expositio
839 4237 890 4296 de-
934 4235 996 4295 τάδε
1012 4235 1120 4317 γράφει·
1141 4264 1153 4288 ι
1168 4235 1282 4296 Πλάτων
1298 4233 1367 4294 δὲτὸ
1383 4235 1451 4314 μίγα
1465 4233 1511 4292 καὶ
1524 4231 1616 4312 μικρὸν
1631 4228 1718 4288 καὶτὸ

107 4340 265 4402 monstrat,
285 4339 314 4384 et
330 4345 398 4385 sane
420 4327 561 4385 lemmatis
585 4325 675 4384 verba
697 4325 742 4384 καί
763 4328 801 4404 τῷ
823 4322 888 4382 ποτὲ
936 4325 973 4404 μὴ
986 4323 1014 4384 όν
1027 4324 1072 4384 καὶ
1090 4323 1120 4384 τό
1135 4324 1272 4402 άνόιμαλον
1287 4323 1332 4384 καί
1346 4323 1395 4381 duc
1407 4321 1506 4391 τούτοις
1521 4321 1564 4380 tet
1575 4320 1657 4380 ταύτὸ
1673 4319 1718 4400 ρί-

105 4415 244 4490 ignorant
255 4414 368 4474 codices
384 4414 416 4475 E.
440 4415 476 4475 il.
492 4413 685 4487 Themistius,
707 4413 774 4472 item
794 4412 887 4470 Meta·
936 4435 989 4492 ρει,
1001 4411 1050 4483 chr
1063 4410 1165 4486 κίνησιν
1179 4411 1262 4490 λέγει·
1276 4410 1394 4492 φαίνεται
1409 4409 1435 4469 dd
1456 4409 1552 4469 άτοπον
1567 4408 1631 4468 αὐτὸ
1643 4411 1718 4466 τοῦτο

139 4636 179 4684 27.
197 4634 272 4698 Atqui
287 4635 349 4686 bene
359 4647 414 4698 nes
428 4633 460 4684 de
472 4633 525 4698 ipso
545 4635 615 4682 motu
633 4632 736 4694 dixisse,
749 4635 818 4696 patet
838 4637 889 4682 tum
935 4630 989 4682 sive
1001 4645 1048 4681 nun
1063 4645 1123 4692 cns,
1136 4630 1275 4682 necessario
1289 4629 1390 4680 videtur
1403 4625 1506 4680 moveri.
1520 4629 1614 4676 Verum
1625 4636 1657 4673 ne
1666 4636 1718 4672 mu·

106 4736 139 4772 er
151 4721 191 4772 his
205 4735 262 4785 quo
277 4721 361 4772 muri
377 4723 408 4773 de
428 4735 459 4772 eo
479 4720 577 4782 meunt,
592 4725 647 4772 tum
667 4734 696 4772 ex
714 4735 744 4772 eo
760 4721 890 4785 quodnun
937 4721 999 4770 tatio
1012 4719 1112 4784 quidem
1124 4719 1204 4768 autin
1218 4719 1273 4769 huc
1286 4720 1329 4768 aut
1342 4731 1372 4767 ex
1386 4714 1578 4780 hispotiusest,
1593 4722 1668 4775 quam
1687 4722 1717 4760 ex

107 4813 148 4860 est
170 4810 239 4860 tacite
258 4809 329 4860 ahter
346 4809 416 4860 ilium
438 4791 549 4860 dettnire.
570 4812 654 4873 neque
677 4809 742 4860 enim
759 4809 890 4874 quisquam
935 4807 1062 4872 oppositis.
1084 4808 1165 4858 causa
1178 4807 1277 4868 autern,
1299 4819 1345 4856 eur
1360 4803 1387 4854 tn
1410 4801 1451 4854 his
1469 4805 1553 4852 motus
1576 4801 1717 4864 poneretur,

48 4958 54 4966 .
106 4899 204 4948 motum
220 4900 430 4963 mutationemque
442 4897 489 4948 atio
499 4897 525 4947 iu
537 4911 626 4962 genere
638 4912 730 4963 ponere
744 4898 833 4962 possit,
846 4911 888 4949 ne·
936 4895 997 4958 fuit,
1008 4895 1074 4958 quod
1088 4897 1171 4945 mutus
1182 4894 1336 4945 indefinitum
1349 4890 1469 4955 quiddam
1482 4901 1537 4940 esse
1548 4887 1661 4944 ridetur,
1679 4883 1718 4934 ul-

105 4999 157 5050 que
182 4984 227 5048 qui
250 4987 323 5036 atrter
344 4987 376 5038 de
399 4999 429 5038 eo
442 4985 542 5049 dixere,
562 4988 629 5038 recte
646 4985 765 5047 judicant.
784 4987 891 5051 Apparet
937 4987 1013 5037 terius
1024 4998 1084 5037 veru
1094 4985 1167 5037 seriei
1179 4980 1433 5049 principisiudetiuitu
1446 4981 1520 5039 suut,
1532 4976 1590 5041 quia
1599 4976 1658 5026 sunt
1672 4974 1719 5038 pri·

106 5087 169 5123 τετο
182 5073 408 5136 considerantibus,
425 5075 554 5125 nonnullus
567 5077 662 5124 motum
682 5074 850 5126 diversitatem
865 5077 892 5125 et
936 5076 1035 5138 νοίινιις
1047 5089 1104 5126 nam
1128 5086 1208 5138 nequo
1224 5073 1272 5123 hue
1293 5083 1373 5136 neque
1395 5069 1444 5120 tale
1458 5067 1543 5134 ,ulium
1563 5076 1651 5117 eorum
1665 5064 1717 5126 est,

107 5161 302 5224 inequalitatem
316 5164 449 5225 statuisse,
462 5165 531 5214 ratus
547 5165 623 5214 etiam
642 5177 691 5213 nun
707 5177 751 5214 cns
762 5175 816 5214 esse
834 5176 890 5214 mo·
936 5163 1050 5228 quoniam
1066 5177 1098 5216 ne
1113 5167 1261 5215 caeterarum
1273 5159 1373 5225 quidem
1385 5160 1423 5210 est
1436 5155 1624 5220 muscherum.

107 5250 172 5297 tum.
190 5251 223 5300 st
233 5251 321 5302 horum
334 5251 403 5314 nihii,
418 5252 471 5304 sive
484 5251 609 5306 diversum
625 5255 671 5316 est,
689 5251 742 5302 sire
756 5251 890 5319 inaequale,
