3958 5942
253 443 312 503 θθθ
757 432 906 494 Euuutlu
928 429 1062 492 llliODll
1083 426 1351 488 PERIPATETICI

252 572 377 651 γενομένη
392 569 516 640 διαστολή
530 567 598 646 γένει
614 565 659 624 καί
672 565 734 624 εἴδει
746 565 791 623 καὶ
805 565 917 643 ἀριθμῷ.
930 562 967 624 Ἢ
985 559 1025 620 ότι
1076 582 1108 634 ¹7
1124 561 1170 622 ed.
1189 560 1311 618 Bekker.
1326 557 1497 636 Simplicius
1511 557 1558 616 tol.
1577 557 1684 632 meh.
1700 559 1851 632 Σιμωνίδης

253 666 282 722 οδ
295 662 374 738 μόνον
389 659 422 720 τά
437 658 504 739 γένει
518 659 550 717 τά
569 654 637 716 etet
653 651 751 725 πολλὴν
766 652 804 712 ἔτι
822 649 947 732 διαροράν
962 654 1026 710 ἀπο·
1072 647 1119 726 μὲν
1129 647 1180 727 γάρ
1190 647 1355 726 σοφωτάτω,
1367 644 1408 710 ὅτι
1418 643 1709 724 γίνονταιέπῑπόμννεε
1722 645 1774 704 imi
1785 645 1851 724 χρά-

253 750 350 821 λείπει,
381 748 449 809 ἀλλά
471 745 516 806 καί
538 745 572 805 τόι
596 743 657 802 είδει
670 741 755 801 ταύτά
780 740 924 820 λεγόμενα,
946 743 969 799 εἰ
990 743 1028 817 τῷ
1071 733 1295 816 νου,Πάμωνδὲδ
1308 733 1681 814 Πυθαγόρεισςόμαθέστατον,
1694 735 1852 795 ότιέπιλαν-

254 825 1027 917 ἀριθμῷδιαρέρειὡςΠλάτωνκαίΣωκράτηςπυλλήνίχου-
1073 826 1193 885 θάνονται
1217 823 1268 882 inl
1290 821 1395 904 χρόνου.
1410 813 1495 890 Οὗτος
1519 822 1545 881 δὲ
1564 823 1646 882 εὀικεν
1661 813 1745 896 εἶναι,
1759 814 1789 882 οὗ
1808 824 1853 882 καί

254 947 280 982 σι
290 923 494 1000 σνμόεόηκότων
504 919 641 1001 διαροράν,
656 921 684 976 αί
694 915 721 975 δὲ
731 915 844 988 κινήσεις
856 918 882 974 αί
898 915 974 974 πόλιν
984 918 1029 975 καί
1073 910 1195 989 Εὔδημος
1214 911 1355 988 ἀνωνόμιυς
1369 908 1501 989 ἐμνήσθη,
1514 909 1596 989 λέγων
1613 911 1639 968 ἐν
1652 909 1793 990 Ὀλυμπίᾳ
1808 913 1854 970 Σι-

253 1013 332 1074 πάλιν
343 1016 377 1079 ὡς
389 1013 416 1069 ul
429 1011 507 1071 αὐταί
514 1053 523 1081 ,
538 1010 583 1068 καί
594 1007 627 1068 τά
640 1011 685 1066 νῦν
693 1052 700 1078 ,
709 1005 753 1064 καὶ
767 1007 794 1064 ol
804 1005 892 1084 χρόνοι
900 1005 994 1085 σχεδόν
1003 1029 1028 1064 τι
1074 1000 1186 1076 μωνίδου
1199 998 1241 1058 τδν
1250 997 1342 1078 χρόνον
1351 1001 1514 1065 ἐπαινοῦντος
1523 1001 1558 1065 όις
1571 999 1733 1078 σοφώτατον,
1745 999 1854 1079 είπερέν

253 1101 297 1160 καί
309 1104 346 1180 τῷ
358 1103 460 1181 ἀριθμῷ
471 1103 495 1160 οί
504 1096 577 1157 αὐτοί
588 1098 661 1156 εἰσιν.
670 1093 749 1154 olen
760 1093 787 1152 δέ
804 1093 848 1152 καὶ
858 1094 882 1150 οί
899 1085 1027 1166 Πυθαγό-
1074 1091 1145 1170 αὐτῷ
1156 1089 1183 1148 αἱ
1198 1087 1322 1166 μαθήσεις
1335 1085 1450 1163 γίνονται
1459 1085 1503 1145 καί
1515 1091 1543 1146 el
1553 1085 1722 1163 ἀναμνήσεις,
1734 1090 1856 1166 παρόντα

254 1211 317 1270 ρειοι
329 1187 363 1247 τά
374 1189 440 1247 αὐτά
452 1212 508 1256 πως
519 1185 563 1246 καί
576 1189 615 1266 τῷ
630 1184 734 1265 ἀριθμῷ
748 1186 785 1262 τῷ
796 1181 875 1240 πάλιν
891 1178 936 1238 καί
949 1177 1029 1236 πάλιν
1073 1175 1132 1236 τινά
1150 1179 1200 1235 τῶν
1213 1178 1299 1256 σοφῶν
1318 1176 1411 1232 εἰπεῖν·
1426 1173 1451 1232 τί
1466 1163 1546 1247 thil
1568 1175 1724 1250 Σιμωνίδη,
1739 1177 1788 1234 οὐκ
1801 1177 1857 1232 ἐπι-

254 1273 602 1356 ἔλεγονγίνεσθαι.οι’νδίνδέ
615 1271 676 1336 ίσως
688 1274 777 1351 χεῖρον
791 1270 891 1340 καὶτῆς
903 1264 1028 1342 Πόδήμου
1074 1263 1252 1342 λανθανόμεθα
1274 1262 1362 1340 μέντοι
1383 1265 1409 1320 ἐν
1435 1263 1473 1342 τῷ
1497 1261 1600 1342 χρόνῳ;
1620 1261 1666 1322 καὶ
1690 1261 1796 1338 μήποτε
1810 1265 1857 1322 καὶ

254 1365 352 1446 ῥήσεως
366 1367 396 1424 ἐκ
407 1373 453 1425 τοῦ
465 1366 551 1444 τρίτου
567 1366 618 1422 τῶν
632 1363 759 1421 Φυσικῶν
776 1358 809 1415 τά
830 1361 941 1416 ἐνταῦθα
954 1351 1030 1432 λεγό·
1074 1352 1148 1432 παρόν
1162 1349 1335 1430 Ἀριστοτέλει
1355 1352 1381 1408 ta
1402 1351 1441 1429 τῷ
1456 1355 1470 1410 δ
1486 1349 1514 1408 δέ
1529 1349 1703 1429 Πυθαγόρειος
1717 1375 1812 1430 παρων
1827 1351 1858 1410 τό

254 1474 320 1527 μενα
343 1449 562 1534 παραρραζοόοης
581 1447 692 1508 ἀκούειν.
712 1473 723 1500 ι
740 1445 776 1506 ‘0
800 1443 829 1503 δί
845 1441 921 1509 αὐτὸς
936 1441 1030 1522 χρόνος
1075 1442 1206 1502 ΠΑΡΩΝ
1233 1442 1280 1498 οὐκ
1302 1428 1367 1497 ιίναι
1393 1435 1475 1514 ὄνομα
1498 1436 1605 1516 κόριον,
1632 1437 1701 1496 ἀλλά
1727 1437 1856 1519 μετοχήν·

253 1539 360 1619 πότερον
380 1540 480 1620 γίνεται
494 1537 583 1618 ὥσπερ
607 1534 670 1595 ἔνιοί
684 1557 763 1615 φασιν
783 1531 841 1604 iol
852 1577 860 1604 ,
873 1531 1029 1610 ἀπορήσειεν
1077 1530 1195 1612 παρόντα
1215 1529 1267 1609 γδιρ
1281 1527 1325 1586 τδν
1340 1526 1515 1607 Πυθαγόρειον
1527 1530 1564 1605 τῷ
1578 1528 1715 1606 Σιμωνίδῃ
1731 1528 1853 1606 λέγοντι,

255 1629 286 1688 όν
302 1653 349 1698 τις.
368 1634 524 1710 Πλεοναχῶς
538 1628 569 1699 δὴ
594 1625 737 1705 λεγομένου
750 1629 795 1683 τοῦ
814 1624 909 1682 ταύτοῦ
922 1625 959 1700 τῷ
982 1621 1030 1699 μὲν
1075 1619 1115 1680 δτι
1129 1617 1276 1700 σοφώτατος
1296 1615 1429 1696 δχρόνος,
1445 1619 1526 1675 εἰπεῖν
1541 1639 1618 1695 φασιν
1633 1617 1673 1674 ότι
1695 1619 1856 1692 ἀμαθέστα-
1976 1601 1977 1680 ί

254 1717 315 1776 εἴδει
330 1718 449 1799 φαίνεται
459 1721 574 1791 γίνεσθαι
589 1714 618 1772 τδ
631 1712 705 1785 αι’ντό,
718 1701 770 1770 οίον
785 1709 857 1789 θέρος
869 1709 914 1769 καί
928 1708 1029 1789 χειμὼν
1075 1730 1130 1770 τον.
1146 1707 1216 1778 Ουεε
1234 1727 1324 1784 quum
1342 1705 1383 1764 ita
1406 1707 1480 1780 sint,
1497 1717 1591 1764 tamen
1614 1707 1731 1786 Πάρῥων
1747 1727 1857 1766 nomen
1976 1705 1977 1780 J

254 1804 298 1863 ναί
314 1807 341 1862 el
354 1805 444 1864 λοιπαὶ
456 1795 523 1882 ὧραί
535 1825 562 1860 τε
575 1801 619 1860 καί
633 1799 766 1880 περίοδοι,
782 1798 877 1876 ὁμοίως
894 1797 921 1856 δέ
937 1799 964 1856 αἱ
984 1821 1030 1856 κι-
1075 1795 1376 1874 μτορείιιαιεειεριιιί
1387 1793 1568 1852 Aristotelem
1583 1791 1733 1854 Politicor.
1749 1795 1804 1856 lib.
1819 1798 1859 1870 V,
1976 1805 1977 1856 Ξ

253 1889 339 1961 νήσεις
358 1895 383 1950 ol
399 1891 475 1950 αὐταί
499 1889 613 1967 γίνονται
635 1891 672 1966 τῷ
698 1887 768 1946 εἴδει·
792 1887 891 1965 τροπάς
915 1884 967 1964 γάρ
983 1885 1029 1944 καί
1075 1904 1139 1964 cap.
1164 1885 1220 1960 ιο.)

256 1979 393 2059 ἰσημερίας
416 1978 460 2038 καί
475 1977 521 2045 τὰς
535 1975 630 2043 λοιπός
650 1974 756 2054 πορείας
776 1973 877 2046 θήλεος
898 1975 1028 2036 ἀποτελεῖ.
1115 1993 1151 2033 ει.
1173 1969 1278 2032 Ἔοικεν
1290 1965 1334 2030 οὖν
1347 1967 1392 2028 καί
1403 1966 1530 2048 Ἀρχύτας
1545 1965 1635 2048 ὥσπερ
1649 1967 1694 2029 καί
1707 1967 1862 2049 ’Apte-rori·
1976 1967 1977 2012 ἶ

257 2068 290 2126 lii
306 2065 334 2126 δέ
348 2089 386 2134 τις
410 2065 556 2126 πιστεύσειε
584 2071 636 2132 τοῖς
664 2061 865 2142 Πυθαγορείοις,
890 2063 926 2127 ὡς
951 2061 1029 2120 πάλιν
1075 2064 1122 2134 λης
1132 2063 1180 2132 τήν
1195 2065 1245 2120 τῶν
1260 2065 1305 2118 νῦν
1320 2061 1416 2138 συνεχῆ
1435 2057 1481 2116 καὶ
1495 2056 1640 2136 ἀδιαίρετον
1659 2055 1722 2137 pole
1741 2057 1863 2118 τίθεσθαι

254 2153 339 2213 ταθτά
363 2157 484 2234 ἀριθμῷ,
502 2151 576 2232 κάγὼ
594 2149 766 2230 μυθολογήσω
785 2150 815 2210 τδ
831 2149 936 2232 ραόδίον
962 2151 1031 2229 ἐχων
1076 2151 1119 2210 τθν
1132 2149 1234 2229 χρόνον,
1252 2147 1297 2207 καί
1309 2152 1397 2206 τοῦτον
1411 2144 1527 2222 μάλιστα
1538 2145 1708 2225 παραδιδόναι
1724 2145 1768 2204 τθν
1788 2150 1861 2228 ἐντῇ
1976 2177 1977 2194 1

255 2246 316 2316 θμῑν
342 2241 513 2318 καθημένοις,
532 2239 600 2300 olleo
620 2239 665 2297 καί
678 2237 712 2298 τδι
735 2239 803 2298 ἀλλα
826 2237 914 2296 πάντα
936 2237 1031 2315 δμοίως
1075 2239 1174 2317 γενέσει
1187 2235 1324 2316 σόστοιχον
1337 2233 1383 2293 καί
1398 2231 1493 2312 κυρίως
1507 2231 1647 2310 λεγόμενον
1661 2231 1754 2310 χρόνον
1770 2235 1861 2292 εἰκόνα
1976 2235 1977 2240 ’

256 2331 319 2402 ἔξει,
337 2330 382 2390 καί
401 2330 444 2389 τὸν
459 2329 551 2410 χρόνον
572 2326 677 2406 εὔλογόν
701 2329 757 2388 ἐστι
780 2326 825 2386 τδν
850 2325 928 2385 αιἰτθν
955 2316 1030 2386 εἶναι·
1076 2327 1155 2393 ὄντως
1172 2330 1218 2384 τοῦ
1232 2326 1334 2389 αίῶνος.
1351 2321 1386 2382 ‘0
1396 2323 1424 2379 δέ
1438 2343 1468 2399 γε
1481 2319 1594 2380 Πλάτων
1614 2319 1660 2378 καὶ
1674 2320 1860 2400 Ἀριστοτέλης

257 2426 318 2495 μιᾶς
331 2417 382 2497 γάρ
399 2417 431 2488 δή
446 2419 491 2476 καί
511 2421 558 2488 τῆς
576 2417 654 2486 αὐτῆς
670 2413 812 2487 κινήσεως,
828 2410 922 2488 ὁμοίως
936 2411 963 2470 δί
986 2413 1031 2473 καί
1076 2414 1107 2486 ήν
1130 2414 1240 2491 ἐσχάτην
1261 2411 1321 2491 περὶ
1344 2407 1438 2491 χρόνου
1464 2407 1558 2482 δόξαν,
1590 2407 1692 2486 εἴρηται
1716 2409 1858 2489 πρότερον.
1976 2393 1977 2460 ί

256 2508 359 2566 πολλῶν
376 2510 427 2566 τῶν
453 2509 538 2565 αὐτῶν
561 2503 591 2564 τὸ
615 2502 743 2584 πρότερον
757 2499 802 2560 καί
822 2500 928 2580 ὕστερον
944 2498 971 2560 ἐν
986 2501 1032 2561 καί
1079 2500 1133 2562 ital
1147 2500 1316 2578 Θεόφραστος
1330 2495 1358 2556 δέ
1378 2494 1423 2556 καί
1433 2495 1555 2572 Εὔδημος
1567 2497 1591 2554 οἱ
1600 2503 1645 2556 τοῦ
1659 2495 1861 2574 Ἀριστοτέλους
1976 2483 1977 2550 l

1 2669 6 2675 Ι
39 2589 605 2674 „uffa-zamenxeltrahenti
620 2588 737 2670 ἀριθμός.
755 2589 849 2650 Πάντα
864 2587 1031 2668 άραταθτά,
1078 2592 1175 2668 ἑταῖροι
1190 2586 1224 2646 τά
1239 2583 1306 2644 αὐτόν
1327 2583 1512 2666 pelleum}
1527 2583 1776 2665 Ἀριστοτέλοιπερί
1799 2586 1863 2665 χρό-

17 2673 21 2678 .
255 2683 325 2745 ὅστε
339 2683 383 2742 καί
397 2679 523 2760 δχρίνοι.
542 2678 622 2739 »Kal
632 2677 680 2758 δρα
696 2675 736 2736 ότι
753 2675 816 2752 μίαν
830 2673 876 2734 καί
889 2673 937 2746 τήν
951 2673 1032 2748 αὐτήν
1078 2701 1121 2736 νου
1136 2672 1387 2745 δοξάσαντέςτεκαί
1404 2671 1562 2741 διδάξαντες.
1576 2675 1611 2733 Ὁ
1625 2671 1716 2749 μέντοι
1738 2675 1859 2754 hep-pn·
1976 2667 1977 2738 ί

257 2773 327 2848 λέγει
337 2769 437 2840 κίνησιν
447 2769 494 2840 τήν
505 2769 585 2826 πάλιν
597 2766 642 2827 καί
651 2766 742 2837 πάλιν,
753 2763 798 2823 καὶ
809 2763 840 2824 τδ
850 2761 976 2837 πρότερον
987 2763 1033 2823 καί
1077 2763 1154 2838 κηνδς
1177 2761 1305 2842 Στράτων
1323 2759 1507 2834 αἰτιασάμενος
1527 2761 1572 2820 τθν
1597 2763 1639 2819 ὑπ’
1663 2760 1862 2840 Ἀριστοτέλους
1976 2745 1977 2760 ¹

261 2859 326 2914 ἄλλο
343 2857 449 2927 ὕστερον
469 2853 496 2912 έν
509 2852 554 2912 καί
569 2853 599 2914 τδ
613 2855 689 2915 αθτό.
706 2853 771 2915 Ὀτι
785 2852 811 2912 δὲ
830 2854 874 2912 καί
884 2844 1033 2916 οὗτοεάλλο
1077 2875 1106 2910 τι
1128 2849 1175 2910 καὶ
1202 2855 1257 2910 τῶν
1285 2847 1476 2930 Ἀριστοτέλους
1501 2849 1611 2928 ἑταίρων
1632 2849 1794 2908 ἀποδοθέντα
1816 2858 1862 2910 τοῦ

257 2937 301 2992 καὶ
313 2935 378 2994 άλλο
388 2934 417 2993 τδ
427 2935 468 2994 ἀεί
481 2937 614 3014 γινόμενον
626 2933 692 2996 εἶναί
706 2956 770 3014 φησι
783 2933 828 2992 καί
846 2937 893 3005 τῆς
903 2933 1034 3007 κινήσεως
1078 2939 1174 3020 χρόνου
1190 2939 1316 3020 ὁρισμόν,
1332 2937 1409 3003 αὐτὸς
1432 2938 1517 2997 καίτοι
1536 2937 1708 3018 Θεοφράστου
1738 2939 1863 3016 μαθητής
1976 2955 1977 2996 l

257 3021 352 3082 καὶτοῦ
361 3022 467 3104 χρόνον,
480 3023 589 3084 άκουσον
599 3013 641 3082 οἶα
647 3025 703 3100 μετ’
709 3021 851 3101 όλίγοντῶν
858 3020 909 3094 ήδη
920 3045 1033 3104 παρατε·
1078 3025 1115 3088 ὢν
1127 3032 1172 3088 τοῦ
1187 3025 1274 3086 πάντα
1295 3025 1520 3098 ἀκολουθήσαντος
1542 3028 1579 3106 τῷ
1592 3027 1784 3106 Ἀριστοτέλει,
1799 3051 1862 3086 και-

257 3110 350 3170 θέντων
358 3109 603 3192 γέγραφεννόισπερ
611 3111 637 3170 δὲ
646 3111 824 3183 τῆςκινήσεως
832 3109 862 3169 τδ
873 3109 968 3188 άτομόν
978 3115 1034 3172 ἐστι
1078 3114 1185 3194 νοτόραν
1200 3113 1320 3174 ἐόόδισεν
1336 3112 1406 3173 δδόν.

259 3198 388 3279 μόνον,,τ“ο
403 3199 430 3261 δέ
442 3197 721 3282 παρεληλυθὸξέρῤει,
736 3199 767 3260 τδ
783 3199 811 3258 δὲ
828 3200 949 3277 ἐσόμενον
961 3199 1034 3262 οόιιω
1120 3203 1312 3282 (Simplicius
1329 3200 1491 3260 Commeat.
1510 3203 1541 3260 in
1556 3203 1675 3262 Aristot.
1698 3203 1789 3282 Phys.
1809 3207 1863 3268 tol.

258 3288 339 3367 ἐστίν,
350 3288 418 3348 οὕτω
428 3289 472 3348 καί
483 3295 527 3348 τοῦ
542 3289 678 3368 χρόνοντὸ
691 3287 737 3367 μέν
751 3286 870 3368 υίχεται,
882 3289 911 3348 τδ
924 3289 948 3348 δ’
961 3291 1034 3352 οὔπω
1083 3293 1170 3370 187.)

258 3376 325 3449 ἐστί,
337 3377 367 3436 τό
377 3377 404 3436 δὲ
414 3377 496 3458 παρόν
513 3379 593 3451 ἐστιν,
609 3379 674 3438 ἄλλο
686 3377 731 3437 καί
743 3377 807 3436 ἀλλο
819 3377 953 3456 γινόμενον
965 3381 1034 3461 ἀεί.)
1118 3400 1156 3441 et.
1181 3377 1258 3440 Ἐπεί
1274 3379 1301 3438 δέ
1323 3389 1395 3438 πᾶσα
1407 3377 1542 3456 μεταόολή
1562 3383 1631 3440 ἐστιν
1654 3379 1684 3440 ἐκ
1697 3405 1766 3448 τινος
1781 3383 1820 3451 εἷς
1836 3411 1864 3444 τι
1976 3387 1977 3454 l

258 3466 599 3526 Caeterumconsentanea
616 3466 847 3546 praecedentibus
865 3467 925 3525 haec
947 3468 1034 3530 habet
1080 3469 1173 3547 (δηλοῖ
1196 3467 1223 3526 δὲ
1246 3467 1291 3526 καί
1305 3464 1429 3542 τοῦνομα·
1442 3471 1499 3544 μετ’
1514 3468 1578 3528 ἄλλο
1591 3469 1642 3547 γάρ
1661 3493 1686 3528 τι
1701 3471 1745 3530 καί
1772 3472 1802 3532 τό
1813 3473 1865 3552 μὲν
1976 3459 1977 3522 ί

258 3555 421 3633 Simplicius
434 3557 483 3614 sol.
505 3577 569 3629 171.
578 3555 610 3615 b.
629 3554 658 3613 τὸ
672 3555 699 3613 δὲ
712 3553 780 3614 οθτω
792 3557 829 3635 ’τῷ
841 3555 903 3615 είδει
917 3555 947 3616 τθ
961 3561 1033 3634 αιίτό,
1079 3558 1203 3637 πρότερον
1216 3556 1305 3628 δηλοῖ,
1319 3555 1349 3614 τό
1360 3556 1381 3613 δ’
1398 3554 1529 3635 ὕστερον),
1543 3557 1705 3633 μεταόάλλοι
1721 3559 1753 3618 ἀν
1765 3561 1797 3622 τθ
1809 3586 1864 3639 με·
1976 3607 1977 3626 ι

258 3647 293 3710 ὡς
307 3643 374 3703 κατά
391 3644 473 3720 μηδὲν
486 3635 551 3704 εἶναι
564 3643 759 3724 διάφορον,καί
770 3647 806 3724 τῷ
821 3647 922 3725 ἀριθμῷ
937 3669 993 3714 πως
1004 3649 1034 3708 τθ
1079 3645 1209 3706 ταόόλλον
1221 3647 1365 3724 τετραχῶς·
1380 3643 1461 3724 ήγάρ
1477 3644 1504 3714 ἐξ
1517 3646 1688 3724 ὑποκειμένου
1704 3650 1739 3715 είς
1752 3653 1865 3710 θποκεί-
1976 3631 1977 3672 ³

257 3733 322 3792 αὐτὸ
337 3734 415 3807 δοκεῖ,
425 3736 459 3802 όις
470 3733 513 3792 καί
524 3733 568 3792 ε’πί
580 3737 632 3792 τῶν
650 3731 768 3810 μονάδων
784 3729 885 3810 είρηται
899 3733 1033 3812 πρότερον,
1080 3751 1175 3814 μενον,
1187 3731 1204 3804 ἢ
1215 3732 1241 3800 ἐξ
1257 3731 1428 3809 ὑποκειμένου
1438 3737 1474 3801 εἰς
1490 3733 1527 3811 μή
1545 3733 1756 3811 tenahaleni
1772 3741 1824 3798 υόκ
1838 3741 1866 3810 ἐξ

258 3821 303 3880 καί
317 3826 374 3900 μετ’
385 3822 470 3902 ὀλίγον
484 3822 529 3881 τδν
545 3821 665 3900 Εὔδημον
680 3821 801 3902 μάρτυρα
813 3821 1033 3900 παραθήσομαι.)
1081 3820 1252 3900 ὑποκειμένου
1267 3821 1302 3887 είς
1317 3819 1505 3900 ὑποκείμενον,
1526 3809 1543 3894 ή
1566 3825 1613 3882 οὐκ
1637 3824 1664 3892 ἐξ
1687 3825 1866 3904 ὑποκειμένου

298 3933 333 3972 ιι.
352 3912 399 3972 Ἐν
412 3911 438 3971 δέ
452 3917 491 3994 τῷ
513 3911 599 3994 χρόνῳ
612 3912 698 3971 πάντα
712 3909 811 3988 γίνεται
830 3911 874 3970 καί
886 3911 1034 3992 φθείρεται,
1080 3913 1116 3978 είς
1134 3909 1171 3987 μή
1193 3909 1375 3986 ὑποκείμενον.
1395 3910 1473 3989 Λέγω
1497 3910 1524 3968 δὲ
1541 3911 1711 3989 ὑποκείμενον
1729 3913 1761 3973 τδ
1779 3938 1867 3976 κατα-

258 4001 298 4059 διδ
313 3998 358 4058 καί
374 4001 398 4058 ol
412 3999 458 4076 μίν
474 4001 623 4081 σοφώτατον
644 4001 748 4078 ἔλεγον,
774 4004 787 4059 δ
809 3997 836 4058 δὲ
859 4000 1036 4079 Πυθαγόρειος
1081 3998 1157 4080 φάσει
1174 3997 1348 4072 δηλούμενον,
1372 3995 1441 4057 ιθστε
1464 3999 1566 4077 ἀνάγκη
1588 4002 1620 4058 ἔκ
1642 4003 1694 4058 τῶν
1711 4003 1864 4080 είρημένων

260 4087 357 4166 Πιέρων
373 4086 571 4164 ἀμαθέστατον,
592 4091 632 4146 ὅτι
653 4084 867 4146 ἐπιλανθάνονται
885 4089 911 4145 ἐν
931 4086 1033 4168 τούτῳ,
1081 4091 1149 4169 τρεῖς
1174 4077 1240 4146 εἶναι
1263 4085 1412 4162 μεταθολάς
1429 4087 1497 4160 ,τήν
1519 4110 1549 4146 τε
1574 4087 1600 4156 ἐξ
1624 4090 1799 4169 ὑποκειμένου
1829 4098 1867 4161 εἰς

259 4175 341 4252 λέγων
356 4173 497 4252 ὀρθότερον.
1081 4175 1267 4253 ὑποκείμενον,
1283 4175 1328 4233 καί
1345 4174 1392 4246 τήν
1407 4173 1432 4243 ἐξ
1446 4175 1615 4253 ἀποκειμένου
1634 4179 1669 4246 είς
1694 4178 1731 4254 μή
1752 4183 1866 4240 ὑποκεί-

302 4263 487 4338 (Aristoteles
502 4263 591 4340 Phys.
607 4262 659 4320 lib.
675 4263 722 4336 lv,
738 4283 803 4340 cap.
824 4265 858 4320 ιθ
873 4283 902 4341 p.
918 4285 986 4324 naa.
1001 4263 1032 4326 ίι.
1082 4288 1174 4340 μενον,
1197 4263 1242 4324 καί
1258 4263 1305 4336 τήν
1329 4267 1359 4323 ἐκ
1374 4262 1411 4339 μή
1428 4263 1602 4342 ὑποκειμένου
1618 4268 1654 4335 είς
1675 4267 1865 4348 θπσκείμενον.

1802 4417 1862 4426 υ...-

290 4484 329 4530 52.
347 4479 375 4528 ln
393 4481 502 4541 tempere
520 4481 603 4528 aulem
614 4479 694 4528 omnia
714 4477 776 4529 liunt
794 4482 819 4529 et
831 4487 1035 4546 corrumpentem
1081 4487 1128 4536 eal.
1147 4485 1195 4537 Sed
1211 4483 1396 4549 Theophrastus
1407 4497 1505 4547 quoque
1518 4487 1544 4535 el
1561 4486 1703 4550 Eudemus,
1722 4492 1867 4546 Aristotelis

259 4570 407 4634 quapropter
418 4567 528 4618 nonnulli
545 4567 645 4632 quidem
661 4568 870 4633 sapientissimum
880 4569 941 4622 illud
953 4573 1036 4636 appel·
1082 4573 1195 4630 sedales,
1214 4571 1280 4621 idem
1302 4571 1370 4634 quod
1389 4571 1532 4623 aristoteles
1543 4571 1574 4624 de
1589 4577 1699 4639 ternpore
1717 4581 1829 4632 sensisse
1841 4590 1867 4637 ες
1976 4583 1977 4612 ³

258 4655 349 4718 larunt,
364 4656 663 4721 eedi’ylhagoreusParo
677 4657 1037 4723 hdoeliseimum‚qulaineo
1081 4659 1227 4724 praecepisse
1239 4659 1361 4710 videnlur.
1373 4663 1465 4710 verum
1475 4661 1558 4711 Strato
1571 4663 1753 4726 Lampsacenus
1765 4671 1867 4736 eulpam
1976 4653 1977 4666 ¹

258 4745 333 4796 etiam
344 4745 528 4804 oblivieeantur,
545 4747 636 4797 rectius
649 4746 740 4798 dicens.
1082 4747 1198 4812 temporis
1208 4747 1349 4800 definitione
1366 4747 1398 4800 ab
1412 4748 1543 4800 Aristotele
1556 4750 1658 4813 ejusque
1670 4753 1799 4810 sodomus
1812 4775 1867 4824 pm

289 4838 328 4886 nt.
346 4833 450 4884 videtur
460 4834 534 4898 igitur
545 4835 620 4886 etiam
635 4835 756 4899 Archytas
772 4850 842 4900 mque
853 4841 928 4901 atque
941 4838 1036 4890 Aristo·
1081 4836 1148 4899 dila,
1158 4836 1211 4902 ipse
1223 4837 1336 4900 quamvls
1345 4837 1507 4901 Theophrasti
1521 4837 1545 4888 in
1557 4839 1670 4890 omnibus
1681 4840 1758 4895 rebus
1769 4848 1864 4901 κήεω.

257 4923 320 4976 teles
343 4925 486 4975 continuum
506 4927 531 4974 ot
553 4923 741 4987 inseparabilem
764 4938 847 4976 rerum
875 4928 1037 4990 presentium
1081 4925 1156 4976 telem
1167 4925 1245 4977 seculi
1258 4925 1390 4988 disciputus
1399 4927 1578 4988 usenhoven
1587 4927 1652 4978 viam
1664 4929 1792 4993 ingressus
1804 4942 1852 4988 est,

259 5013 354 5063 lluxum
377 5013 617 5075 tempestatum,
641 5013 798 5076 maximeque
819 5013 916 5065 tradere
934 5013 1037 5078 idqued
1113 5019 1151 5068 5⁴.
1169 5016 1231 5065 curn
1248 5017 1328 5066 autern
1342 5013 1422 5065 omnis
1435 5014 1864 5089 mulatieeouopiaminquidpim
1976 5021 1977 5024 ’

259 5099 330 5150 shnili
339 5102 397 5150 ortu
409 5101 553 5162 generatum
568 5101 609 5162 sit,
622 5101 649 5152 et
660 5102 759 5166 proprie
776 5102 911 5166 appelletur
923 5105 1035 5167 tempus,
1082 5103 1129 5164 sit,
1152 5103 1199 5166 (ul
1217 5101 1298 5167 ipsum
1317 5115 1416 5166 quoque
1430 5115 1518 5152 nomen
1538 5101 1661 5165 signifieat
1674 5123 1682 5152 ι
1697 5119 1807 5169 quornm
1831 5114 1864 5162 m

259 5199 313 5237 esee
324 5200 410 5238 revera
423 5189 569 5242 aeternitatis
580 5189 718 5254 imaginem.
731 5193 762 5242 ht
772 5191 843 5242 Plato
857 5193 883 5242 et
893 5191 1038 5244 Aristoteles
1082 5190 1202 5255 terpesilo
1223 5191 1271 5241 alio
1283 5189 1349 5241 aliud
1367 5189 1450 5255 prius,
1471 5189 1538 5242 aliud
1551 5193 1675 5256 posterius
1693 5197 1742 5258 eal)
1756 5197 1782 5248 id
1797 5201 1864 5263 qnod

260 5286 336 5339 qnam
348 5276 491 5328 seutentiam
508 5279 540 5330 de
550 5281 661 5346 tempore
678 5280 823 5345 habuerint,
845 5295 920 5348 supra
938 5281 1034 5334 dictum
1082 5284 1202 5345 mutatur,
1218 5279 1310 5332 mutari
1318 5281 1425 5344 quatuor
1439 5279 1518 5332 medie
1530 5283 1620 5345 polest.
1633 5285 1684 5334 hut
1697 5285 1790 5338 enime
1808 5289 1866 5340 suh
1976 5287 1977 5348 ᾗ
