<?xml version="1.0" encoding="UTF-8"?>
<!DOCTYPE html PUBLIC "-//W3C//DTD XHTML 1.0 Transitional//EN"
    "http://www.w3.org/TR/xhtml1/DTD/xhtml1-transitional.dtd">
<html xmlns="http://www.w3.org/1999/xhtml" xml:lang="en" lang="en">
 <head>
  <title>
</title>
<meta http-equiv="Content-Type" content="text/html;charset=utf-8" />
  <meta name='ocr-system' content='tesseract 3.04.00' />
  <meta name='ocr-capabilities' content='ocr_page ocr_carea ocr_par ocr_line ocrx_word'/>
</head>
<body>
  <div class='ocr_page' id='page_1' title='image "./fragmentaphilos01mullgoog/fragmentaphilos01mullgoog_0514.png"; bbox 0 0 3938 5968; ppageno 0'>
   <div class='ocr_carea' id='block_1_1' title="bbox 463 369 1718 447">
    <p class='ocr_par' dir='ltr' id='par_1_1' title="bbox 463 369 1718 447">
     <span class='ocr_line' id='line_1_1' title="bbox 463 369 1718 447; baseline 0.013 -16"><span class='ocrx_word' id='word_1_1' title='bbox 463 369 692 434; x_wconf 78' lang='lat' dir='ltr'><strong>Erfflcoitbttt</strong></span> <span class='ocrx_word' id='word_1_2' title='bbox 713 369 1052 437; x_wconf 78' lang='lat' dir='ltr'><strong>NICOMAGHEORUM</strong></span> <span class='ocrx_word' id='word_1_3' title='bbox 1074 375 1358 440; x_wconf 80' lang='lat' dir='ltr'><strong>PARAPHRASIS.</strong></span> <span class='ocrx_word' id='word_1_4' title='bbox 1656 387 1718 447; x_wconf 75' lang='grc'>493</span> 
     </span>
    </p>
   </div>
   <div class='ocr_carea' id='block_1_2' title="bbox 96 493 1721 1033">
    <p class='ocr_par' dir='ltr' id='par_1_2' title="bbox 96 493 1721 1033">
     <span class='ocr_line' id='line_1_2' title="bbox 98 493 1721 587; baseline 0.007 -25"><span class='ocrx_word' id='word_1_5' title='bbox 98 503 136 582; x_wconf 81' lang='grc' dir='ltr'>τῷ</span> <span class='ocrx_word' id='word_1_6' title='bbox 150 503 268 585; x_wconf 78' lang='grc' dir='ltr'>φιλοῦντι</span> <span class='ocrx_word' id='word_1_7' title='bbox 281 499 317 562; x_wconf 74' lang='grc' dir='ltr'>τὰ</span> <span class='ocrx_word' id='word_1_8' title='bbox 331 500 426 582; x_wconf 79' lang='grc' dir='ltr'>ἀγαθοί·</span> <span class='ocrx_word' id='word_1_9' title='bbox 440 502 494 565; x_wconf 83' lang='grc' dir='ltr'>θδὲ</span> <span class='ocrx_word' id='word_1_10' title='bbox 506 505 607 584; x_wconf 84' lang='grc' dir='ltr'>φιλῶν,</span> <span class='ocrx_word' id='word_1_11' title='bbox 621 503 684 586; x_wconf 78' lang='grc' dir='ltr'>φέρε</span> <span class='ocrx_word' id='word_1_12' title='bbox 699 504 792 579; x_wconf 84' lang='grc' dir='ltr'>είπεῗν,</span> <span class='ocrx_word' id='word_1_13' title='bbox 804 493 885 577; x_wconf 77' lang='grc' dir='ltr'>οἶνον,</span> <span class='ocrx_word' id='word_1_14' title='bbox 932 514 1041 566; x_wconf 80' lang='lat' dir='ltr'><strong>vicissim</strong></span> <span class='ocrx_word' id='word_1_15' title='bbox 1054 514 1137 566; x_wconf 81' lang='lat' dir='ltr'><strong>omnia</strong></span> <span class='ocrx_word' id='word_1_16' title='bbox 1149 515 1214 568; x_wconf 91' lang='lat' dir='ltr'><strong>bona</strong></span> <span class='ocrx_word' id='word_1_17' title='bbox 1229 516 1323 568; x_wconf 87' lang='lat' dir='ltr'><strong>amanti</strong></span> <span class='ocrx_word' id='word_1_18' title='bbox 1343 519 1414 584; x_wconf 87' lang='lat' dir='ltr'><strong>optat</strong></span> <span class='ocrx_word' id='word_1_19' title='bbox 1432 531 1440 568; x_wconf 84' lang='grc' dir='ltr'>ε</span> <span class='ocrx_word' id='word_1_20' title='bbox 1458 517 1504 584; x_wconf 90' lang='lat' dir='ltr'><strong>qui</strong></span> <span class='ocrx_word' id='word_1_21' title='bbox 1517 532 1592 580; x_wconf 82' lang='lat' dir='ltr'><strong>vero,</strong></span> <span class='ocrx_word' id='word_1_22' title='bbox 1612 523 1721 587; x_wconf 83' lang='lat' dir='ltr'><strong>exempli</strong></span> 
     </span>
     <span class='ocr_line' id='line_1_3' title="bbox 98 589 1720 675; baseline 0.009 -26"><span class='ocrx_word' id='word_1_23' title='bbox 98 589 158 652; x_wconf 86' lang='grc' dir='ltr'>οὔτε</span> <span class='ocrx_word' id='word_1_24' title='bbox 174 594 238 672; x_wconf 90' lang='grc' dir='ltr'>παρ’</span> <span class='ocrx_word' id='word_1_25' title='bbox 252 593 333 651; x_wconf 78' lang='grc' dir='ltr'>αὐτοῦ</span> <span class='ocrx_word' id='word_1_26' title='bbox 356 593 545 673; x_wconf 80' lang='grc' dir='ltr'>ἀντιφιλεῖται,</span> <span class='ocrx_word' id='word_1_27' title='bbox 567 591 627 654; x_wconf 85' lang='grc' dir='ltr'>οὔτε</span> <span class='ocrx_word' id='word_1_28' title='bbox 639 598 677 674; x_wconf 85' lang='grc' dir='ltr'>τῷ</span> <span class='ocrx_word' id='word_1_29' title='bbox 689 592 751 675; x_wconf 85' lang='grc' dir='ltr'>οίνῳ</span> <span class='ocrx_word' id='word_1_30' title='bbox 763 595 886 674; x_wconf 87' lang='grc' dir='ltr'>βούλεται</span> <span class='ocrx_word' id='word_1_31' title='bbox 931 605 1022 669; x_wconf 78' lang='lat' dir='ltr'><strong>gratia,</strong></span> <span class='ocrx_word' id='word_1_32' title='bbox 1036 605 1123 656; x_wconf 81' lang='lat' dir='ltr'><strong>vinum</strong></span> <span class='ocrx_word' id='word_1_33' title='bbox 1137 609 1220 666; x_wconf 85' lang='lat' dir='ltr'><strong>amat,</strong></span> <span class='ocrx_word' id='word_1_34' title='bbox 1236 620 1317 674; x_wconf 85' lang='lat' dir='ltr'><strong>neque</strong></span> <span class='ocrx_word' id='word_1_35' title='bbox 1333 607 1445 660; x_wconf 74' lang='lat' dir='ltr'><strong>vicissim</strong></span> <span class='ocrx_word' id='word_1_36' title='bbox 1461 608 1493 660; x_wconf 86' lang='lat' dir='ltr'>ab</span> <span class='ocrx_word' id='word_1_37' title='bbox 1505 623 1535 660; x_wconf 91' lang='lat' dir='ltr'><strong>eo</strong></span> <span class='ocrx_word' id='word_1_38' title='bbox 1547 613 1658 672; x_wconf 82' lang='lat' dir='ltr'><strong>amatur,</strong></span> <span class='ocrx_word' id='word_1_39' title='bbox 1675 626 1720 664; x_wconf 84' lang='lat' dir='ltr'><strong>ne·</strong></span> 
     </span>
     <span class='ocr_line' id='line_1_4' title="bbox 98 678 1717 764; baseline 0.006 -26"><span class='ocrx_word' id='word_1_40' title='bbox 98 678 133 738; x_wconf 85' lang='grc' dir='ltr'>τθι</span> <span class='ocrx_word' id='word_1_41' title='bbox 148 680 245 760; x_wconf 75' lang='grc' dir='ltr'>ἀγαθοί·</span> <span class='ocrx_word' id='word_1_42' title='bbox 259 681 360 760; x_wconf 82' lang='grc' dir='ltr'>γελοῖον</span> <span class='ocrx_word' id='word_1_43' title='bbox 375 679 436 762; x_wconf 75' lang='grc' dir='ltr'>γάρ·</span> <span class='ocrx_word' id='word_1_44' title='bbox 451 681 509 740; x_wconf 78' lang='grc' dir='ltr'>ἀλλ’</span> <span class='ocrx_word' id='word_1_45' title='bbox 527 680 602 763; x_wconf 85' lang='grc' dir='ltr'>εἴπερ</span> <span class='ocrx_word' id='word_1_46' title='bbox 616 683 745 752; x_wconf 82' lang='grc' dir='ltr'>σώζεσθαι</span> <span class='ocrx_word' id='word_1_47' title='bbox 763 684 886 763; x_wconf 79' lang='grc' dir='ltr'>βούλεται</span> <span class='ocrx_word' id='word_1_48' title='bbox 931 708 981 759; x_wconf 89' lang='lat' dir='ltr'>que</span> <span class='ocrx_word' id='word_1_49' title='bbox 993 693 1132 760; x_wconf 77' lang='lat' dir='ltr'><strong>quidquam</strong></span> <span class='ocrx_word' id='word_1_50' title='bbox 1144 694 1279 760; x_wconf 86' lang='lat' dir='ltr'><strong>bonioptal</strong></span> <span class='ocrx_word' id='word_1_51' title='bbox 1289 697 1348 746; x_wconf 86' lang='lat' dir='ltr'>rino</span> <span class='ocrx_word' id='word_1_52' title='bbox 1359 713 1365 748; x_wconf 85' lang='grc' dir='ltr'>ι</span> <span class='ocrx_word' id='word_1_53' title='bbox 1377 697 1470 764; x_wconf 87' lang='lat' dir='ltr'><strong>quippe</strong></span> <span class='ocrx_word' id='word_1_54' title='bbox 1482 698 1509 749; x_wconf 92' lang='lat' dir='ltr'>id</span> <span class='ocrx_word' id='word_1_55' title='bbox 1521 698 1654 751; x_wconf 87' lang='lat' dir='ltr'><strong>ridiculum</strong></span> <span class='ocrx_word' id='word_1_56' title='bbox 1664 703 1717 752; x_wconf 70' lang='lat' dir='ltr'><strong>este</strong></span> 
     </span>
     <span class='ocr_line' id='line_1_5' title="bbox 99 769 1718 851; baseline 0.01 -25"><span class='ocrx_word' id='word_1_57' title='bbox 99 770 197 847; x_wconf 83' lang='grc' dir='ltr'>αὐτόν,</span> <span class='ocrx_word' id='word_1_58' title='bbox 212 772 261 830; x_wconf 84' lang='grc' dir='ltr'>οὐκ</span> <span class='ocrx_word' id='word_1_59' title='bbox 276 773 355 830; x_wconf 83' lang='grc' dir='ltr'>αὐτοῦ</span> <span class='ocrx_word' id='word_1_60' title='bbox 370 769 449 830; x_wconf 76' lang='grc' dir='ltr'>ἕνεκα</span> <span class='ocrx_word' id='word_1_61' title='bbox 467 773 512 829; x_wconf 84' lang='grc' dir='ltr'>τοῦ</span> <span class='ocrx_word' id='word_1_62' title='bbox 533 769 617 845; x_wconf 82' lang='grc' dir='ltr'>οἴνου,</span> <span class='ocrx_word' id='word_1_63' title='bbox 632 770 701 832; x_wconf 71' lang='grc' dir='ltr'>ἀλλὰ</span> <span class='ocrx_word' id='word_1_64' title='bbox 721 771 755 831; x_wconf 80' lang='grc' dir='ltr'>δι’</span> <span class='ocrx_word' id='word_1_65' title='bbox 776 773 883 847; x_wconf 80' lang='grc' dir='ltr'>ἑαυτόν,</span> <span class='ocrx_word' id='word_1_66' title='bbox 932 799 989 835; x_wconf 78' lang='lat' dir='ltr'>nom</span> <span class='ocrx_word' id='word_1_67' title='bbox 1007 785 1029 836; x_wconf 90' lang='lat' dir='ltr'>si</span> <span class='ocrx_word' id='word_1_68' title='bbox 1047 785 1188 836; x_wconf 81' lang='lat' dir='ltr'><strong>conservari</strong></span> <span class='ocrx_word' id='word_1_69' title='bbox 1202 786 1370 851; x_wconf 76' lang='lat' dir='ltr'><strong>milvinum,</strong></span> <span class='ocrx_word' id='word_1_70' title='bbox 1387 802 1437 840; x_wconf 91' lang='lat' dir='ltr'>non</span> <span class='ocrx_word' id='word_1_71' title='bbox 1452 789 1505 840; x_wconf 85' lang='lat' dir='ltr'><strong>vini</strong></span> <span class='ocrx_word' id='word_1_72' title='bbox 1522 803 1597 842; x_wconf 79' lang='lat' dir='ltr'><strong>eausa</strong></span> <span class='ocrx_word' id='word_1_73' title='bbox 1607 789 1634 842; x_wconf 93' lang='lat' dir='ltr'>id</span> <span class='ocrx_word' id='word_1_74' title='bbox 1648 791 1718 851; x_wconf 84' lang='lat' dir='ltr'><strong>rull,</strong></span> 
     </span>
     <span class='ocr_line' id='line_1_6' title="bbox 96 858 1720 942; baseline 0.009 -26"><span class='ocrx_word' id='word_1_75' title='bbox 96 858 142 917; x_wconf 79' lang='grc' dir='ltr'>ίνοι</span> <span class='ocrx_word' id='word_1_76' title='bbox 158 859 233 926; x_wconf 79' lang='grc' dir='ltr'>αὖτὀς</span> <span class='ocrx_word' id='word_1_77' title='bbox 245 860 304 940; x_wconf 83' lang='grc' dir='ltr'>ἔχῃ·</span> <span class='ocrx_word' id='word_1_78' title='bbox 318 864 357 942; x_wconf 82' lang='grc' dir='ltr'>τῷ</span> <span class='ocrx_word' id='word_1_79' title='bbox 371 859 399 919; x_wconf 86' lang='lat'>66</span> <span class='ocrx_word' id='word_1_80' title='bbox 415 859 484 941; x_wconf 83' lang='grc' dir='ltr'>φίλῳ</span> <span class='ocrx_word' id='word_1_81' title='bbox 498 860 647 938; x_wconf 80' lang='grc' dir='ltr'>βουλόμεθα</span> <span class='ocrx_word' id='word_1_82' title='bbox 662 858 695 918; x_wconf 83' lang='grc' dir='ltr'>τθι</span> <span class='ocrx_word' id='word_1_83' title='bbox 707 862 793 938; x_wconf 79' lang='grc' dir='ltr'>ἀγαθὰ</span> <span class='ocrx_word' id='word_1_84' title='bbox 807 865 885 922; x_wconf 78' lang='grc' dir='ltr'>αὐτοῦ</span> <span class='ocrx_word' id='word_1_85' title='bbox 931 873 1044 932; x_wconf 83' lang='lat' dir='ltr'><strong>sedena,</strong></span> <span class='ocrx_word' id='word_1_86' title='bbox 1065 875 1225 926; x_wconf 81' lang='lat' dir='ltr'><strong>ninimirum</strong></span> <span class='ocrx_word' id='word_1_87' title='bbox 1241 876 1294 942; x_wconf 84' lang='lat' dir='ltr'><strong>ipse</strong></span> <span class='ocrx_word' id='word_1_88' title='bbox 1310 875 1410 927; x_wconf 84' lang='lat' dir='ltr'><strong>fruatur</strong></span> <span class='ocrx_word' id='word_1_89' title='bbox 1426 896 1433 928; x_wconf 84' lang='grc' dir='ltr'>ε</span> <span class='ocrx_word' id='word_1_90' title='bbox 1457 879 1538 930; x_wconf 82' lang='lat' dir='ltr'><strong>amieo</strong></span> <span class='ocrx_word' id='word_1_91' title='bbox 1555 881 1640 930; x_wconf 82' lang='lat' dir='ltr'><strong>autem</strong></span> <span class='ocrx_word' id='word_1_92' title='bbox 1656 878 1720 930; x_wconf 86' lang='lat' dir='ltr'><strong>bona</strong></span> 
     </span>
     <span class='ocr_line' id='line_1_7' title="bbox 98 948 1720 1033; baseline 0.009 -27"><span class='ocrx_word' id='word_1_93' title='bbox 98 948 186 1008; x_wconf 79' lang='grc' dir='ltr'>ἕνεκα·</span> <span class='ocrx_word' id='word_1_94' title='bbox 202 949 245 1008; x_wconf 75' lang='grc' dir='ltr'>διὰ</span> <span class='ocrx_word' id='word_1_95' title='bbox 264 955 341 1008; x_wconf 84' lang='grc' dir='ltr'>τοῦτο</span> <span class='ocrx_word' id='word_1_96' title='bbox 363 954 380 1021; x_wconf 91' lang='lat'>6</span> <span class='ocrx_word' id='word_1_97' title='bbox 400 948 465 1031; x_wconf 78' lang='grc' dir='ltr'>πρὸς</span> <span class='ocrx_word' id='word_1_98' title='bbox 485 948 519 1008; x_wconf 82' lang='grc' dir='ltr'>τθι</span> <span class='ocrx_word' id='word_1_99' title='bbox 535 949 626 1030; x_wconf 80' lang='grc' dir='ltr'>ἄψυχα</span> <span class='ocrx_word' id='word_1_100' title='bbox 642 949 746 1030; x_wconf 77' lang='grc' dir='ltr'>φίλησις</span> <span class='ocrx_word' id='word_1_101' title='bbox 766 951 814 1010; x_wconf 84' lang='grc' dir='ltr'>οὐκ</span> <span class='ocrx_word' id='word_1_102' title='bbox 829 951 885 1010; x_wconf 82' lang='grc' dir='ltr'>ἔστι</span> <span class='ocrx_word' id='word_1_103' title='bbox 931 975 1010 1026; x_wconf 77' lang='lat' dir='ltr'><strong>ipsius</strong></span> <span class='ocrx_word' id='word_1_104' title='bbox 1020 976 1095 1013; x_wconf 78' lang='lat' dir='ltr'><strong>eausa</strong></span> <span class='ocrx_word' id='word_1_105' title='bbox 1107 968 1240 1028; x_wconf 88' lang='lat' dir='ltr'><strong>optamus</strong></span> <span class='ocrx_word' id='word_1_106' title='bbox 1254 965 1359 1030; x_wconf 80' lang='lat' dir='ltr'><strong>ideoque</strong></span> <span class='ocrx_word' id='word_1_107' title='bbox 1369 979 1438 1018; x_wconf 82' lang='lat' dir='ltr'><strong>umor</strong></span> <span class='ocrx_word' id='word_1_108' title='bbox 1448 981 1500 1033; x_wconf 91' lang='lat' dir='ltr'><strong>quo</strong></span> <span class='ocrx_word' id='word_1_109' title='bbox 1511 981 1620 1019; x_wconf 84' lang='lat' dir='ltr'><strong>mamma</strong></span> <span class='ocrx_word' id='word_1_110' title='bbox 1634 981 1720 1033; x_wconf 87' lang='lat' dir='ltr'><strong>prose·</strong></span> 
     </span>
    </p>
   </div>
   <div class='ocr_carea' id='block_1_3' title="bbox 91 1037 887 4946">
    <p class='ocr_par' dir='ltr' id='par_1_3' title="bbox 98 1037 182 1116">
     <span class='ocr_line' id='line_1_8' title="bbox 98 1037 182 1116; baseline 0.041 -23"><span class='ocrx_word' id='word_1_111' title='bbox 98 1037 182 1116; x_wconf 84' lang='grc' dir='ltr'>φιλία.</span> 
     </span>
    </p>

    <p class='ocr_par' dir='ltr' id='par_1_4' title="bbox 97 1089 885 1474">
     <span class='ocr_line' id='line_1_9' title="bbox 139 1089 885 1240; baseline 0.006 -54.233"><span class='ocrx_word' id='word_1_112' title='bbox 139 1123 263 1187; x_wconf 79' lang='grc' dir='ltr'>”’θ“Ετι</span> <span class='ocrx_word' id='word_1_113' title='bbox 255 1151 266 1185; x_wconf 94' lang='grc' dir='ltr'>ε</span> <span class='ocrx_word' id='word_1_114' title='bbox 282 1127 341 1186; x_wconf 79' lang='grc' dir='ltr'>οὐδὲ</span> <span class='ocrx_word' id='word_1_115' title='bbox 361 1126 386 1186; x_wconf 90' lang='grc' dir='ltr'>εί</span> <span class='ocrx_word' id='word_1_116' title='bbox 402 1149 441 1195; x_wconf 92' lang='grc' dir='ltr'>τις</span> <span class='ocrx_word' id='word_1_117' title='bbox 446 1089 589 1240; x_wconf 80' lang='grc' dir='ltr'>ἄνθρωπφν</span> <span class='ocrx_word' id='word_1_118' title='bbox 601 1127 688 1210; x_wconf 85' lang='grc' dir='ltr'>φιλοίη</span> <span class='ocrx_word' id='word_1_119' title='bbox 703 1127 749 1186; x_wconf 82' lang='grc' dir='ltr'>κοιλ</span> <span class='ocrx_word' id='word_1_120' title='bbox 782 1130 885 1190; x_wconf 88' lang='grc' dir='ltr'>ούλοιτο</span> 
     </span>
     <span class='ocr_line' id='line_1_10' title="bbox 97 1215 884 1298; baseline 0.006 -24"><span class='ocrx_word' id='word_1_121' title='bbox 97 1217 170 1296; x_wconf 86' lang='grc' dir='ltr'>αιίτῳ</span> <span class='ocrx_word' id='word_1_122' title='bbox 150 1215 215 1275; x_wconf 69' lang='lat' dir='ltr'><strong>”et</strong></span> <span class='ocrx_word' id='word_1_123' title='bbox 228 1215 330 1294; x_wconf 80' lang='grc' dir='ltr'>ἀγαθοί,</span> <span class='ocrx_word' id='word_1_124' title='bbox 344 1217 375 1276; x_wconf 81' lang='grc' dir='ltr'>τὸ</span> <span class='ocrx_word' id='word_1_125' title='bbox 391 1223 507 1277; x_wconf 81' lang='grc' dir='ltr'>τοιοῦτον</span> <span class='ocrx_word' id='word_1_126' title='bbox 524 1216 627 1298; x_wconf 79' lang='grc' dir='ltr'>ἀνάγκη</span> <span class='ocrx_word' id='word_1_127' title='bbox 641 1217 764 1298; x_wconf 85' lang='grc' dir='ltr'>φιλίανε</span> <span class='ocrx_word' id='word_1_128' title='bbox 777 1242 831 1278; x_wconf 91' lang='grc' dir='ltr'>ναι·</span> <span class='ocrx_word' id='word_1_129' title='bbox 845 1221 884 1279; x_wconf 87' lang='grc' dir='ltr'>δεῖ</span> 
     </span>
     <span class='ocr_line' id='line_1_11' title="bbox 97 1304 884 1414; baseline 0.008 -52"><span class='ocrx_word' id='word_1_130' title='bbox 97 1304 210 1414; x_wconf 72' lang='grc' dir='ltr'>γὰρκαὶ</span> <span class='ocrx_word' id='word_1_131' title='bbox 234 1307 427 1386; x_wconf 75' lang='grc' dir='ltr'>ἀντιφιλεῖσθαι</span> <span class='ocrx_word' id='word_1_132' title='bbox 451 1306 556 1383; x_wconf 82' lang='grc' dir='ltr'>ὁμοίως·</span> <span class='ocrx_word' id='word_1_133' title='bbox 573 1309 596 1366; x_wconf 84' lang='grc' dir='ltr'>εί</span> <span class='ocrx_word' id='word_1_134' title='bbox 610 1305 714 1386; x_wconf 76' lang='grc' dir='ltr'>δ,ὲμή</span> <span class='ocrx_word' id='word_1_135' title='bbox 730 1331 760 1368; x_wconf 91' lang='grc' dir='ltr'>ου</span> <span class='ocrx_word' id='word_1_136' title='bbox 747 1307 884 1390; x_wconf 80' lang='grc' dir='ltr'>φιλοςέ</span> 
     </span>
     <span class='ocr_line' id='line_1_12' title="bbox 98 1393 530 1474; baseline 0.007 -23"><span class='ocrx_word' id='word_1_137' title='bbox 98 1393 174 1466; x_wconf 88' lang='grc' dir='ltr'>στίν,</span> <span class='ocrx_word' id='word_1_138' title='bbox 187 1393 289 1454; x_wconf 79' lang='grc' dir='ltr'>ἀλλ”</span> <span class='ocrx_word' id='word_1_139' title='bbox 261 1417 350 1462; x_wconf 90' lang='grc' dir='ltr'>ευνους</span> <span class='ocrx_word' id='word_1_140' title='bbox 363 1419 402 1462; x_wconf 88' lang='grc' dir='ltr'>τις</span> <span class='ocrx_word' id='word_1_141' title='bbox 414 1395 530 1474; x_wconf 78' lang='grc' dir='ltr'>λέγεται.</span> 
     </span>
    </p>

    <p class='ocr_par' dir='ltr' id='par_1_5' title="bbox 94 1480 886 2457">
     <span class='ocr_line' id='line_1_13' title="bbox 141 1480 883 1580; baseline 0.003 -38.111"><span class='ocrx_word' id='word_1_142' title='bbox 141 1480 327 1560; x_wconf 55' lang='lat' dir='ltr'><strong>“inquesita</strong></span> <span class='ocrx_word' id='word_1_143' title='bbox 342 1483 370 1542; x_wconf 87' lang='lat'>66</span> <span class='ocrx_word' id='word_1_144' title='bbox 384 1507 455 1552; x_wconf 90' lang='grc' dir='ltr'>τινας</span> <span class='ocrx_word' id='word_1_145' title='bbox 468 1485 641 1552; x_wconf 79' lang='grc' dir='ltr'>λανθάνοντας</span> <span class='ocrx_word' id='word_1_146' title='bbox 654 1486 782 1558; x_wconf 75' lang='grc' dir='ltr'>ἀλλήλους</span> <span class='ocrx_word' id='word_1_147' title='bbox 799 1489 883 1580; x_wconf 84' lang='grc' dir='ltr'>φιλεῖν</span> 
     </span>
     <span class='ocr_line' id='line_1_14' title="bbox 98 1566 882 1654; baseline 0.007 -27"><span class='ocrx_word' id='word_1_148' title='bbox 98 1567 280 1636; x_wconf 75' lang='grc' dir='ltr'>ὗπολαὸόντοις</span> <span class='ocrx_word' id='word_1_149' title='bbox 304 1571 417 1647; x_wconf 82' lang='grc' dir='ltr'>ἀγαθούς</span> <span class='ocrx_word' id='word_1_150' title='bbox 440 1596 530 1646; x_wconf 87' lang='grc' dir='ltr'>τινας,</span> <span class='ocrx_word' id='word_1_151' title='bbox 560 1573 604 1632; x_wconf 84' lang='grc' dir='ltr'>καὶ</span> <span class='ocrx_word' id='word_1_152' title='bbox 628 1573 775 1654; x_wconf 80' lang='grc' dir='ltr'>χρησίμους</span> <span class='ocrx_word' id='word_1_153' title='bbox 800 1566 882 1646; x_wconf 79' lang='grc' dir='ltr'>εἶναι,</span> 
     </span>
     <span class='ocr_line' id='line_1_15' title="bbox 97 1659 884 1742; baseline 0.004 -23"><span class='ocrx_word' id='word_1_154' title='bbox 97 1684 145 1719; x_wconf 88' lang='grc' dir='ltr'>και</span> <span class='ocrx_word' id='word_1_155' title='bbox 134 1659 255 1719; x_wconf 74' lang='grc' dir='ltr'>ἔπει·</span> <span class='ocrx_word' id='word_1_156' title='bbox 202 1683 256 1720; x_wconf 89' lang='grc' dir='ltr'>ικε</span> <span class='ocrx_word' id='word_1_157' title='bbox 255 1661 296 1732; x_wconf 87' lang='grc' dir='ltr'>ῒς,</span> <span class='ocrx_word' id='word_1_158' title='bbox 312 1684 358 1721; x_wconf 85' lang='grc' dir='ltr'>και</span> <span class='ocrx_word' id='word_1_159' title='bbox 347 1661 511 1741; x_wconf 80' lang='grc' dir='ltr'>βούλεσθαι</span> <span class='ocrx_word' id='word_1_160' title='bbox 522 1663 646 1736; x_wconf 78' lang='grc' dir='ltr'>ἀλλήλοις</span> <span class='ocrx_word' id='word_1_161' title='bbox 661 1663 694 1722; x_wconf 64' lang='lat' dir='ltr'><strong>et</strong></span> <span class='ocrx_word' id='word_1_162' title='bbox 709 1663 806 1742; x_wconf 78' lang='grc' dir='ltr'>ἀγαθοί·</span> <span class='ocrx_word' id='word_1_163' title='bbox 822 1663 884 1722; x_wconf 85' lang='grc' dir='ltr'>τού·</span> 
     </span>
     <span class='ocr_line' id='line_1_16' title="bbox 96 1748 886 1831; baseline 0.004 -23"><span class='ocrx_word' id='word_1_164' title='bbox 96 1771 157 1816; x_wconf 89' lang='grc' dir='ltr'>τους</span> <span class='ocrx_word' id='word_1_165' title='bbox 177 1748 209 1820; x_wconf 90' lang='lat'>66</span> <span class='ocrx_word' id='word_1_166' title='bbox 225 1749 321 1828; x_wconf 81' lang='grc' dir='ltr'>κυρίοις</span> <span class='ocrx_word' id='word_1_167' title='bbox 342 1749 391 1827; x_wconf 80' lang='grc' dir='ltr'>μὲν</span> <span class='ocrx_word' id='word_1_168' title='bbox 405 1753 537 1831; x_wconf 87' lang='grc' dir='ltr'>φίλους’</span> <span class='ocrx_word' id='word_1_169' title='bbox 511 1775 559 1811; x_wconf 90' lang='grc' dir='ltr'>ουκ</span> <span class='ocrx_word' id='word_1_170' title='bbox 579 1753 610 1812; x_wconf 82' lang='grc' dir='ltr'>οἷν</span> <span class='ocrx_word' id='word_1_171' title='bbox 623 1775 662 1820; x_wconf 91' lang='grc' dir='ltr'>τις</span> <span class='ocrx_word' id='word_1_172' title='bbox 677 1751 762 1826; x_wconf 81' lang='grc' dir='ltr'>εἴποι,</span> <span class='ocrx_word' id='word_1_173' title='bbox 782 1753 863 1810; x_wconf 82' lang='grc' dir='ltr'>ὅτι</span> <span class='ocrx_word' id='word_1_174' title='bbox 838 1775 886 1811; x_wconf 91' lang='grc' dir='ltr'>ουκ</span> 
     </span>
     <span class='ocr_line' id='line_1_17' title="bbox 96 1837 881 1921; baseline 0.004 -23"><span class='ocrx_word' id='word_1_175' title='bbox 96 1837 173 1898; x_wconf 86' lang='grc' dir='ltr'>ίσασι</span> <span class='ocrx_word' id='word_1_176' title='bbox 187 1839 353 1920; x_wconf 85' lang='grc' dir='ltr'>φιλούμενοι,</span> <span class='ocrx_word' id='word_1_177' title='bbox 367 1840 425 1899; x_wconf 81' lang='grc' dir='ltr'>οὐδὲ</span> <span class='ocrx_word' id='word_1_178' title='bbox 435 1843 471 1908; x_wconf 84' lang='grc' dir='ltr'>ὡς</span> <span class='ocrx_word' id='word_1_179' title='bbox 484 1840 574 1920; x_wconf 82' lang='grc' dir='ltr'>ἔχουσι</span> <span class='ocrx_word' id='word_1_180' title='bbox 593 1840 659 1921; x_wconf 77' lang='grc' dir='ltr'>πρὸς</span> <span class='ocrx_word' id='word_1_181' title='bbox 680 1842 820 1914; x_wconf 78' lang='grc' dir='ltr'>ἀλλήλους·</span> <span class='ocrx_word' id='word_1_182' title='bbox 837 1841 881 1901; x_wconf 86' lang='grc' dir='ltr'>εὗ-</span> 
     </span>
     <span class='ocr_line' id='line_1_18' title="bbox 96 1927 884 2012; baseline 0.003 -28"><span class='ocrx_word' id='word_1_183' title='bbox 96 1949 158 1995; x_wconf 91' lang='grc' dir='ltr'>νους</span> <span class='ocrx_word' id='word_1_184' title='bbox 173 1927 199 1985; x_wconf 81' lang='lat'>66</span> <span class='ocrx_word' id='word_1_185' title='bbox 221 1928 344 2000; x_wconf 85' lang='grc' dir='ltr'>ἀλλήλοις</span> <span class='ocrx_word' id='word_1_186' title='bbox 358 1929 426 1987; x_wconf 88' lang='grc' dir='ltr'>είποι</span> <span class='ocrx_word' id='word_1_187' title='bbox 439 1952 478 1996; x_wconf 89' lang='grc' dir='ltr'>τις</span> <span class='ocrx_word' id='word_1_188' title='bbox 493 1929 534 1987; x_wconf 86' lang='grc' dir='ltr'>ἄν·</span> <span class='ocrx_word' id='word_1_189' title='bbox 549 1927 608 1988; x_wconf 83' lang='grc' dir='ltr'>οὔτε</span> <span class='ocrx_word' id='word_1_190' title='bbox 621 1929 707 1988; x_wconf 85' lang='grc' dir='ltr'>τοίνυν</span> <span class='ocrx_word' id='word_1_191' title='bbox 718 1935 736 2002; x_wconf 98' lang='lat'>6</span> <span class='ocrx_word' id='word_1_192' title='bbox 748 1933 799 1988; x_wconf 86' lang='grc' dir='ltr'>τῶν</span> <span class='ocrx_word' id='word_1_193' title='bbox 813 1929 884 2012; x_wconf 74' lang='grc' dir='ltr'>ἀφθ-</span> 
     </span>
     <span class='ocr_line' id='line_1_19' title="bbox 95 2017 879 2098; baseline 0.004 -23"><span class='ocrx_word' id='word_1_194' title='bbox 95 2042 155 2098; x_wconf 90' lang='grc' dir='ltr'>χων</span> <span class='ocrx_word' id='word_1_195' title='bbox 172 2017 276 2098; x_wconf 89' lang='grc' dir='ltr'>φίλησις</span> <span class='ocrx_word' id='word_1_196' title='bbox 288 2017 362 2098; x_wconf 89' lang='grc' dir='ltr'>φιλία</span> <span class='ocrx_word' id='word_1_197' title='bbox 375 2017 457 2091; x_wconf 76' lang='grc' dir='ltr'>ἐστίν,</span> <span class='ocrx_word' id='word_1_198' title='bbox 469 2017 528 2078; x_wconf 85' lang='grc' dir='ltr'>οὗτε</span> <span class='ocrx_word' id='word_1_199' title='bbox 545 2025 561 2092; x_wconf 89' lang='lat'>6</span> <span class='ocrx_word' id='word_1_200' title='bbox 574 2022 625 2078; x_wconf 87' lang='grc' dir='ltr'>τῶν</span> <span class='ocrx_word' id='word_1_201' title='bbox 643 2018 800 2098; x_wconf 72' lang='grc' dir='ltr'>ἀνθρώπων,</span> <span class='ocrx_word' id='word_1_202' title='bbox 815 2019 879 2080; x_wconf 80' lang='grc' dir='ltr'>ὅταν</span> 
     </span>
     <span class='ocr_line' id='line_1_20' title="bbox 95 2104 884 2190; baseline 0.003 -24"><span class='ocrx_word' id='word_1_203' title='bbox 95 2107 169 2173; x_wconf 75' lang='grc' dir='ltr'>τινὀς</span> <span class='ocrx_word' id='word_1_204' title='bbox 184 2104 290 2186; x_wconf 76' lang='grc' dir='ltr'>ἐλλείπῃ</span> <span class='ocrx_word' id='word_1_205' title='bbox 303 2111 353 2166; x_wconf 82' lang='grc' dir='ltr'>τῶν</span> <span class='ocrx_word' id='word_1_206' title='bbox 367 2107 522 2188; x_wconf 81' lang='grc' dir='ltr'>εἰρημένων.</span> <span class='ocrx_word' id='word_1_207' title='bbox 541 2108 621 2168; x_wconf 74' lang='grc' dir='ltr'>Ἀλλὰ</span> <span class='ocrx_word' id='word_1_208' title='bbox 635 2109 710 2190; x_wconf 87' lang='grc' dir='ltr'>φιλία</span> <span class='ocrx_word' id='word_1_209' title='bbox 724 2109 810 2184; x_wconf 90' lang='grc' dir='ltr'>ε’στίν,</span> <span class='ocrx_word' id='word_1_210' title='bbox 822 2108 884 2170; x_wconf 76' lang='grc' dir='ltr'>ὅταν</span> 
     </span>
     <span class='ocr_line' id='line_1_21' title="bbox 95 2194 884 2276; baseline 0.001 -21"><span class='ocrx_word' id='word_1_211' title='bbox 95 2194 226 2268; x_wconf 78' lang='grc' dir='ltr'>ἀλλήλοις</span> <span class='ocrx_word' id='word_1_212' title='bbox 241 2199 363 2258; x_wconf 83' lang='grc' dir='ltr'>εὗνοῶσιν</span> <span class='ocrx_word' id='word_1_213' title='bbox 374 2197 417 2276; x_wconf 88' lang='lat'>,6</span> <span class='ocrx_word' id='word_1_214' title='bbox 439 2198 481 2257; x_wconf 77' lang='lat' dir='ltr'><strong>ul</strong></span> <span class='ocrx_word' id='word_1_215' title='bbox 502 2198 531 2257; x_wconf 85' lang='grc' dir='ltr'>τὸ</span> <span class='ocrx_word' id='word_1_216' title='bbox 548 2197 661 2276; x_wconf 73' lang='grc' dir='ltr'>ἀγαθόν,</span> <span class='ocrx_word' id='word_1_217' title='bbox 676 2197 693 2270; x_wconf 91' lang='lat'>6</span> <span class='ocrx_word' id='word_1_218' title='bbox 711 2197 754 2258; x_wconf 79' lang='grc' dir='ltr'>διὰ</span> <span class='ocrx_word' id='word_1_219' title='bbox 769 2197 799 2258; x_wconf 81' lang='grc' dir='ltr'>τὸ</span> <span class='ocrx_word' id='word_1_220' title='bbox 812 2197 884 2272; x_wconf 88' lang='lat'>666,</span> 
     </span>
     <span class='ocr_line' id='line_1_22' title="bbox 94 2284 882 2367; baseline 0.005 -25"><span class='ocrx_word' id='word_1_221' title='bbox 94 2284 112 2355; x_wconf 88' lang='lat'>6</span> <span class='ocrx_word' id='word_1_222' title='bbox 127 2284 203 2343; x_wconf 76' lang='lat' dir='ltr'><strong>td</strong></span> <span class='ocrx_word' id='word_1_223' title='bbox 179 2309 209 2346; x_wconf 91' lang='grc' dir='ltr'>το</span> <span class='ocrx_word' id='word_1_224' title='bbox 219 2309 254 2367; x_wconf 91' lang='grc' dir='ltr'>χρ</span> <span class='ocrx_word' id='word_1_225' title='bbox 241 2287 368 2365; x_wconf 90' lang='grc' dir='ltr'>ρ,ήσιμον</span> <span class='ocrx_word' id='word_1_226' title='bbox 381 2285 427 2346; x_wconf 84' lang='grc' dir='ltr'>καλ</span> <span class='ocrx_word' id='word_1_227' title='bbox 439 2287 586 2364; x_wconf 85' lang='grc' dir='ltr'>βούλωνται</span> <span class='ocrx_word' id='word_1_228' title='bbox 599 2287 722 2359; x_wconf 78' lang='grc' dir='ltr'>ἀλλήλοις</span> <span class='ocrx_word' id='word_1_229' title='bbox 736 2285 771 2346; x_wconf 72' lang='grc' dir='ltr'>τὰ</span> <span class='ocrx_word' id='word_1_230' title='bbox 783 2286 882 2367; x_wconf 85' lang='grc' dir='ltr'>ἀγαθοί,</span> 
     </span>
     <span class='ocr_line' id='line_1_23' title="bbox 94 2373 679 2457; baseline 0.009 -25"><span class='ocrx_word' id='word_1_231' title='bbox 94 2373 145 2432; x_wconf 83' lang='lat' dir='ltr'>xor6</span> <span class='ocrx_word' id='word_1_232' title='bbox 160 2375 189 2434; x_wconf 83' lang='grc' dir='ltr'>οὐ</span> <span class='ocrx_word' id='word_1_233' title='bbox 204 2374 369 2434; x_wconf 80' lang='grc' dir='ltr'>λανθάνωσιν</span> <span class='ocrx_word' id='word_1_234' title='bbox 387 2375 516 2446; x_wconf 73' lang='grc' dir='ltr'>ἀλλήλους</span> <span class='ocrx_word' id='word_1_235' title='bbox 530 2379 679 2457; x_wconf 79' lang='grc' dir='ltr'>φιλοῦντες.</span> 
     </span>
    </p>

    <p class='ocr_par' dir='ltr' id='par_1_6' title="bbox 91 2451 885 3079">
     <span class='ocr_line' id='line_1_24' title="bbox 154 2451 885 2546; baseline 0.004 -23.244"><span class='ocrx_word' id='word_1_236' title='bbox 154 2459 283 2523; x_wconf 60' lang='grc' dir='ltr'>Μ”Οτι</span> <span class='ocrx_word' id='word_1_237' title='bbox 297 2451 387 2538; x_wconf 58' lang='lat' dir='ltr'>pb*</span> <span class='ocrx_word' id='word_1_238' title='bbox 356 2485 401 2520; x_wconf 91' lang='grc' dir='ltr'>ουν</span> <span class='ocrx_word' id='word_1_239' title='bbox 417 2463 473 2522; x_wconf 75' lang='grc' dir='ltr'>ἐστι</span> <span class='ocrx_word' id='word_1_240' title='bbox 489 2463 598 2545; x_wconf 85' lang='grc' dir='ltr'>φιλία</span> <span class='ocrx_word' id='word_1_241' title='bbox 574 2487 647 2543; x_wconf 90' lang='grc' dir='ltr'>ειρητ</span> <span class='ocrx_word' id='word_1_242' title='bbox 637 2487 683 2523; x_wconf 91' lang='grc' dir='ltr'>.αι·</span> <span class='ocrx_word' id='word_1_243' title='bbox 695 2463 805 2546; x_wconf 74' lang='grc' dir='ltr'>φανερὸν</span> <span class='ocrx_word' id='word_1_244' title='bbox 816 2463 844 2524; x_wconf 81' lang='lat'>66</span> <span class='ocrx_word' id='word_1_245' title='bbox 856 2467 885 2526; x_wconf 76' lang='lat' dir='ltr'><strong>tx</strong></span> 
     </span>
     <span class='ocr_line' id='line_1_25' title="bbox 93 2549 884 2660; baseline 0.001 -48"><span class='ocrx_word' id='word_1_246' title='bbox 93 2553 150 2612; x_wconf 83' lang='grc' dir='ltr'>τῶν</span> <span class='ocrx_word' id='word_1_247' title='bbox 166 2550 311 2660; x_wconf 78' lang='grc' dir='ltr'>εἰρημένων</span> <span class='ocrx_word' id='word_1_248' title='bbox 327 2551 366 2610; x_wconf 80' lang='grc' dir='ltr'>ὅτι</span> <span class='ocrx_word' id='word_1_249' title='bbox 377 2574 422 2610; x_wconf 86' lang='grc' dir='ltr'>κοιι</span> <span class='ocrx_word' id='word_1_250' title='bbox 411 2549 546 2632; x_wconf 87' lang='grc' dir='ltr'>τρίαδ</span> <span class='ocrx_word' id='word_1_251' title='bbox 508 2551 546 2610; x_wconf 83' lang='grc' dir='ltr'>είδ</span> <span class='ocrx_word' id='word_1_252' title='bbox 547 2577 563 2610; x_wconf 81' lang='grc' dir='ltr'>ν</span> <span class='ocrx_word' id='word_1_253' title='bbox 558 2553 674 2634; x_wconf 86' lang='grc' dir='ltr'>φιλίας·</span> <span class='ocrx_word' id='word_1_254' title='bbox 685 2553 743 2614; x_wconf 68' lang='grc' dir='ltr'>ἐπεὶ</span> <span class='ocrx_word' id='word_1_255' title='bbox 756 2553 807 2632; x_wconf 67' lang='grc' dir='ltr'>γὰρ</span> <span class='ocrx_word' id='word_1_256' title='bbox 823 2555 884 2634; x_wconf 89' lang='grc' dir='ltr'>τρία</span> 
     </span>
     <span class='ocr_line' id='line_1_26' title="bbox 94 2637 885 2748; baseline 0.004 -50"><span class='ocrx_word' id='word_1_257' title='bbox 94 2638 199 2699; x_wconf 74' lang='grc' dir='ltr'>ἐστὶ</span> <span class='ocrx_word' id='word_1_258' title='bbox 172 2663 206 2697; x_wconf 91' lang='grc' dir='ltr'>τα</span> <span class='ocrx_word' id='word_1_259' title='bbox 220 2639 244 2698; x_wconf 80' lang='grc' dir='ltr'>δι</span> <span class='ocrx_word' id='word_1_260' title='bbox 245 2637 398 2717; x_wconf 81' lang='grc' dir='ltr'>’θγίνεται</span> <span class='ocrx_word' id='word_1_261' title='bbox 413 2643 430 2712; x_wconf 86' lang='lat'>6</span> <span class='ocrx_word' id='word_1_262' title='bbox 448 2639 573 2748; x_wconf 44' lang='grc' dir='ltr'>φιλίαχ</span> <span class='ocrx_word' id='word_1_263' title='bbox 550 2664 579 2700; x_wconf 89' lang='grc' dir='ltr'>το</span> <span class='ocrx_word' id='word_1_264' title='bbox 593 2640 658 2712; x_wconf 81' lang='grc' dir='ltr'>ἡδύ,</span> <span class='ocrx_word' id='word_1_265' title='bbox 676 2640 706 2700; x_wconf 81' lang='grc' dir='ltr'>τὸ</span> <span class='ocrx_word' id='word_1_266' title='bbox 723 2640 838 2720; x_wconf 79' lang='grc' dir='ltr'>ἀγαθόν,</span> <span class='ocrx_word' id='word_1_267' title='bbox 854 2641 885 2701; x_wconf 78' lang='grc' dir='ltr'>τὸ</span> 
     </span>
     <span class='ocr_line' id='line_1_27' title="bbox 92 2725 884 2811; baseline 0.004 -23"><span class='ocrx_word' id='word_1_268' title='bbox 92 2727 244 2809; x_wconf 87' lang='grc' dir='ltr'>χρήσιμον,</span> <span class='ocrx_word' id='word_1_269' title='bbox 266 2725 311 2786; x_wconf 82' lang='grc' dir='ltr'>καὶ</span> <span class='ocrx_word' id='word_1_270' title='bbox 332 2726 483 2809; x_wconf 82' lang='grc' dir='ltr'>διαφέρουσι</span> <span class='ocrx_word' id='word_1_271' title='bbox 504 2750 588 2788; x_wconf 87' lang='grc' dir='ltr'>ταυτα</span> <span class='ocrx_word' id='word_1_272' title='bbox 612 2729 787 2803; x_wconf 79' lang='grc' dir='ltr'>θλλήλων“</span> <span class='ocrx_word' id='word_1_273' title='bbox 752 2754 790 2811; x_wconf 84' lang='grc' dir='ltr'>τῳ</span> <span class='ocrx_word' id='word_1_274' title='bbox 805 2731 884 2806; x_wconf 86' lang='grc' dir='ltr'>είδιι,</span> 
     </span>
     <span class='ocr_line' id='line_1_28' title="bbox 92 2791 883 2924; baseline 0.004 -49"><span class='ocrx_word' id='word_1_275' title='bbox 92 2816 245 2924; x_wconf 74' lang='grc' dir='ltr'>ἰσαρίθμοις</span> <span class='ocrx_word' id='word_1_276' title='bbox 266 2819 320 2884; x_wconf 85' lang='grc' dir='ltr'>τοῖς</span> <span class='ocrx_word' id='word_1_277' title='bbox 334 2819 453 2897; x_wconf 86' lang='grc' dir='ltr'>φιλητοῐς</span> <span class='ocrx_word' id='word_1_278' title='bbox 473 2816 518 2876; x_wconf 79' lang='grc' dir='ltr'>καὶ</span> <span class='ocrx_word' id='word_1_279' title='bbox 535 2821 552 2889; x_wconf 89' lang='lat'>6</span> <span class='ocrx_word' id='word_1_280' title='bbox 575 2817 657 2898; x_wconf 85' lang='grc' dir='ltr'>φιλία.</span> <span class='ocrx_word' id='word_1_281' title='bbox 681 2821 750 2879; x_wconf 84' lang='grc' dir='ltr'>Καθ’</span> <span class='ocrx_word' id='word_1_282' title='bbox 773 2791 883 2879; x_wconf 54' lang='grc' dir='ltr'>ἕκαστον</span> 
     </span>
     <span class='ocr_line' id='line_1_29' title="bbox 91 2904 883 2990; baseline 0.005 -26"><span class='ocrx_word' id='word_1_283' title='bbox 91 2904 149 2986; x_wconf 72' lang='grc' dir='ltr'>γὰρ</span> <span class='ocrx_word' id='word_1_284' title='bbox 161 2907 213 2965; x_wconf 81' lang='grc' dir='ltr'>τῶν</span> <span class='ocrx_word' id='word_1_285' title='bbox 228 2908 344 2988; x_wconf 80' lang='grc' dir='ltr'>φιλητῶν</span> <span class='ocrx_word' id='word_1_286' title='bbox 356 2906 465 2968; x_wconf 73' lang='grc' dir='ltr'>δυνατὸν</span> <span class='ocrx_word' id='word_1_287' title='bbox 478 2905 568 2987; x_wconf 87' lang='grc' dir='ltr'>φιλίαν</span> <span class='ocrx_word' id='word_1_288' title='bbox 582 2907 718 2985; x_wconf 77' lang='grc' dir='ltr'>γενέσθαι,</span> <span class='ocrx_word' id='word_1_289' title='bbox 732 2906 793 2981; x_wconf 85' lang='grc' dir='ltr'>ήτοι</span> <span class='ocrx_word' id='word_1_290' title='bbox 808 2908 883 2990; x_wconf 87' lang='grc' dir='ltr'>φίλη·</span> 
     </span>
     <span class='ocr_line' id='line_1_30' title="bbox 92 2994 661 3112; baseline 0.002 -57"><span class='ocrx_word' id='word_1_291' title='bbox 92 3018 141 3056; x_wconf 90' lang='grc' dir='ltr'>σιν</span> <span class='ocrx_word' id='word_1_292' title='bbox 140 2994 197 3112; x_wconf 83' lang='grc' dir='ltr'>μὴ</span> <span class='ocrx_word' id='word_1_293' title='bbox 210 2997 406 3070; x_wconf 86' lang='grc' dir='ltr'>λοινθοίνουσαν,</span> <span class='ocrx_word' id='word_1_294' title='bbox 423 2997 469 3056; x_wconf 79' lang='grc' dir='ltr'>καὶ</span> <span class='ocrx_word' id='word_1_295' title='bbox 482 2996 661 3079; x_wconf 81' lang='grc' dir='ltr'>ἀντιφίλησιν.</span> 
     </span>
    </p>

    <p class='ocr_par' dir='ltr' id='par_1_7' title="bbox 92 3083 885 3434">
     <span class='ocr_line' id='line_1_31' title="bbox 156 3083 885 3167; baseline 0 -20"><span class='ocrx_word' id='word_1_296' title='bbox 156 3083 274 3147; x_wconf 74' lang='lat' dir='ltr'>&#39;&#39;¹‘&#39;Ert</span> <span class='ocrx_word' id='word_1_297' title='bbox 284 3085 312 3146; x_wconf 77' lang='grc' dir='ltr'>δὲ</span> <span class='ocrx_word' id='word_1_298' title='bbox 320 3110 365 3146; x_wconf 86' lang='grc' dir='ltr'>και</span> <span class='ocrx_word' id='word_1_299' title='bbox 354 3084 497 3166; x_wconf 84' lang='grc' dir='ltr'>βούλησιν</span> <span class='ocrx_word' id='word_1_300' title='bbox 509 3084 678 3156; x_wconf 56' lang='lat' dir='ltr'><strong>dilatiore*</strong></span> <span class='ocrx_word' id='word_1_301' title='bbox 642 3109 695 3145; x_wconf 90' lang='grc' dir='ltr'>των</span> <span class='ocrx_word' id='word_1_302' title='bbox 706 3087 819 3167; x_wconf 70' lang='grc' dir='ltr'>ἀγαθῶν·</span> <span class='ocrx_word' id='word_1_303' title='bbox 826 3085 885 3147; x_wconf 87' lang='grc' dir='ltr'>καθ’</span> 
     </span>
     <span class='ocr_line' id='line_1_32' title="bbox 92 3173 884 3257; baseline 0.004 -24"><span class='ocrx_word' id='word_1_304' title='bbox 92 3173 185 3234; x_wconf 63' lang='lat' dir='ltr'><strong>&amp;aovi</strong></span> <span class='ocrx_word' id='word_1_305' title='bbox 197 3173 249 3257; x_wconf 80' lang='grc' dir='ltr'>γάρ</span> <span class='ocrx_word' id='word_1_306' title='bbox 261 3199 288 3235; x_wconf 94' lang='grc' dir='ltr'>τι</span> <span class='ocrx_word' id='word_1_307' title='bbox 301 3177 449 3256; x_wconf 82' lang='grc' dir='ltr'>φιλοῦμεν,</span> <span class='ocrx_word' id='word_1_308' title='bbox 466 3175 614 3254; x_wconf 85' lang='grc' dir='ltr'>βουλόμεθα</span> <span class='ocrx_word' id='word_1_309' title='bbox 628 3174 757 3257; x_wconf 80' lang='grc' dir='ltr'>ἐκείνῳ</span> <span class='ocrx_word' id='word_1_310' title='bbox 733 3199 763 3236; x_wconf 92' lang='grc' dir='ltr'>το</span> <span class='ocrx_word' id='word_1_311' title='bbox 775 3175 884 3257; x_wconf 76' lang='grc' dir='ltr'>ἀγαθόν.</span> 
     </span>
     <span class='ocr_line' id='line_1_33' title="bbox 92 3261 880 3376; baseline 0.003 -56"><span class='ocrx_word' id='word_1_312' title='bbox 92 3261 169 3342; x_wconf 85' lang='grc' dir='ltr'>Τρία</span> <span class='ocrx_word' id='word_1_313' title='bbox 185 3261 237 3342; x_wconf 77' lang='grc' dir='ltr'>ἄρα</span> <span class='ocrx_word' id='word_1_314' title='bbox 251 3264 290 3322; x_wconf 85' lang='grc' dir='ltr'>είδ</span> <span class='ocrx_word' id='word_1_315' title='bbox 290 3287 307 3337; x_wconf 91' lang='grc' dir='ltr'>η</span> <span class='ocrx_word' id='word_1_316' title='bbox 322 3261 418 3376; x_wconf 87' lang='grc' dir='ltr'>φιλίας,</span> <span class='ocrx_word' id='word_1_317' title='bbox 435 3261 505 3323; x_wconf 69' lang='grc' dir='ltr'>κατὰ</span> <span class='ocrx_word' id='word_1_318' title='bbox 523 3261 553 3321; x_wconf 83' lang='grc' dir='ltr'>τὸ</span> <span class='ocrx_word' id='word_1_319' title='bbox 564 3263 677 3343; x_wconf 78' lang='grc' dir='ltr'>ἀγαθόν,</span> <span class='ocrx_word' id='word_1_320' title='bbox 689 3262 759 3322; x_wconf 74' lang='grc' dir='ltr'>κατὰ</span> <span class='ocrx_word' id='word_1_321' title='bbox 772 3262 803 3322; x_wconf 79' lang='grc' dir='ltr'>τὸ</span> <span class='ocrx_word' id='word_1_322' title='bbox 814 3263 880 3342; x_wconf 86' lang='lat'>666,</span> 
     </span>
     <span class='ocr_line' id='line_1_34' title="bbox 93 3351 420 3434; baseline -0.009 -21"><span class='ocrx_word' id='word_1_323' title='bbox 93 3351 143 3413; x_wconf 77' lang='grc' dir='ltr'>καλ</span> <span class='ocrx_word' id='word_1_324' title='bbox 156 3351 225 3412; x_wconf 76' lang='grc' dir='ltr'>κατὰ</span> <span class='ocrx_word' id='word_1_325' title='bbox 239 3351 330 3434; x_wconf 82' lang='grc' dir='ltr'>τθχρ’</span> <span class='ocrx_word' id='word_1_326' title='bbox 314 3375 420 3428; x_wconf 87' lang='grc' dir='ltr'>ησιμον.</span> 
     </span>
    </p>

    <p class='ocr_par' dir='ltr' id='par_1_8' title="bbox 96 3439 887 4946">
     <span class='ocr_line' id='line_1_35' title="bbox 140 3439 884 3522; baseline -0.001 -21"><span class='ocrx_word' id='word_1_327' title='bbox 140 3441 321 3522; x_wconf 82' lang='lat' dir='ltr'><strong>(Scripsi:¹</strong></span> <span class='ocrx_word' id='word_1_328' title='bbox 342 3439 473 3522; x_wconf 78' lang='grc' dir='ltr'>οὐρανόν]</span> <span class='ocrx_word' id='word_1_329' title='bbox 498 3441 622 3504; x_wconf 82' lang='grc' dir='ltr'>σοθ.’</span> <span class='ocrx_word' id='word_1_330' title='bbox 592 3463 712 3520; x_wconf 89' lang='grc' dir='ltr'>ουροινον.</span> <span class='ocrx_word' id='word_1_331' title='bbox 739 3439 884 3501; x_wconf 86' lang='lat' dir='ltr'><strong>Caeteruru</strong></span> 
     </span>
     <span class='ocr_line' id='line_1_36' title="bbox 96 3530 883 3607; baseline 0.001 -16"><span class='ocrx_word' id='word_1_332' title='bbox 96 3533 207 3591; x_wconf 89' lang='lat' dir='ltr'><strong>horum</strong></span> <span class='ocrx_word' id='word_1_333' title='bbox 238 3550 378 3604; x_wconf 82' lang='lat' dir='ltr'><strong>versuum</strong></span> <span class='ocrx_word' id='word_1_334' title='bbox 399 3530 513 3589; x_wconf 87' lang='lat' dir='ltr'><strong>initium</strong></span> <span class='ocrx_word' id='word_1_335' title='bbox 544 3532 651 3590; x_wconf 87' lang='lat' dir='ltr'><strong>citatur</strong></span> <span class='ocrx_word' id='word_1_336' title='bbox 674 3534 759 3589; x_wconf 86' lang='lat' dir='ltr'><strong>etiarn</strong></span> <span class='ocrx_word' id='word_1_337' title='bbox 785 3530 883 3607; x_wconf 85' lang='lat' dir='ltr'><strong>Magn.</strong></span> 
     </span>
     <span class='ocr_line' id='line_1_37' title="bbox 97 3615 883 3696; baseline -0.003 -18"><span class='ocrx_word' id='word_1_338' title='bbox 97 3620 175 3680; x_wconf 87' lang='lat' dir='ltr'><strong>Mor.</strong></span> <span class='ocrx_word' id='word_1_339' title='bbox 191 3618 233 3692; x_wconf 87' lang='lat' dir='ltr'><strong>tl,</strong></span> <span class='ocrx_word' id='word_1_340' title='bbox 260 3639 290 3674; x_wconf 88' lang='grc' dir='ltr'>ιι</span> <span class='ocrx_word' id='word_1_341' title='bbox 318 3630 346 3675; x_wconf 88' lang='lat' dir='ltr'>et</span> <span class='ocrx_word' id='word_1_342' title='bbox 366 3616 486 3678; x_wconf 84' lang='lat' dir='ltr'><strong>Eudenr.</strong></span> <span class='ocrx_word' id='word_1_343' title='bbox 504 3615 570 3696; x_wconf 87' lang='lat' dir='ltr'><strong>Vll,</strong></span> <span class='ocrx_word' id='word_1_344' title='bbox 595 3641 621 3680; x_wconf 90' lang='lat'>1.</span> <span class='ocrx_word' id='word_1_345' title='bbox 637 3617 769 3695; x_wconf 84' lang='lat' dir='ltr'><strong>lntegros</strong></span> <span class='ocrx_word' id='word_1_346' title='bbox 785 3637 883 3678; x_wconf 84' lang='lat' dir='ltr'><strong>serva-</strong></span> 
     </span>
     <span class='ocr_line' id='line_1_38' title="bbox 96 3703 883 3784; baseline 0 -19"><span class='ocrx_word' id='word_1_347' title='bbox 96 3720 169 3766; x_wconf 88' lang='lat' dir='ltr'><strong>runt</strong></span> <span class='ocrx_word' id='word_1_348' title='bbox 182 3705 340 3769; x_wconf 69' lang='lat' dir='ltr'><strong>,Athenaeus</strong></span> <span class='ocrx_word' id='word_1_349' title='bbox 357 3703 427 3765; x_wconf 87' lang='lat' dir='ltr'><strong>Xlll</strong></span> <span class='ocrx_word' id='word_1_350' title='bbox 447 3726 475 3784; x_wconf 94' lang='lat' dir='ltr'>p.</span> <span class='ocrx_word' id='word_1_351' title='bbox 500 3707 558 3784; x_wconf 86' lang='lat'>599</span> <span class='ocrx_word' id='word_1_352' title='bbox 573 3720 602 3765; x_wconf 88' lang='lat' dir='ltr'>et</span> <span class='ocrx_word' id='word_1_353' title='bbox 622 3707 730 3766; x_wconf 87' lang='lat' dir='ltr'><strong>omisso</strong></span> <span class='ocrx_word' id='word_1_354' title='bbox 752 3709 883 3765; x_wconf 78' lang='lat' dir='ltr'><strong>arretoris</strong></span> 
     </span>
     <span class='ocr_line' id='line_1_39' title="bbox 98 3794 884 3875; baseline 0 -20"><span class='ocrx_word' id='word_1_355' title='bbox 98 3796 221 3856; x_wconf 87' lang='lat' dir='ltr'><strong>nomine</strong></span> <span class='ocrx_word' id='word_1_356' title='bbox 247 3794 380 3855; x_wconf 80' lang='lat' dir='ltr'><strong>Stobaeus</strong></span> <span class='ocrx_word' id='word_1_357' title='bbox 403 3795 465 3855; x_wconf 82' lang='lat' dir='ltr'>Ecl.</span> <span class='ocrx_word' id='word_1_358' title='bbox 492 3794 584 3873; x_wconf 86' lang='lat' dir='ltr'><strong>Phys.</strong></span> <span class='ocrx_word' id='word_1_359' title='bbox 610 3794 624 3852; x_wconf 90' lang='lat'>1</span> <span class='ocrx_word' id='word_1_360' title='bbox 647 3817 675 3875; x_wconf 87' lang='lat' dir='ltr'>p.</span> <span class='ocrx_word' id='word_1_361' title='bbox 703 3797 773 3857; x_wconf 78' lang='lat'>268.</span> <span class='ocrx_word' id='word_1_362' title='bbox 798 3795 884 3856; x_wconf 83' lang='lat' dir='ltr'><strong>Conf.</strong></span> 
     </span>
     <span class='ocr_line' id='line_1_40' title="bbox 98 3883 882 3964; baseline 0 -20"><span class='ocrx_word' id='word_1_363' title='bbox 98 3886 202 3963; x_wconf 79' lang='lat' dir='ltr'>fragm.</span> <span class='ocrx_word' id='word_1_364' title='bbox 216 3885 274 3943; x_wconf 86' lang='lat' dir='ltr'>sab.</span> <span class='ocrx_word' id='word_1_365' title='bbox 287 3885 347 3948; x_wconf 88' lang='lat' dir='ltr'>inc.</span> <span class='ocrx_word' id='word_1_366' title='bbox 363 3885 442 3964; x_wconf 88' lang='lat' dir='ltr'><strong>apud</strong></span> <span class='ocrx_word' id='word_1_367' title='bbox 454 3883 630 3960; x_wconf 84' lang='lat' dir='ltr'><strong>Wagneruro</strong></span> <span class='ocrx_word' id='word_1_368' title='bbox 644 3905 672 3962; x_wconf 90' lang='lat' dir='ltr'>p.</span> <span class='ocrx_word' id='word_1_369' title='bbox 688 3885 745 3943; x_wconf 79' lang='lat'>826</span> <span class='ocrx_word' id='word_1_370' title='bbox 760 3897 790 3942; x_wconf 88' lang='lat' dir='ltr'>et</span> <span class='ocrx_word' id='word_1_371' title='bbox 803 3884 882 3944; x_wconf 85' lang='lat' dir='ltr'><strong>Phil.</strong></span> 
     </span>
     <span class='ocr_line' id='line_1_41' title="bbox 97 3970 885 4052; baseline -0.003 -20"><span class='ocrx_word' id='word_1_372' title='bbox 97 3973 192 4032; x_wconf 74' lang='lat' dir='ltr'><strong>Graec.</strong></span> <span class='ocrx_word' id='word_1_373' title='bbox 214 3971 329 4048; x_wconf 81' lang='lat' dir='ltr'>Fragm.</span> <span class='ocrx_word' id='word_1_374' title='bbox 348 3974 408 4034; x_wconf 84' lang='lat' dir='ltr'>vol.</span> <span class='ocrx_word' id='word_1_375' title='bbox 424 3971 452 4030; x_wconf 91' lang='lat' dir='ltr'>ll</span> <span class='ocrx_word' id='word_1_376' title='bbox 476 3993 506 4051; x_wconf 89' lang='lat' dir='ltr'>p.</span> <span class='ocrx_word' id='word_1_377' title='bbox 524 3970 605 4032; x_wconf 83' lang='lat' dir='ltr'>LXII</span> <span class='ocrx_word' id='word_1_378' title='bbox 629 3971 678 4051; x_wconf 83' lang='lat' dir='ltr'>’Ep</span> <span class='ocrx_word' id='word_1_379' title='bbox 681 3980 698 4052; x_wconf 77' lang='grc' dir='ltr'>ᾷ</span> <span class='ocrx_word' id='word_1_380' title='bbox 716 3971 762 4050; x_wconf 75' lang='grc' dir='ltr'>μὲν</span> <span class='ocrx_word' id='word_1_381' title='bbox 784 3970 854 4052; x_wconf 75' lang='grc' dir='ltr'>ὅμθρ</span> <span class='ocrx_word' id='word_1_382' title='bbox 855 3994 885 4030; x_wconf 92' lang='grc' dir='ltr'>ου</span> 
     </span>
     <span class='ocr_line' id='line_1_42' title="bbox 97 4059 883 4174; baseline -0.001 -54"><span class='ocrx_word' id='word_1_383' title='bbox 97 4071 145 4141; x_wconf 87' lang='grc' dir='ltr'>γοιῐ</span> <span class='ocrx_word' id='word_1_384' title='bbox 146 4059 233 4120; x_wconf 75' lang='grc' dir='ltr'>”θτ’</span> <span class='ocrx_word' id='word_1_385' title='bbox 219 4087 250 4121; x_wconf 91' lang='grc' dir='ltr'>αν</span> <span class='ocrx_word' id='word_1_386' title='bbox 265 4061 321 4141; x_wconf 81' lang='grc' dir='ltr'>ξηρ</span> <span class='ocrx_word' id='word_1_387' title='bbox 313 4087 341 4120; x_wconf 87' lang='grc' dir='ltr'>ον</span> <span class='ocrx_word' id='word_1_388' title='bbox 365 4063 443 4121; x_wconf 81' lang='grc' dir='ltr'>πέδον</span> <span class='ocrx_word' id='word_1_389' title='bbox 456 4059 599 4174; x_wconf 78' lang='grc' dir='ltr'>ἰλιιαρπον</span> <span class='ocrx_word' id='word_1_390' title='bbox 608 4061 705 4143; x_wconf 85' lang='grc' dir='ltr'>αὗχμω</span> <span class='ocrx_word' id='word_1_391' title='bbox 684 4060 819 4130; x_wconf 87' lang='grc' dir='ltr'>νοτίδος</span> <span class='ocrx_word' id='word_1_392' title='bbox 840 4065 883 4121; x_wconf 82' lang='lat' dir='ltr'>b-</span> 
     </span>
     <span class='ocr_line' id='line_1_43' title="bbox 98 4149 886 4260; baseline 0.001 -51"><span class='ocrx_word' id='word_1_393' title='bbox 98 4149 237 4230; x_wconf 79' lang='grc' dir='ltr'>δεῶςίχη·</span> <span class='ocrx_word' id='word_1_394' title='bbox 256 4149 361 4232; x_wconf 82' lang='grc' dir='ltr'>’ρΕα’</span> <span class='ocrx_word' id='word_1_395' title='bbox 340 4175 353 4209; x_wconf 95' lang='grc' dir='ltr'>ο</span> <span class='ocrx_word' id='word_1_396' title='bbox 372 4156 430 4209; x_wconf 85' lang='grc' dir='ltr'>ὁσε</span> <span class='ocrx_word' id='word_1_397' title='bbox 433 4151 534 4226; x_wconf 74' lang='grc' dir='ltr'>μνοςοθ</span> <span class='ocrx_word' id='word_1_398' title='bbox 523 4150 625 4260; x_wconf 85' lang='grc' dir='ltr'>ρανός,</span> <span class='ocrx_word' id='word_1_399' title='bbox 641 4149 886 4232; x_wconf 79' lang='grc' dir='ltr'>πληρούμενοςθμ-</span> 
     </span>
     <span class='ocr_line' id='line_1_44' title="bbox 100 4237 885 4321; baseline -0.001 -22"><span class='ocrx_word' id='word_1_400' title='bbox 100 4241 185 4319; x_wconf 76' lang='grc' dir='ltr'>ὅρου,</span> <span class='ocrx_word' id='word_1_401' title='bbox 203 4246 293 4298; x_wconf 86' lang='grc' dir='ltr'>πεσεῖν</span> <span class='ocrx_word' id='word_1_402' title='bbox 315 4241 350 4306; x_wconf 86' lang='grc' dir='ltr'>είς</span> <span class='ocrx_word' id='word_1_403' title='bbox 368 4248 494 4318; x_wconf 85' lang='grc' dir='ltr'>γαῖαν,.</span> <span class='ocrx_word' id='word_1_404' title='bbox 483 4240 546 4321; x_wconf 81' lang='grc' dir='ltr'>’ρλφ</span> <span class='ocrx_word' id='word_1_405' title='bbox 548 4255 575 4299; x_wconf 72' lang='grc' dir='ltr'>σο</span> <span class='ocrx_word' id='word_1_406' title='bbox 564 4227 733 4312; x_wconf 57' lang='grc' dir='ltr'>λίτηςπόσις.</span> <span class='ocrx_word' id='word_1_407' title='bbox 750 4237 840 4301; x_wconf 89' lang='grc' dir='ltr'>Οταν</span> <span class='ocrx_word' id='word_1_408' title='bbox 856 4239 885 4298; x_wconf 80' lang='lat'>66</span> 
     </span>
     <span class='ocr_line' id='line_1_45' title="bbox 101 4325 884 4438; baseline 0 -51"><span class='ocrx_word' id='word_1_409' title='bbox 101 4331 284 4438; x_wconf 81' lang='grc' dir='ltr'>συμμιχθῆτον</span> <span class='ocrx_word' id='word_1_410' title='bbox 298 4327 438 4396; x_wconf 85' lang='grc' dir='ltr'>είςταυτὸν</span> <span class='ocrx_word' id='word_1_411' title='bbox 458 4325 519 4401; x_wconf 82' lang='grc' dir='ltr'>δύο,</span> <span class='ocrx_word' id='word_1_412' title='bbox 537 4326 680 4389; x_wconf 81' lang='grc' dir='ltr'>Ίίκτουσιν</span> <span class='ocrx_word' id='word_1_413' title='bbox 699 4333 763 4407; x_wconf 80' lang='grc' dir='ltr'>ἡμῖν</span> <span class='ocrx_word' id='word_1_414' title='bbox 786 4329 884 4389; x_wconf 80' lang='grc' dir='ltr'>πάντα·</span> 
     </span>
     <span class='ocr_line' id='line_1_46' title="bbox 99 4414 887 4498; baseline 0.003 -22"><span class='ocrx_word' id='word_1_415' title='bbox 99 4415 276 4497; x_wconf 78' lang='grc' dir='ltr'>κάκτρέφουσ’</span> <span class='ocrx_word' id='word_1_416' title='bbox 292 4414 385 4496; x_wconf 75' lang='grc' dir='ltr'>ἅμα,”</span> <span class='ocrx_word' id='word_1_417' title='bbox 386 4421 454 4478; x_wconf 90' lang='grc' dir='ltr'>Οθεν</span> <span class='ocrx_word' id='word_1_418' title='bbox 468 4414 627 4498; x_wconf 76' lang='grc' dir='ltr'>βρότειονζῇ</span> <span class='ocrx_word' id='word_1_419' title='bbox 642 4441 667 4478; x_wconf 92' lang='grc' dir='ltr'>τε</span> <span class='ocrx_word' id='word_1_420' title='bbox 681 4418 726 4478; x_wconf 81' lang='grc' dir='ltr'>καὶ</span> <span class='ocrx_word' id='word_1_421' title='bbox 738 4415 871 4478; x_wconf 75' lang='grc' dir='ltr'>θάλλιι’</span> <span class='ocrx_word' id='word_1_422' title='bbox 839 4441 887 4496; x_wconf 85' lang='grc' dir='ltr'>γε·</span> 
     </span>
     <span class='ocr_line' id='line_1_47' title="bbox 99 4502 884 4590; baseline 0.004 -28"><span class='ocrx_word' id='word_1_423' title='bbox 99 4528 151 4572; x_wconf 93' lang='grc' dir='ltr'>νος.</span> <span class='ocrx_word' id='word_1_424' title='bbox 171 4535 212 4549; x_wconf 90' lang='grc'><strong>-</strong></span> <span class='ocrx_word' id='word_1_425' title='bbox 225 4505 238 4541; x_wconf 61' lang='lat'><strong>⁸</strong></span> <span class='ocrx_word' id='word_1_426' title='bbox 252 4502 438 4586; x_wconf 78' lang='grc' dir='ltr'>Ἡράκλειτος]</span> <span class='ocrx_word' id='word_1_427' title='bbox 454 4505 499 4568; x_wconf 83' lang='lat' dir='ltr'>Cl.</span> <span class='ocrx_word' id='word_1_428' title='bbox 528 4507 610 4568; x_wconf 87' lang='lat' dir='ltr'><strong>Plato</strong></span> <span class='ocrx_word' id='word_1_429' title='bbox 627 4509 754 4573; x_wconf 85' lang='lat' dir='ltr'><strong>Conviv.</strong></span> <span class='ocrx_word' id='word_1_430' title='bbox 771 4531 801 4590; x_wconf 93' lang='lat' dir='ltr'>p.</span> <span class='ocrx_word' id='word_1_431' title='bbox 829 4509 884 4580; x_wconf 85' lang='lat'>187</span> 
     </span>
     <span class='ocr_line' id='line_1_48' title="bbox 99 4592 884 4681; baseline 0.005 -27"><span class='ocrx_word' id='word_1_432' title='bbox 99 4593 130 4654; x_wconf 80' lang='grc' dir='ltr'>τὸ</span> <span class='ocrx_word' id='word_1_433' title='bbox 146 4592 174 4653; x_wconf 78' lang='grc' dir='ltr'>ἓν</span> <span class='ocrx_word' id='word_1_434' title='bbox 189 4592 240 4674; x_wconf 79' lang='grc' dir='ltr'>γάρ</span> <span class='ocrx_word' id='word_1_435' title='bbox 226 4617 317 4676; x_wconf 87' lang='grc' dir='ltr'>ρφησι</span> <span class='ocrx_word' id='word_1_436' title='bbox 329 4595 514 4678; x_wconf 80' lang='grc' dir='ltr'>διαφερόμενον</span> <span class='ocrx_word' id='word_1_437' title='bbox 530 4598 594 4658; x_wconf 77' lang='grc' dir='ltr'>αὐτὸ</span> <span class='ocrx_word' id='word_1_438' title='bbox 609 4603 682 4681; x_wconf 75' lang='grc' dir='ltr'>αὑτῷ</span> <span class='ocrx_word' id='word_1_439' title='bbox 700 4599 884 4680; x_wconf 76' lang='grc' dir='ltr'>ξυμφέρεσθαι.</span> 
     </span>
     <span class='ocr_line' id='line_1_49' title="bbox 100 4659 886 4770; baseline 0.005 -29"><span class='ocrx_word' id='word_1_440' title='bbox 100 4681 207 4744; x_wconf 83' lang='lat' dir='ltr'><strong>Sextus</strong></span> <span class='ocrx_word' id='word_1_441' title='bbox 228 4683 396 4764; x_wconf 81' lang='lat' dir='ltr'><strong>Empiricos</strong></span> <span class='ocrx_word' id='word_1_442' title='bbox 417 4687 508 4766; x_wconf 89' lang='lat' dir='ltr'><strong>Pyrh.</strong></span> <span class='ocrx_word' id='word_1_443' title='bbox 528 4689 637 4770; x_wconf 81' lang='lat' dir='ltr'><strong>Hypot.</strong></span> <span class='ocrx_word' id='word_1_444' title='bbox 661 4659 675 4751; x_wconf 89' lang='lat'>6</span> <span class='ocrx_word' id='word_1_445' title='bbox 696 4711 719 4751; x_wconf 88' lang='lat' dir='ltr'>o.</span> <span class='ocrx_word' id='word_1_446' title='bbox 739 4711 777 4767; x_wconf 78' lang='grc' dir='ltr'>αφ</span> <span class='ocrx_word' id='word_1_447' title='bbox 794 4691 812 4766; x_wconf 73' lang='lat' dir='ltr'>S</span> <span class='ocrx_word' id='word_1_448' title='bbox 828 4707 886 4748; x_wconf 80' lang='lat' dir='ltr'>nro</span> 
     </span>
     <span class='ocr_line' id='line_1_50' title="bbox 98 4773 884 4860; baseline 0.005 -30"><span class='ocrx_word' id='word_1_449' title='bbox 98 4793 130 4852; x_wconf 89' lang='lat' dir='ltr'>p.</span> <span class='ocrx_word' id='word_1_450' title='bbox 144 4773 181 4831; x_wconf 82' lang='lat'>53</span> <span class='ocrx_word' id='word_1_451' title='bbox 196 4774 243 4833; x_wconf 86' lang='lat' dir='ltr'>ed.</span> <span class='ocrx_word' id='word_1_452' title='bbox 261 4773 376 4836; x_wconf 84' lang='lat' dir='ltr'><strong>Fabrie.</strong></span> <span class='ocrx_word' id='word_1_453' title='bbox 395 4775 521 4836; x_wconf 85' lang='grc' dir='ltr'>τάναντία</span> <span class='ocrx_word' id='word_1_454' title='bbox 537 4802 587 4860; x_wconf 88' lang='grc' dir='ltr'>περ</span> <span class='ocrx_word' id='word_1_455' title='bbox 587 4777 636 4836; x_wconf 89' lang='lat'>6</span> <span class='ocrx_word' id='word_1_456' title='bbox 613 4802 642 4839; x_wconf 90' lang='grc' dir='ltr'>το</span> <span class='ocrx_word' id='word_1_457' title='bbox 658 4779 721 4839; x_wconf 81' lang='grc' dir='ltr'>αὐτὸ</span> <span class='ocrx_word' id='word_1_458' title='bbox 744 4779 884 4859; x_wconf 78' lang='grc' dir='ltr'>ὑπάρχειν.</span> 
     </span>
     <span class='ocr_line' id='line_1_51' title="bbox 101 4803 887 4946; baseline 0.01 -27"><span class='ocrx_word' id='word_1_459' title='bbox 101 4861 165 4920; x_wconf 88' lang='lat' dir='ltr'>Vid.</span> <span class='ocrx_word' id='word_1_460' title='bbox 179 4859 255 4924; x_wconf 87' lang='lat' dir='ltr'><strong>Phil.</strong></span> <span class='ocrx_word' id='word_1_461' title='bbox 269 4861 363 4924; x_wconf 84' lang='lat' dir='ltr'><strong>Graee.</strong></span> <span class='ocrx_word' id='word_1_462' title='bbox 380 4863 493 4942; x_wconf 40' lang='lat' dir='ltr'><strong>Famagm</strong></span> <span class='ocrx_word' id='word_1_463' title='bbox 511 4867 570 4928; x_wconf 86' lang='lat' dir='ltr'>vol.</span> <span class='ocrx_word' id='word_1_464' title='bbox 573 4803 643 4946; x_wconf 70' lang='lat' dir='ltr'>plp.</span> <span class='ocrx_word' id='word_1_465' title='bbox 661 4869 781 4928; x_wconf 83' lang='lat'><strong>318.-</strong></span> <span class='ocrx_word' id='word_1_466' title='bbox 790 4867 887 4942; x_wconf 67' lang='lat' dir='ltr'><strong>‘&#39;Ep-</strong></span> 
     </span>
    </p>
   </div>
   <div class='ocr_carea' id='block_1_4' title="bbox 99 4952 885 5038">
    <p class='ocr_par' dir='ltr' id='par_1_9' title="bbox 99 4952 885 5038">
     <span class='ocr_line' id='line_1_52' title="bbox 99 4952 885 5038; baseline 0.009 -29"><span class='ocrx_word' id='word_1_467' title='bbox 99 4953 249 5034; x_wconf 81' lang='grc' dir='ltr'>πεδοκλης]</span> <span class='ocrx_word' id='word_1_468' title='bbox 265 4952 331 5016; x_wconf 89' lang='lat' dir='ltr'>Vid.</span> <span class='ocrx_word' id='word_1_469' title='bbox 353 4954 430 5015; x_wconf 88' lang='lat' dir='ltr'><strong>Phil.</strong></span> <span class='ocrx_word' id='word_1_470' title='bbox 455 4955 547 5019; x_wconf 84' lang='lat' dir='ltr'><strong>Graec.</strong></span> <span class='ocrx_word' id='word_1_471' title='bbox 568 4955 682 5034; x_wconf 82' lang='lat' dir='ltr'><strong>Fragor.</strong></span> <span class='ocrx_word' id='word_1_472' title='bbox 697 4960 757 5018; x_wconf 81' lang='lat' dir='ltr'>rol.</span> <span class='ocrx_word' id='word_1_473' title='bbox 770 4957 828 5038; x_wconf 90' lang='lat' dir='ltr'>lp.</span> <span class='ocrx_word' id='word_1_474' title='bbox 848 4976 885 5016; x_wconf 88' lang='lat' dir='ltr'>ro</span> 
     </span>
    </p>
   </div>
   <div class='ocr_carea' id='block_1_5' title="bbox 930 1049 1720 1293">
    <p class='ocr_par' dir='ltr' id='par_1_10' title="bbox 930 1049 1720 1293">
     <span class='ocr_line' id='line_1_53' title="bbox 930 1049 1535 1114; baseline 0.015 -16"><span class='ocrx_word' id='word_1_475' title='bbox 930 1049 1041 1114; x_wconf 86' lang='lat' dir='ltr'><strong>quimur,</strong></span> <span class='ocrx_word' id='word_1_476' title='bbox 1057 1055 1155 1102; x_wconf 78' lang='lat' dir='ltr'><strong>nonest</strong></span> <span class='ocrx_word' id='word_1_477' title='bbox 1171 1052 1289 1105; x_wconf 84' lang='lat' dir='ltr'><strong>amicilia.</strong></span> <span class='ocrx_word' id='word_1_478' title='bbox 1530 1103 1535 1112; x_wconf 90' lang='grc'>,</span> 
     </span>
     <span class='ocr_line' id='line_1_54' title="bbox 961 1139 1720 1218; baseline 0.011 -30"><span class='ocrx_word' id='word_1_479' title='bbox 961 1139 1086 1190; x_wconf 84' lang='lat' dir='ltr'><strong>Praeterea</strong></span> <span class='ocrx_word' id='word_1_480' title='bbox 1101 1154 1182 1206; x_wconf 85' lang='lat' dir='ltr'><strong>noque</strong></span> <span class='ocrx_word' id='word_1_481' title='bbox 1200 1140 1295 1206; x_wconf 83' lang='lat' dir='ltr'><strong>siquis</strong></span> <span class='ocrx_word' id='word_1_482' title='bbox 1316 1141 1443 1194; x_wconf 87' lang='lat' dir='ltr'><strong>hominem</strong></span> <span class='ocrx_word' id='word_1_483' title='bbox 1462 1145 1543 1218; x_wconf 72' lang='lat' dir='ltr'><strong>mel,</strong></span> <span class='ocrx_word' id='word_1_484' title='bbox 1564 1143 1638 1210; x_wconf 87' lang='lat' dir='ltr'><strong>eique</strong></span> <span class='ocrx_word' id='word_1_485' title='bbox 1656 1144 1720 1196; x_wconf 87' lang='lat' dir='ltr'><strong>bona</strong></span> 
     </span>
     <span class='ocr_line' id='line_1_55' title="bbox 930 1227 1718 1293; baseline 0.009 -17"><span class='ocrx_word' id='word_1_486' title='bbox 930 1227 1013 1279; x_wconf 89' lang='lat' dir='ltr'><strong>omnia</strong></span> <span class='ocrx_word' id='word_1_487' title='bbox 1025 1231 1139 1293; x_wconf 80' lang='lat' dir='ltr'><strong>exoptet,</strong></span> <span class='ocrx_word' id='word_1_488' title='bbox 1155 1229 1273 1280; x_wconf 82' lang='lat' dir='ltr'><strong>continuo</strong></span> <span class='ocrx_word' id='word_1_489' title='bbox 1286 1229 1312 1281; x_wconf 94' lang='lat' dir='ltr'>id</span> <span class='ocrx_word' id='word_1_490' title='bbox 1325 1231 1461 1282; x_wconf 77' lang='lat' dir='ltr'><strong>amicitiam</strong></span> <span class='ocrx_word' id='word_1_491' title='bbox 1477 1245 1531 1284; x_wconf 86' lang='lat' dir='ltr'><strong>esse</strong></span> <span class='ocrx_word' id='word_1_492' title='bbox 1544 1246 1644 1284; x_wconf 84' lang='lat' dir='ltr'><strong>necesse</strong></span> <span class='ocrx_word' id='word_1_493' title='bbox 1662 1237 1718 1284; x_wconf 88' lang='lat' dir='ltr'><strong>est:</strong></span> 
     </span>
    </p>
   </div>
   <div class='ocr_carea' id='block_1_6' title="bbox 930 1317 1721 1473">
    <p class='ocr_par' dir='ltr' id='par_1_11' title="bbox 930 1317 1721 1468">
     <span class='ocr_line' id='line_1_56' title="bbox 930 1317 1721 1388; baseline 0.008 -21"><span class='ocrx_word' id='word_1_494' title='bbox 930 1331 987 1368; x_wconf 85' lang='lat' dir='ltr'><strong>num</strong></span> <span class='ocrx_word' id='word_1_495' title='bbox 1012 1317 1098 1368; x_wconf 86' lang='lat' dir='ltr'><strong>eodem</strong></span> <span class='ocrx_word' id='word_1_496' title='bbox 1120 1319 1194 1369; x_wconf 91' lang='lat' dir='ltr'><strong>modo</strong></span> <span class='ocrx_word' id='word_1_497' title='bbox 1217 1335 1274 1371; x_wconf 88' lang='lat' dir='ltr'>eum</span> <span class='ocrx_word' id='word_1_498' title='bbox 1295 1319 1419 1372; x_wconf 88' lang='lat' dir='ltr'><strong>redamari</strong></span> <span class='ocrx_word' id='word_1_499' title='bbox 1445 1324 1565 1386; x_wconf 84' lang='lat' dir='ltr'><strong>oportet:</strong></span> <span class='ocrx_word' id='word_1_500' title='bbox 1584 1321 1653 1388; x_wconf 88' lang='lat' dir='ltr'><strong>quod</strong></span> <span class='ocrx_word' id='word_1_501' title='bbox 1673 1321 1721 1374; x_wconf 87' lang='lat' dir='ltr'><strong>nisi</strong></span> 
     </span>
     <span class='ocr_line' id='line_1_57' title="bbox 930 1405 1516 1473; baseline 0.003 -15"><span class='ocrx_word' id='word_1_502' title='bbox 930 1405 990 1473; x_wconf 82' lang='lat' dir='ltr'><strong>fiat,</strong></span> <span class='ocrx_word' id='word_1_503' title='bbox 1004 1421 1054 1458; x_wconf 92' lang='lat' dir='ltr'>non</span> <span class='ocrx_word' id='word_1_504' title='bbox 1066 1407 1177 1468; x_wconf 82' lang='lat' dir='ltr'><strong>amiens.</strong></span> <span class='ocrx_word' id='word_1_505' title='bbox 1192 1407 1237 1460; x_wconf 87' lang='lat' dir='ltr'><strong>sed</strong></span> <span class='ocrx_word' id='word_1_506' title='bbox 1253 1408 1390 1460; x_wconf 83' lang='lat' dir='ltr'><strong>benevolus</strong></span> <span class='ocrx_word' id='word_1_507' title='bbox 1403 1412 1516 1460; x_wconf 84' lang='lat' dir='ltr'><strong>vocatur.</strong></span> 
     </span>
    </p>
   </div>
   <div class='ocr_carea' id='block_1_7' title="bbox 929 1496 1722 3044">
    <p class='ocr_par' dir='ltr' id='par_1_12' title="bbox 929 1496 1722 2479">
     <span class='ocr_line' id='line_1_58' title="bbox 961 1496 1721 1562; baseline 0.001 -16"><span class='ocrx_word' id='word_1_508' title='bbox 961 1496 1002 1547; x_wconf 89' lang='lat' dir='ltr'><strong>Fit</strong></span> <span class='ocrx_word' id='word_1_509' title='bbox 1021 1511 1122 1562; x_wconf 86' lang='lat' dir='ltr'><strong>quoque</strong></span> <span class='ocrx_word' id='word_1_510' title='bbox 1147 1497 1289 1556; x_wconf 89' lang='lat' dir='ltr'><strong>interdum,</strong></span> <span class='ocrx_word' id='word_1_511' title='bbox 1310 1501 1340 1548; x_wconf 86' lang='lat' dir='ltr'><strong>ul</strong></span> <span class='ocrx_word' id='word_1_512' title='bbox 1366 1496 1469 1562; x_wconf 89' lang='lat' dir='ltr'><strong>quidam</strong></span> <span class='ocrx_word' id='word_1_513' title='bbox 1490 1497 1588 1548; x_wconf 78' lang='lat' dir='ltr'>occulte</span> <span class='ocrx_word' id='word_1_514' title='bbox 1612 1497 1678 1547; x_wconf 84' lang='lat' dir='ltr'><strong>inter</strong></span> <span class='ocrx_word' id='word_1_515' title='bbox 1694 1511 1721 1548; x_wconf 85' lang='lat' dir='ltr'><strong>se</strong></span> 
     </span>
     <span class='ocr_line' id='line_1_59' title="bbox 930 1573 1721 1639; baseline 0.003 -16"><span class='ocrx_word' id='word_1_516' title='bbox 930 1576 1029 1634; x_wconf 87' lang='lat' dir='ltr'><strong>ament,</strong></span> <span class='ocrx_word' id='word_1_517' title='bbox 1046 1588 1126 1639; x_wconf 88' lang='lat' dir='ltr'><strong>quum</strong></span> <span class='ocrx_word' id='word_1_518' title='bbox 1147 1575 1224 1625; x_wconf 88' lang='lat' dir='ltr'><strong>bonos</strong></span> <span class='ocrx_word' id='word_1_519' title='bbox 1250 1588 1277 1625; x_wconf 90' lang='lat' dir='ltr'><strong>se</strong></span> <span class='ocrx_word' id='word_1_520' title='bbox 1300 1577 1390 1624; x_wconf 91' lang='lat' dir='ltr'><strong>mutuo</strong></span> <span class='ocrx_word' id='word_1_521' title='bbox 1408 1577 1434 1623; x_wconf 90' lang='lat' dir='ltr'>et</span> <span class='ocrx_word' id='word_1_522' title='bbox 1457 1573 1533 1624; x_wconf 90' lang='lat' dir='ltr'><strong>utiles</strong></span> <span class='ocrx_word' id='word_1_523' title='bbox 1554 1577 1580 1623; x_wconf 87' lang='lat' dir='ltr'>et</span> <span class='ocrx_word' id='word_1_524' title='bbox 1603 1573 1721 1625; x_wconf 89' lang='lat' dir='ltr'><strong>honestos</strong></span> 
     </span>
     <span class='ocr_line' id='line_1_60' title="bbox 930 1649 1720 1716; baseline -0.003 -16"><span class='ocrx_word' id='word_1_525' title='bbox 930 1650 1070 1716; x_wconf 83' lang='lat' dir='ltr'><strong>probosque</strong></span> <span class='ocrx_word' id='word_1_526' title='bbox 1083 1651 1151 1700; x_wconf 82' lang='lat' dir='ltr'><strong>viros</strong></span> <span class='ocrx_word' id='word_1_527' title='bbox 1165 1665 1220 1702; x_wconf 88' lang='lat' dir='ltr'><strong>esse</strong></span> <span class='ocrx_word' id='word_1_528' title='bbox 1228 1650 1352 1716; x_wconf 69' lang='lat' dir='ltr'><strong>judicant,</strong></span> <span class='ocrx_word' id='word_1_529' title='bbox 1370 1649 1467 1715; x_wconf 83' lang='lat' dir='ltr'><strong>sibique</strong></span> <span class='ocrx_word' id='word_1_530' title='bbox 1482 1649 1589 1700; x_wconf 86' lang='lat' dir='ltr'><strong>invioem</strong></span> <span class='ocrx_word' id='word_1_531' title='bbox 1605 1653 1720 1714; x_wconf 87' lang='lat' dir='ltr'>propter-</span> 
     </span>
     <span class='ocr_line' id='line_1_61' title="bbox 931 1723 1721 1792; baseline -0.005 -15"><span class='ocrx_word' id='word_1_532' title='bbox 931 1741 960 1777; x_wconf 85' lang='lat' dir='ltr'><strong>ea</strong></span> <span class='ocrx_word' id='word_1_533' title='bbox 973 1726 1037 1778; x_wconf 86' lang='lat' dir='ltr'><strong>bona</strong></span> <span class='ocrx_word' id='word_1_534' title='bbox 1057 1727 1140 1778; x_wconf 91' lang='lat' dir='ltr'><strong>omnia</strong></span> <span class='ocrx_word' id='word_1_535' title='bbox 1161 1729 1280 1792; x_wconf 84' lang='lat' dir='ltr'><strong>exoptent</strong></span> <span class='ocrx_word' id='word_1_536' title='bbox 1299 1740 1384 1791; x_wconf 89' lang='lat' dir='ltr'><strong>:quos</strong></span> <span class='ocrx_word' id='word_1_537' title='bbox 1403 1731 1486 1776; x_wconf 88' lang='lat' dir='ltr'><strong>tamen</strong></span> <span class='ocrx_word' id='word_1_538' title='bbox 1508 1725 1606 1790; x_wconf 79' lang='lat' dir='ltr'>proprie</span> <span class='ocrx_word' id='word_1_539' title='bbox 1627 1723 1721 1774; x_wconf 81' lang='lat' dir='ltr'><strong>amicos</strong></span> 
     </span>
     <span class='ocr_line' id='line_1_62' title="bbox 930 1803 1721 1870; baseline -0.005 -17"><span class='ocrx_word' id='word_1_540' title='bbox 930 1817 979 1853; x_wconf 93' lang='lat' dir='ltr'>non</span> <span class='ocrx_word' id='word_1_541' title='bbox 1001 1803 1110 1864; x_wconf 82' lang='lat' dir='ltr'><strong>dixeris,</strong></span> <span class='ocrx_word' id='word_1_542' title='bbox 1132 1805 1193 1870; x_wconf 88' lang='lat' dir='ltr'><strong>quia</strong></span> <span class='ocrx_word' id='word_1_543' title='bbox 1212 1804 1290 1854; x_wconf 79' lang='lat' dir='ltr'><strong>amari</strong></span> <span class='ocrx_word' id='word_1_544' title='bbox 1303 1817 1390 1854; x_wconf 87' lang='lat' dir='ltr'><strong>senon</strong></span> <span class='ocrx_word' id='word_1_545' title='bbox 1411 1803 1553 1866; x_wconf 79' lang='lat' dir='ltr'><strong>intelligunt</strong></span> <span class='ocrx_word' id='word_1_546' title='bbox 1570 1803 1596 1850; x_wconf 88' lang='lat' dir='ltr'>et</span> <span class='ocrx_word' id='word_1_547' title='bbox 1606 1803 1721 1850; x_wconf 88' lang='lat' dir='ltr'><strong>mutuam</strong></span> 
     </span>
     <span class='ocr_line' id='line_1_63' title="bbox 931 1875 1716 1944; baseline -0.003 -14"><span class='ocrx_word' id='word_1_548' title='bbox 931 1879 995 1930; x_wconf 82' lang='lat' dir='ltr'><strong>hene</strong></span> <span class='ocrx_word' id='word_1_549' title='bbox 1010 1881 1123 1944; x_wconf 84' lang='lat' dir='ltr'><strong>ignorant</strong></span> <span class='ocrx_word' id='word_1_550' title='bbox 1140 1879 1337 1932; x_wconf 78' lang='lat' dir='ltr'><strong>benevolentiam</strong></span> <span class='ocrx_word' id='word_1_551' title='bbox 1359 1896 1366 1928; x_wconf 83' lang='grc' dir='ltr'>ι</span> <span class='ocrx_word' id='word_1_552' title='bbox 1386 1891 1451 1942; x_wconf 88' lang='lat' dir='ltr'><strong>quos</strong></span> <span class='ocrx_word' id='word_1_553' title='bbox 1473 1880 1604 1942; x_wconf 87' lang='lat' dir='ltr'><strong>propterea</strong></span> <span class='ocrx_word' id='word_1_554' title='bbox 1626 1875 1716 1928; x_wconf 88' lang='lat' dir='ltr'><strong>melius</strong></span> 
     </span>
     <span class='ocr_line' id='line_1_64' title="bbox 929 1951 1721 2021; baseline -0.009 -15"><span class='ocrx_word' id='word_1_555' title='bbox 929 1955 1062 2006; x_wconf 78' lang='lat' dir='ltr'><strong>benevolos</strong></span> <span class='ocrx_word' id='word_1_556' title='bbox 1079 1956 1171 2021; x_wconf 92' lang='lat' dir='ltr'><strong>aliquis</strong></span> <span class='ocrx_word' id='word_1_557' title='bbox 1190 1959 1263 2006; x_wconf 83' lang='lat' dir='ltr'><strong>vocet</strong></span> <span class='ocrx_word' id='word_1_558' title='bbox 1286 1971 1293 2002; x_wconf 86' lang='grc' dir='ltr'>ι</span> <span class='ocrx_word' id='word_1_559' title='bbox 1315 1954 1432 2020; x_wconf 74' lang='lat' dir='ltr'>quocirca</span> <span class='ocrx_word' id='word_1_560' title='bbox 1453 1966 1534 2016; x_wconf 89' lang='lat' dir='ltr'><strong>neque</strong></span> <span class='ocrx_word' id='word_1_561' title='bbox 1556 1951 1721 2002; x_wconf 88' lang='lat' dir='ltr'><strong>inanimorum</strong></span> 
     </span>
     <span class='ocr_line' id='line_1_65' title="bbox 931 2024 1722 2096; baseline -0.009 -14"><span class='ocrx_word' id='word_1_562' title='bbox 931 2045 1002 2081; x_wconf 85' lang='lat' dir='ltr'>arnor</span> <span class='ocrx_word' id='word_1_563' title='bbox 1016 2032 1126 2082; x_wconf 82' lang='lat' dir='ltr'><strong>amicitis</strong></span> <span class='ocrx_word' id='word_1_564' title='bbox 1141 2034 1195 2092; x_wconf 84' lang='lat' dir='ltr'><strong>est,</strong></span> <span class='ocrx_word' id='word_1_565' title='bbox 1214 2044 1295 2096; x_wconf 86' lang='lat' dir='ltr'><strong>neque</strong></span> <span class='ocrx_word' id='word_1_566' title='bbox 1311 2043 1382 2080; x_wconf 90' lang='lat' dir='ltr'>amor</span> <span class='ocrx_word' id='word_1_567' title='bbox 1402 2043 1460 2092; x_wconf 79' lang='lat' dir='ltr'><strong>erga</strong></span> <span class='ocrx_word' id='word_1_568' title='bbox 1474 2027 1601 2090; x_wconf 88' lang='lat' dir='ltr'><strong>homines,</strong></span> <span class='ocrx_word' id='word_1_569' title='bbox 1622 2024 1722 2091; x_wconf 79' lang='lat' dir='ltr'><strong>qnando</strong></span> 
     </span>
     <span class='ocr_line' id='line_1_66' title="bbox 931 2101 1721 2174; baseline -0.009 -16"><span class='ocrx_word' id='word_1_570' title='bbox 931 2108 1026 2174; x_wconf 84' lang='lat' dir='ltr'><strong>aliquid</strong></span> <span class='ocrx_word' id='word_1_571' title='bbox 1037 2123 1123 2160; x_wconf 90' lang='lat' dir='ltr'><strong>eorum</strong></span> <span class='ocrx_word' id='word_1_572' title='bbox 1136 2122 1193 2174; x_wconf 77' lang='lat' dir='ltr'><strong>quas</strong></span> <span class='ocrx_word' id='word_1_573' title='bbox 1205 2109 1258 2173; x_wconf 83' lang='lat' dir='ltr'>jam</span> <span class='ocrx_word' id='word_1_574' title='bbox 1270 2107 1380 2157; x_wconf 83' lang='lat' dir='ltr'><strong>diximus</strong></span> <span class='ocrx_word' id='word_1_575' title='bbox 1392 2107 1416 2157; x_wconf 91' lang='lat' dir='ltr'><strong>ei</strong></span> <span class='ocrx_word' id='word_1_576' title='bbox 1425 2105 1502 2156; x_wconf 85' lang='lat' dir='ltr'><strong>deest.</strong></span> <span class='ocrx_word' id='word_1_577' title='bbox 1522 2105 1618 2155; x_wconf 88' lang='lat' dir='ltr'><strong>Verum</strong></span> <span class='ocrx_word' id='word_1_578' title='bbox 1632 2101 1721 2153; x_wconf 83' lang='lat' dir='ltr'><strong>amiei-</strong></span> 
     </span>
     <span class='ocr_line' id='line_1_67' title="bbox 931 2178 1720 2249; baseline -0.009 -15"><span class='ocrx_word' id='word_1_579' title='bbox 931 2185 966 2236; x_wconf 83' lang='lat' dir='ltr'>tiu</span> <span class='ocrx_word' id='word_1_580' title='bbox 980 2188 1093 2246; x_wconf 74' lang='lat' dir='ltr'><strong>vocatur,</strong></span> <span class='ocrx_word' id='word_1_581' title='bbox 1104 2184 1205 2249; x_wconf 89' lang='lat' dir='ltr'><strong>quando</strong></span> <span class='ocrx_word' id='word_1_582' title='bbox 1220 2187 1310 2233; x_wconf 87' lang='lat' dir='ltr'><strong>mutua</strong></span> <span class='ocrx_word' id='word_1_583' title='bbox 1324 2196 1350 2233; x_wconf 87' lang='lat' dir='ltr'><strong>se</strong></span> <span class='ocrx_word' id='word_1_584' title='bbox 1362 2180 1533 2234; x_wconf 77' lang='lat' dir='ltr'>benovolentia</span> <span class='ocrx_word' id='word_1_585' title='bbox 1547 2178 1720 2243; x_wconf 79' lang='lat' dir='ltr'><strong>complectun-</strong></span> 
     </span>
     <span class='ocr_line' id='line_1_68' title="bbox 930 2257 1721 2326; baseline -0.013 -14"><span class='ocrx_word' id='word_1_586' title='bbox 930 2266 980 2322; x_wconf 89' lang='lat' dir='ltr'>tur,</span> <span class='ocrx_word' id='word_1_587' title='bbox 995 2265 1039 2311; x_wconf 87' lang='lat' dir='ltr'>aut</span> <span class='ocrx_word' id='word_1_588' title='bbox 1057 2265 1156 2326; x_wconf 88' lang='lat' dir='ltr'>propter</span> <span class='ocrx_word' id='word_1_589' title='bbox 1168 2260 1268 2318; x_wconf 83' lang='lat' dir='ltr'><strong>bonum,</strong></span> <span class='ocrx_word' id='word_1_590' title='bbox 1289 2261 1334 2308; x_wconf 87' lang='lat' dir='ltr'>aut</span> <span class='ocrx_word' id='word_1_591' title='bbox 1348 2259 1380 2308; x_wconf 96' lang='lat' dir='ltr'>ob</span> <span class='ocrx_word' id='word_1_592' title='bbox 1393 2257 1548 2323; x_wconf 86' lang='lat' dir='ltr'><strong>jucundum,</strong></span> <span class='ocrx_word' id='word_1_593' title='bbox 1562 2259 1606 2305; x_wconf 89' lang='lat' dir='ltr'>aut</span> <span class='ocrx_word' id='word_1_594' title='bbox 1620 2257 1721 2318; x_wconf 87' lang='lat' dir='ltr'>propter</span> 
     </span>
     <span class='ocr_line' id='line_1_69' title="bbox 930 2332 1722 2404; baseline -0.009 -16"><span class='ocrx_word' id='word_1_595' title='bbox 930 2339 992 2388; x_wconf 88' lang='lat' dir='ltr'><strong>utile</strong></span> <span class='ocrx_word' id='word_1_596' title='bbox 1000 2337 1104 2404; x_wconf 88' lang='lat' dir='ltr'><strong>aliquid,</strong></span> <span class='ocrx_word' id='word_1_597' title='bbox 1115 2340 1140 2387; x_wconf 85' lang='lat' dir='ltr'>et</span> <span class='ocrx_word' id='word_1_598' title='bbox 1150 2337 1197 2387; x_wconf 90' lang='lat' dir='ltr'><strong>sibi</strong></span> <span class='ocrx_word' id='word_1_599' title='bbox 1210 2335 1318 2386; x_wconf 81' lang='lat' dir='ltr'><strong>invicem</strong></span> <span class='ocrx_word' id='word_1_600' title='bbox 1331 2335 1395 2386; x_wconf 82' lang='lat' dir='ltr'><strong>bona</strong></span> <span class='ocrx_word' id='word_1_601' title='bbox 1404 2335 1487 2386; x_wconf 83' lang='lat' dir='ltr'><strong>omnin</strong></span> <span class='ocrx_word' id='word_1_602' title='bbox 1498 2335 1626 2398; x_wconf 82' lang='lat' dir='ltr'><strong>exoptant,</strong></span> <span class='ocrx_word' id='word_1_603' title='bbox 1641 2332 1722 2382; x_wconf 80' lang='lat' dir='ltr'><strong>seien-</strong></span> 
     </span>
     <span class='ocr_line' id='line_1_70' title="bbox 930 2415 1424 2479; baseline -0.008 -13"><span class='ocrx_word' id='word_1_604' title='bbox 930 2419 969 2466; x_wconf 82' lang='lat' dir='ltr'>tes</span> <span class='ocrx_word' id='word_1_605' title='bbox 977 2417 1095 2466; x_wconf 86' lang='lat' dir='ltr'><strong>mutuum</strong></span> <span class='ocrx_word' id='word_1_606' title='bbox 1110 2415 1221 2479; x_wconf 89' lang='lat' dir='ltr'><strong>ipsorum</strong></span> <span class='ocrx_word' id='word_1_607' title='bbox 1236 2427 1290 2463; x_wconf 88' lang='lat' dir='ltr'><strong>esse</strong></span> <span class='ocrx_word' id='word_1_608' title='bbox 1306 2425 1424 2462; x_wconf 83' lang='lat' dir='ltr'><strong>amorem.</strong></span> 
     </span>
    </p>

    <p class='ocr_par' dir='ltr' id='par_1_13' title="bbox 929 2483 1722 3043">
     <span class='ocr_line' id='line_1_71' title="bbox 961 2483 1722 2552; baseline -0.008 -15"><span class='ocrx_word' id='word_1_609' title='bbox 961 2487 1027 2544; x_wconf 86' lang='lat' dir='ltr'><strong>Quid</strong></span> <span class='ocrx_word' id='word_1_610' title='bbox 1038 2500 1096 2552; x_wconf 80' lang='lat' dir='ltr'><strong>ergo</strong></span> <span class='ocrx_word' id='word_1_611' title='bbox 1108 2487 1142 2536; x_wconf 88' lang='lat' dir='ltr'><strong>sit</strong></span> <span class='ocrx_word' id='word_1_612' title='bbox 1153 2484 1269 2542; x_wconf 84' lang='lat' dir='ltr'><strong>amicilia,</strong></span> <span class='ocrx_word' id='word_1_613' title='bbox 1288 2483 1341 2548; x_wconf 84' lang='lat' dir='ltr'>jam</span> <span class='ocrx_word' id='word_1_614' title='bbox 1357 2484 1467 2534; x_wconf 83' lang='lat' dir='ltr'><strong>diximus</strong></span> <span class='ocrx_word' id='word_1_615' title='bbox 1483 2500 1489 2534; x_wconf 81' lang='grc' dir='ltr'>ι</span> <span class='ocrx_word' id='word_1_616' title='bbox 1501 2485 1553 2534; x_wconf 89' lang='lat' dir='ltr'><strong>tres</strong></span> <span class='ocrx_word' id='word_1_617' title='bbox 1569 2483 1655 2533; x_wconf 86' lang='lat' dir='ltr'><strong>autem</strong></span> <span class='ocrx_word' id='word_1_618' title='bbox 1667 2489 1722 2531; x_wconf 83' lang='lat' dir='ltr'><strong>esse</strong></span> 
     </span>
     <span class='ocr_line' id='line_1_72' title="bbox 929 2560 1722 2627; baseline -0.006 -16"><span class='ocrx_word' id='word_1_619' title='bbox 929 2563 1045 2613; x_wconf 74' lang='lat' dir='ltr'><strong>amicitie</strong></span> <span class='ocrx_word' id='word_1_620' title='bbox 1055 2563 1174 2627; x_wconf 83' lang='lat' dir='ltr'><strong>speciose</strong></span> <span class='ocrx_word' id='word_1_621' title='bbox 1188 2560 1385 2627; x_wconf 72' lang='lat' dir='ltr'><strong>precedentibus</strong></span> <span class='ocrx_word' id='word_1_622' title='bbox 1395 2574 1496 2626; x_wconf 88' lang='lat' dir='ltr'><strong>quoque</strong></span> <span class='ocrx_word' id='word_1_623' title='bbox 1508 2561 1611 2624; x_wconf 84' lang='lat' dir='ltr'><strong>apparet</strong></span> <span class='ocrx_word' id='word_1_624' title='bbox 1622 2574 1629 2608; x_wconf 82' lang='grc' dir='ltr'>ι</span> <span class='ocrx_word' id='word_1_625' title='bbox 1642 2569 1722 2623; x_wconf 91' lang='lat' dir='ltr'><strong>quum</strong></span> 
     </span>
     <span class='ocr_line' id='line_1_73' title="bbox 929 2631 1722 2699; baseline -0.005 -15"><span class='ocrx_word' id='word_1_626' title='bbox 929 2635 996 2684; x_wconf 86' lang='lat' dir='ltr'><strong>enirn</strong></span> <span class='ocrx_word' id='word_1_627' title='bbox 1014 2635 1063 2685; x_wconf 90' lang='lat' dir='ltr'><strong>tria</strong></span> <span class='ocrx_word' id='word_1_628' title='bbox 1077 2634 1141 2693; x_wconf 87' lang='lat' dir='ltr'><strong>sint,</strong></span> <span class='ocrx_word' id='word_1_629' title='bbox 1165 2638 1266 2699; x_wconf 88' lang='lat' dir='ltr'>propter</span> <span class='ocrx_word' id='word_1_630' title='bbox 1288 2647 1347 2699; x_wconf 78' lang='lat' dir='ltr'><strong>quae</strong></span> <span class='ocrx_word' id='word_1_631' title='bbox 1361 2632 1469 2683; x_wconf 84' lang='lat' dir='ltr'><strong>nmieitia</strong></span> <span class='ocrx_word' id='word_1_632' title='bbox 1492 2631 1657 2690; x_wconf 79' lang='lat' dir='ltr'><strong>contrabitur,</strong></span> <span class='ocrx_word' id='word_1_633' title='bbox 1678 2631 1722 2694; x_wconf 85' lang='lat' dir='ltr'><strong>ju·</strong></span> 
     </span>
     <span class='ocr_line' id='line_1_74' title="bbox 929 2701 1721 2770; baseline -0.005 -14"><span class='ocrx_word' id='word_1_634' title='bbox 929 2705 1053 2765; x_wconf 87' lang='lat' dir='ltr'><strong>eundum,</strong></span> <span class='ocrx_word' id='word_1_635' title='bbox 1063 2706 1155 2756; x_wconf 91' lang='lat' dir='ltr'><strong>bonurn</strong></span> <span class='ocrx_word' id='word_1_636' title='bbox 1165 2709 1190 2755; x_wconf 88' lang='lat' dir='ltr'>et</span> <span class='ocrx_word' id='word_1_637' title='bbox 1203 2706 1277 2767; x_wconf 81' lang='lat' dir='ltr'><strong>utile,</strong></span> <span class='ocrx_word' id='word_1_638' title='bbox 1297 2707 1373 2770; x_wconf 83' lang='lat' dir='ltr'><strong>utque</strong></span> <span class='ocrx_word' id='word_1_639' title='bbox 1385 2705 1440 2754; x_wconf 79' lang='lat' dir='ltr'><strong>boee</strong></span> <span class='ocrx_word' id='word_1_640' title='bbox 1452 2703 1549 2768; x_wconf 80' lang='lat' dir='ltr'><strong>singula</strong></span> <span class='ocrx_word' id='word_1_641' title='bbox 1563 2703 1645 2766; x_wconf 84' lang='lat' dir='ltr'><strong>speeie</strong></span> <span class='ocrx_word' id='word_1_642' title='bbox 1655 2701 1721 2752; x_wconf 88' lang='lat' dir='ltr'><strong>inter</strong></span> 
     </span>
     <span class='ocr_line' id='line_1_75' title="bbox 930 2773 1721 2841; baseline -0.006 -13"><span class='ocrx_word' id='word_1_643' title='bbox 930 2791 957 2828; x_wconf 89' lang='lat' dir='ltr'><strong>se</strong></span> <span class='ocrx_word' id='word_1_644' title='bbox 974 2776 1102 2841; x_wconf 82' lang='lat' dir='ltr'><strong>differant,</strong></span> <span class='ocrx_word' id='word_1_645' title='bbox 1118 2776 1222 2828; x_wconf 86' lang='lat' dir='ltr'><strong>totidem</strong></span> <span class='ocrx_word' id='word_1_646' title='bbox 1239 2777 1323 2838; x_wconf 84' lang='lat' dir='ltr'><strong>simul,</strong></span> <span class='ocrx_word' id='word_1_647' title='bbox 1334 2779 1464 2841; x_wconf 89' lang='lat' dir='ltr'><strong>quotsnnt</strong></span> <span class='ocrx_word' id='word_1_648' title='bbox 1475 2773 1604 2832; x_wconf 76' lang='lat' dir='ltr'><strong>amabilia,</strong></span> <span class='ocrx_word' id='word_1_649' title='bbox 1614 2773 1721 2824; x_wconf 76' lang='lat' dir='ltr'><strong>diverso</strong></span> 
     </span>
     <span class='ocr_line' id='line_1_76' title="bbox 930 2843 1721 2914; baseline -0.008 -15"><span class='ocrx_word' id='word_1_650' title='bbox 930 2849 1045 2900; x_wconf 79' lang='lat' dir='ltr'><strong>amicitiae</strong></span> <span class='ocrx_word' id='word_1_651' title='bbox 1061 2849 1155 2914; x_wconf 82' lang='lat' dir='ltr'><strong>speeies</strong></span> <span class='ocrx_word' id='word_1_652' title='bbox 1164 2853 1231 2899; x_wconf 86' lang='lat' dir='ltr'><strong>sunt.</strong></span> <span class='ocrx_word' id='word_1_653' title='bbox 1246 2851 1295 2898; x_wconf 88' lang='lat' dir='ltr'>Pro</span> <span class='ocrx_word' id='word_1_654' title='bbox 1310 2847 1413 2912; x_wconf 84' lang='lat' dir='ltr'><strong>singulis</strong></span> <span class='ocrx_word' id='word_1_655' title='bbox 1425 2844 1649 2898; x_wconf 82' lang='lat' dir='ltr'><strong>enimamubilibus</strong></span> <span class='ocrx_word' id='word_1_656' title='bbox 1660 2843 1721 2894; x_wconf 89' lang='lat' dir='ltr'><strong>ami-</strong></span> 
     </span>
     <span class='ocr_line' id='line_1_77' title="bbox 930 2919 1721 2982; baseline -0.004 -12"><span class='ocrx_word' id='word_1_657' title='bbox 930 2921 1002 2981; x_wconf 83' lang='lat' dir='ltr'><strong>cilia,</strong></span> <span class='ocrx_word' id='word_1_658' title='bbox 1021 2925 1066 2972; x_wconf 89' lang='lat' dir='ltr'>aut</span> <span class='ocrx_word' id='word_1_659' title='bbox 1082 2921 1174 2972; x_wconf 84' lang='lat' dir='ltr'><strong>amotio</strong></span> <span class='ocrx_word' id='word_1_660' title='bbox 1185 2935 1234 2970; x_wconf 92' lang='lat' dir='ltr'>non</span> <span class='ocrx_word' id='word_1_661' title='bbox 1250 2919 1348 2970; x_wconf 87' lang='lat' dir='ltr'><strong>ooeulta</strong></span> <span class='ocrx_word' id='word_1_662' title='bbox 1363 2921 1388 2969; x_wconf 90' lang='lat' dir='ltr'>et</span> <span class='ocrx_word' id='word_1_663' title='bbox 1404 2921 1510 2970; x_wconf 86' lang='lat' dir='ltr'><strong>mutuus</strong></span> <span class='ocrx_word' id='word_1_664' title='bbox 1524 2929 1595 2968; x_wconf 87' lang='lat' dir='ltr'>amor</span> <span class='ocrx_word' id='word_1_665' title='bbox 1608 2929 1662 2968; x_wconf 83' lang='lat' dir='ltr'><strong>esse</strong></span> <span class='ocrx_word' id='word_1_666' title='bbox 1675 2929 1721 2982; x_wconf 82' lang='lat' dir='ltr'>po·</span> 
     </span>
     <span class='ocr_line' id='line_1_78' title="bbox 931 2996 988 3044; baseline -0.02 -1"><span class='ocrx_word' id='word_1_667' title='bbox 931 2996 988 3044; x_wconf 91' lang='lat' dir='ltr'><strong>test.</strong></span> 
     </span>
    </p>
   </div>
   <div class='ocr_carea' id='block_1_8' title="bbox 962 3077 1719 3143">
    <p class='ocr_par' dir='ltr' id='par_1_14' title="bbox 962 3077 1719 3143">
     <span class='ocr_line' id='line_1_79' title="bbox 962 3077 1719 3143; baseline -0.007 -11"><span class='ocrx_word' id='word_1_668' title='bbox 962 3081 1012 3132; x_wconf 86' lang='lat' dir='ltr'><strong>Sed</strong></span> <span class='ocrx_word' id='word_1_669' title='bbox 1028 3084 1052 3132; x_wconf 90' lang='lat' dir='ltr'>et</span> <span class='ocrx_word' id='word_1_670' title='bbox 1066 3083 1155 3132; x_wconf 90' lang='lat' dir='ltr'><strong>mutua</strong></span> <span class='ocrx_word' id='word_1_671' title='bbox 1164 3079 1356 3132; x_wconf 80' lang='lat' dir='ltr'><strong>benevolentia</strong></span> <span class='ocrx_word' id='word_1_672' title='bbox 1347 3077 1454 3130; x_wconf 80' lang='lat' dir='ltr'><strong>invicem</strong></span> <span class='ocrx_word' id='word_1_673' title='bbox 1466 3077 1515 3130; x_wconf 88' lang='lat' dir='ltr'><strong>sibi</strong></span> <span class='ocrx_word' id='word_1_674' title='bbox 1524 3077 1590 3130; x_wconf 90' lang='lat' dir='ltr'><strong>bona</strong></span> <span class='ocrx_word' id='word_1_675' title='bbox 1600 3079 1719 3143; x_wconf 84' lang='lat' dir='ltr'><strong>exoptan-</strong></span> 
     </span>
    </p>
   </div>
   <div class='ocr_carea' id='block_1_9' title="bbox 930 3165 1721 3412">
    <p class='ocr_par' dir='ltr' id='par_1_15' title="bbox 930 3165 1721 3412">
     <span class='ocr_line' id='line_1_80' title="bbox 931 3165 1719 3234; baseline -0.004 -14"><span class='ocrx_word' id='word_1_676' title='bbox 931 3170 1012 3220; x_wconf 88' lang='lat' dir='ltr'><strong>tium</strong></span> <span class='ocrx_word' id='word_1_677' title='bbox 1005 3185 1031 3221; x_wconf 89' lang='grc' dir='ltr'>ιιι</span> <span class='ocrx_word' id='word_1_678' title='bbox 1041 3171 1081 3222; x_wconf 93' lang='lat' dir='ltr'>bis</span> <span class='ocrx_word' id='word_1_679' title='bbox 1092 3171 1207 3222; x_wconf 88' lang='lat' dir='ltr'><strong>omnibus</strong></span> <span class='ocrx_word' id='word_1_680' title='bbox 1217 3171 1299 3221; x_wconf 86' lang='lat' dir='ltr'><strong>looum</strong></span> <span class='ocrx_word' id='word_1_681' title='bbox 1309 3169 1400 3220; x_wconf 85' lang='lat' dir='ltr'><strong>babel·</strong></span> <span class='ocrx_word' id='word_1_682' title='bbox 1412 3171 1538 3234; x_wconf 85' lang='lat' dir='ltr'><strong>quatenus</strong></span> <span class='ocrx_word' id='word_1_683' title='bbox 1547 3167 1612 3218; x_wconf 87' lang='lat' dir='ltr'><strong>enim</strong></span> <span class='ocrx_word' id='word_1_684' title='bbox 1622 3165 1719 3232; x_wconf 89' lang='lat' dir='ltr'><strong>aliquid</strong></span> 
     </span>
     <span class='ocr_line' id='line_1_81' title="bbox 930 3251 1721 3323; baseline -0.004 -16"><span class='ocrx_word' id='word_1_685' title='bbox 930 3256 1068 3322; x_wconf 88' lang='lat' dir='ltr'><strong>diligimus,</strong></span> <span class='ocrx_word' id='word_1_686' title='bbox 1086 3258 1213 3309; x_wconf 88' lang='lat' dir='ltr'><strong>bonum·</strong></span> <span class='ocrx_word' id='word_1_687' title='bbox 1192 3273 1215 3308; x_wconf 88' lang='lat' dir='ltr'>er</span> <span class='ocrx_word' id='word_1_688' title='bbox 1232 3261 1357 3323; x_wconf 89' lang='lat' dir='ltr'><strong>optamus.</strong></span> <span class='ocrx_word' id='word_1_689' title='bbox 1371 3257 1436 3308; x_wconf 85' lang='lat' dir='ltr'><strong>Sunt</strong></span> <span class='ocrx_word' id='word_1_690' title='bbox 1450 3255 1527 3322; x_wconf 79' lang='lat' dir='ltr'><strong>igitur</strong></span> <span class='ocrx_word' id='word_1_691' title='bbox 1540 3259 1593 3308; x_wconf 83' lang='lat' dir='ltr'><strong>tres</strong></span> <span class='ocrx_word' id='word_1_692' title='bbox 1601 3251 1721 3306; x_wconf 72' lang='lat' dir='ltr'><strong>amicitiae</strong></span> 
     </span>
     <span class='ocr_line' id='line_1_82' title="bbox 931 3343 1460 3412; baseline -0.002 -18"><span class='ocrx_word' id='word_1_693' title='bbox 931 3344 1051 3410; x_wconf 85' lang='lat' dir='ltr'><strong>speeiesa</strong></span> <span class='ocrx_word' id='word_1_694' title='bbox 1066 3344 1267 3412; x_wconf 74' lang='lat' dir='ltr'><strong>bono‚1neundo</strong></span> <span class='ocrx_word' id='word_1_695' title='bbox 1278 3347 1304 3396; x_wconf 86' lang='lat' dir='ltr'>et</span> <span class='ocrx_word' id='word_1_696' title='bbox 1319 3343 1376 3394; x_wconf 92' lang='lat' dir='ltr'><strong>utili</strong></span> <span class='ocrx_word' id='word_1_697' title='bbox 1389 3345 1460 3394; x_wconf 75' lang='lat' dir='ltr'><strong>orte</strong></span> 
     </span>
    </p>
   </div>
   <div class='ocr_carea' id='block_1_10' title="bbox 99 5183 1720 5323">
    <p class='ocr_par' dir='ltr' id='par_1_16' title="bbox 99 5183 1720 5323">
     <span class='ocr_line' id='line_1_83' title="bbox 132 5183 1720 5257; baseline 0.007 -23"><span class='ocrx_word' id='word_1_698' title='bbox 132 5183 146 5212; x_wconf 58' lang='grc' dir='ltr'>’ί</span> <span class='ocrx_word' id='word_1_699' title='bbox 161 5184 223 5241; x_wconf 76' lang='grc' dir='ltr'>Τοὺς</span> <span class='ocrx_word' id='word_1_700' title='bbox 233 5183 259 5235; x_wconf 83' lang='grc' dir='ltr'>δὲ</span> <span class='ocrx_word' id='word_1_701' title='bbox 271 5187 431 5250; x_wconf 81' lang='grc' dir='ltr'>βουλομένους</span> <span class='ocrx_word' id='word_1_702' title='bbox 444 5189 497 5238; x_wconf 85' lang='grc' dir='ltr'>κτλ.</span> <span class='ocrx_word' id='word_1_703' title='bbox 515 5213 547 5225; x_wconf 93' lang='grc'><strong>-</strong></span> <span class='ocrx_word' id='word_1_704' title='bbox 561 5189 588 5216; x_wconf 63' lang='lat'>⁰</span> <span class='ocrx_word' id='word_1_705' title='bbox 599 5186 633 5238; x_wconf 86' lang='grc' dir='ltr'><strong><em>Ἢ</em></strong></span> <span class='ocrx_word' id='word_1_706' title='bbox 642 5189 791 5253; x_wconf 81' lang='grc' dir='ltr'>προσθετέον</span> <span class='ocrx_word' id='word_1_707' title='bbox 803 5189 833 5238; x_wconf 88' lang='grc' dir='ltr'>τὸ</span> <span class='ocrx_word' id='word_1_708' title='bbox 847 5189 880 5251; x_wconf 82' lang='grc' dir='ltr'>μή</span> <span class='ocrx_word' id='word_1_709' title='bbox 891 5186 1059 5240; x_wconf 83' lang='grc' dir='ltr'>λανθάνουσαν</span> <span class='ocrx_word' id='word_1_710' title='bbox 1072 5188 1125 5238; x_wconf 87' lang='grc' dir='ltr'>κτλ.</span> <span class='ocrx_word' id='word_1_711' title='bbox 1146 5213 1178 5225; x_wconf 92' lang='grc'><strong>-</strong></span> <span class='ocrx_word' id='word_1_712' title='bbox 1191 5187 1231 5242; x_wconf 59' lang='lat'>6⁰¹*</span> <span class='ocrx_word' id='word_1_713' title='bbox 1245 5189 1305 5254; x_wconf 65' lang='grc' dir='ltr'>Οτι).</span> <span class='ocrx_word' id='word_1_714' title='bbox 1321 5194 1348 5240; x_wconf 88' lang='grc'>3.</span> <span class='ocrx_word' id='word_1_715' title='bbox 1368 5192 1483 5257; x_wconf 81' lang='grc' dir='ltr'>Διαφέρει</span> <span class='ocrx_word' id='word_1_716' title='bbox 1502 5193 1529 5244; x_wconf 76' lang='lat'>66</span> <span class='ocrx_word' id='word_1_717' title='bbox 1548 5197 1628 5244; x_wconf 79' lang='grc' dir='ltr'>ταῦτα</span> <span class='ocrx_word' id='word_1_718' title='bbox 1645 5192 1720 5252; x_wconf 75' lang='lat'>6666-</span> 
     </span>
     <span class='ocr_line' id='line_1_84' title="bbox 99 5257 613 5323; baseline 0.014 -20"><span class='ocrx_word' id='word_1_719' title='bbox 99 5257 148 5304; x_wconf 88' lang='grc' dir='ltr'>λων</span> <span class='ocrx_word' id='word_1_720' title='bbox 160 5258 212 5304; x_wconf 87' lang='grc' dir='ltr'>κτλ.</span> <span class='ocrx_word' id='word_1_721' title='bbox 227 5281 259 5292; x_wconf 94' lang='grc'><strong>-</strong></span> <span class='ocrx_word' id='word_1_722' title='bbox 272 5257 333 5286; x_wconf 58' lang='grc' dir='ltr'>Μ*</span> <span class='ocrx_word' id='word_1_723' title='bbox 347 5259 378 5308; x_wconf 77' lang='grc' dir='ltr'>Οἱ</span> <span class='ocrx_word' id='word_1_724' title='bbox 391 5259 416 5308; x_wconf 76' lang='grc' dir='ltr'>δὲ</span> <span class='ocrx_word' id='word_1_725' title='bbox 427 5261 552 5323; x_wconf 82' lang='grc' dir='ltr'>φιλοῦντες</span> <span class='ocrx_word' id='word_1_726' title='bbox 561 5261 613 5310; x_wconf 90' lang='grc' dir='ltr'>κτλ.</span> 
     </span>
    </p>
   </div>
   <div class='ocr_carea' id='block_1_11' title="bbox 0 0 1974 5968">
    <p class='ocr_par' dir='ltr' id='par_1_17' title="bbox 0 0 1974 5968">
     <span class='ocr_line' id='line_1_85' title="bbox 0 0 1974 5968; baseline 0 0"><span class='ocrx_word' id='word_1_727' title='bbox 0 0 1974 5968; x_wconf 95' lang='lat' dir='ltr'> </span> 
     </span>
    </p>
   </div>
  </div>
 </body>
</html>
