<?xml version="1.0" encoding="UTF-8"?>
<!DOCTYPE html PUBLIC "-//W3C//DTD XHTML 1.0 Transitional//EN"
    "http://www.w3.org/TR/xhtml1/DTD/xhtml1-transitional.dtd">
<html xmlns="http://www.w3.org/1999/xhtml" xml:lang="en" lang="en">
 <head>
  <title>
</title>
<meta http-equiv="Content-Type" content="text/html;charset=utf-8" />
  <meta name='ocr-system' content='tesseract 3.04.00' />
  <meta name='ocr-capabilities' content='ocr_page ocr_carea ocr_par ocr_line ocrx_word'/>
</head>
<body>
  <div class='ocr_page' id='page_1' title='image "./fragmentaphilos01mullgoog/fragmentaphilos01mullgoog_0217.png"; bbox 0 0 3958 5942; ppageno 0'>
   <div class='ocr_carea' id='block_1_1' title="bbox 196 313 1299 381">
    <p class='ocr_par' dir='ltr' id='par_1_1' title="bbox 196 313 1299 381">
     <span class='ocr_line' id='line_1_1' title="bbox 196 313 1299 381; baseline 0.006 -8"><span class='ocrx_word' id='word_1_1' title='bbox 196 313 257 374; x_wconf 79' lang='grc' dir='ltr'><strong>θθθ</strong></span> <span class='ocrx_word' id='word_1_2' title='bbox 695 314 825 378; x_wconf 70' lang='lat' dir='ltr'><strong>errici</strong></span> <span class='ocrx_word' id='word_1_3' title='bbox 847 316 1049 381; x_wconf 78' lang='lat' dir='ltr'><strong>PLATONlCl</strong></span> <span class='ocrx_word' id='word_1_4' title='bbox 1071 318 1299 381; x_wconf 86' lang='lat' dir='ltr'><strong>PHlLOSOPHl</strong></span> 
     </span>
    </p>
   </div>
   <div class='ocr_carea' id='block_1_2' title="bbox 14 436 1807 3884">
    <p class='ocr_par' dir='ltr' id='par_1_2' title="bbox 14 436 1807 3884">
     <span class='ocr_line' id='line_1_2' title="bbox 198 436 1794 533; baseline 0.004 -31"><span class='ocrx_word' id='word_1_5' title='bbox 198 444 293 516; x_wconf 87' lang='grc' dir='ltr'>οῦσας,</span> <span class='ocrx_word' id='word_1_6' title='bbox 309 443 411 520; x_wconf 80' lang='grc' dir='ltr'>δίδομεν</span> <span class='ocrx_word' id='word_1_7' title='bbox 428 436 495 506; x_wconf 75' lang='grc' dir='ltr'>εἶναί</span> <span class='ocrx_word' id='word_1_8' title='bbox 515 470 541 506; x_wconf 91' lang='grc' dir='ltr'><strong>τι</strong></span> <span class='ocrx_word' id='word_1_9' title='bbox 556 446 659 524; x_wconf 56' lang='lat' dir='ltr'><strong>laepia</strong></span> <span class='ocrx_word' id='word_1_10' title='bbox 674 444 760 528; x_wconf 80' lang='grc' dir='ltr'>ίτερον</span> <span class='ocrx_word' id='word_1_11' title='bbox 773 447 803 507; x_wconf 78' lang='grc' dir='ltr'><strong>τὸ</strong></span> <span class='ocrx_word' id='word_1_12' title='bbox 819 449 972 526; x_wconf 84' lang='grc' dir='ltr'>βουλευόμε-</span> <span class='ocrx_word' id='word_1_13' title='bbox 1018 452 1074 510; x_wconf 91' lang='lat' dir='ltr'><strong>lem</strong></span> <span class='ocrx_word' id='word_1_14' title='bbox 1086 451 1139 512; x_wconf 91' lang='lat' dir='ltr'><strong>lib.</strong></span> <span class='ocrx_word' id='word_1_15' title='bbox 1156 451 1181 526; x_wconf 95' lang='lat' dir='ltr'><strong>l,</strong></span> <span class='ocrx_word' id='word_1_16' title='bbox 1192 451 1228 510; x_wconf 88' lang='lat' dir='ltr'><strong>de</strong></span> <span class='ocrx_word' id='word_1_17' title='bbox 1240 451 1335 510; x_wconf 87' lang='lat' dir='ltr'><strong>anima</strong></span> <span class='ocrx_word' id='word_1_18' title='bbox 1349 469 1414 528; x_wconf 85' lang='lat' dir='ltr'><strong>cap.</strong></span> <span class='ocrx_word' id='word_1_19' title='bbox 1431 469 1448 508; x_wconf 80' lang='lat' dir='ltr'><strong>a</strong></span> <span class='ocrx_word' id='word_1_20' title='bbox 1463 470 1545 529; x_wconf 86' lang='lat' dir='ltr'><strong>seqq.</strong></span> <span class='ocrx_word' id='word_1_21' title='bbox 1571 479 1612 497; x_wconf 78' lang='lat'><em>-</em></span> <span class='ocrx_word' id='word_1_22' title='bbox 1625 449 1639 487; x_wconf 74' lang='lat'><strong><em>⁴</em></strong></span> <span class='ocrx_word' id='word_1_23' title='bbox 1651 473 1794 533; x_wconf 79' lang='grc' dir='ltr'>πρωτουρ-</span> 
     </span>
     <span class='ocr_line' id='line_1_3' title="bbox 196 524 1793 620; baseline 0.004 -30"><span class='ocrx_word' id='word_1_24' title='bbox 196 554 248 591; x_wconf 74' lang='lat' dir='ltr'><strong>aar</strong></span> <span class='ocrx_word' id='word_1_25' title='bbox 260 539 336 591; x_wconf 87' lang='grc' dir='ltr'>τοῦτο</span> <span class='ocrx_word' id='word_1_26' title='bbox 350 533 377 591; x_wconf 71' lang='grc' dir='ltr'><strong>δὲ</strong></span> <span class='ocrx_word' id='word_1_27' title='bbox 393 524 457 592; x_wconf 77' lang='grc' dir='ltr'>εἶναι</span> <span class='ocrx_word' id='word_1_28' title='bbox 471 531 519 606; x_wconf 82' lang='grc' dir='ltr'><strong>τήν</strong></span> <span class='ocrx_word' id='word_1_29' title='bbox 529 533 627 616; x_wconf 73' lang='grc' dir='ltr'>ψυχήν.</span> <span class='ocrx_word' id='word_1_30' title='bbox 646 532 723 594; x_wconf 85' lang='grc' dir='ltr'>Ἐπελ</span> <span class='ocrx_word' id='word_1_31' title='bbox 735 533 812 595; x_wconf 85' lang='grc' dir='ltr'>πόθεν</span> <span class='ocrx_word' id='word_1_32' title='bbox 827 537 972 618; x_wconf 74' lang='grc' dir='ltr'>ἀλλαχόθεν</span> <span class='ocrx_word' id='word_1_33' title='bbox 1017 540 1077 619; x_wconf 79' lang='grc' dir='ltr'>γοθς</span> <span class='ocrx_word' id='word_1_34' title='bbox 1094 539 1229 620; x_wconf 78' lang='grc' dir='ltr'>κινήσεις]</span> <span class='ocrx_word' id='word_1_35' title='bbox 1253 541 1333 598; x_wconf 84' lang='lat' dir='ltr'><strong>Plato</strong></span> <span class='ocrx_word' id='word_1_36' title='bbox 1358 539 1394 597; x_wconf 84' lang='lat' dir='ltr'><strong>tle</strong></span> <span class='ocrx_word' id='word_1_37' title='bbox 1419 539 1492 615; x_wconf 81' lang='lat' dir='ltr'><strong>legg.</strong></span> <span class='ocrx_word' id='word_1_38' title='bbox 1512 538 1565 598; x_wconf 91' lang='lat' dir='ltr'><strong>lib.</strong></span> <span class='ocrx_word' id='word_1_39' title='bbox 1593 539 1629 612; x_wconf 84' lang='lat' dir='ltr'><strong>ii,</strong></span> <span class='ocrx_word' id='word_1_40' title='bbox 1653 559 1718 619; x_wconf 79' lang='lat' dir='ltr'><strong>pag.</strong></span> <span class='ocrx_word' id='word_1_41' title='bbox 1736 543 1793 617; x_wconf 77' lang='lat'><strong>897</strong></span> 
     </span>
     <span class='ocr_line' id='line_1_4' title="bbox 197 615 1796 709; baseline 0.006 -30"><span class='ocrx_word' id='word_1_42' title='bbox 197 621 389 699; x_wconf 69' lang='grc' dir='ltr'><strong>ἐπιστεύσαμεν</strong></span> <span class='ocrx_word' id='word_1_43' title='bbox 404 620 467 700; x_wconf 78' lang='grc' dir='ltr'>ὑπὲρ</span> <span class='ocrx_word' id='word_1_44' title='bbox 485 624 587 704; x_wconf 58' lang='grc' dir='ltr'>ψυχῆς</span> <span class='ocrx_word' id='word_1_45' title='bbox 599 620 644 684; x_wconf 78' lang='grc' dir='ltr'><strong>Ἂν</strong></span> <span class='ocrx_word' id='word_1_46' title='bbox 659 615 753 692; x_wconf 78' lang='grc' dir='ltr'>οῦντες</span> <span class='ocrx_word' id='word_1_47' title='bbox 769 624 794 694; x_wconf 74' lang='grc' dir='ltr'><strong>ἐξ</strong></span> <span class='ocrx_word' id='word_1_48' title='bbox 810 617 846 685; x_wconf 76' lang='grc' dir='ltr'><strong>ὧν</strong></span> <span class='ocrx_word' id='word_1_49' title='bbox 857 627 973 705; x_wconf 87' lang='grc' dir='ltr'>μάλιστα</span> <span class='ocrx_word' id='word_1_50' title='bbox 1018 629 1076 706; x_wconf 84' lang='grc' dir='ltr'>ἀγει</span> <span class='ocrx_word' id='word_1_51' title='bbox 1088 628 1135 706; x_wconf 81' lang='grc' dir='ltr'><strong>μὲν</strong></span> <span class='ocrx_word' id='word_1_52' title='bbox 1152 630 1184 700; x_wconf 79' lang='grc' dir='ltr'><strong>δὴ</strong></span> <span class='ocrx_word' id='word_1_53' title='bbox 1198 627 1271 709; x_wconf 81' lang='grc' dir='ltr'>ψυχή</span> <span class='ocrx_word' id='word_1_54' title='bbox 1285 626 1373 686; x_wconf 87' lang='grc' dir='ltr'>πάντα</span> <span class='ocrx_word' id='word_1_55' title='bbox 1384 625 1417 684; x_wconf 70' lang='lat' dir='ltr'><strong>at</strong></span> <span class='ocrx_word' id='word_1_56' title='bbox 1432 627 1491 684; x_wconf 80' lang='grc' dir='ltr'>κατ’</span> <span class='ocrx_word' id='word_1_57' title='bbox 1506 627 1613 705; x_wconf 78' lang='grc' dir='ltr'>ὠρανάν</span> <span class='ocrx_word' id='word_1_58' title='bbox 1629 628 1673 686; x_wconf 84' lang='grc' dir='ltr'><strong>καί</strong></span> <span class='ocrx_word' id='word_1_59' title='bbox 1685 632 1734 707; x_wconf 77' lang='grc' dir='ltr'><strong>γῆν</strong></span> <span class='ocrx_word' id='word_1_60' title='bbox 1748 643 1796 688; x_wconf 81' lang='grc' dir='ltr'><strong>καί</strong></span> 
     </span>
     <span class='ocr_line' id='line_1_5' title="bbox 197 703 1798 798; baseline 0.003 -28"><span class='ocrx_word' id='word_1_61' title='bbox 197 711 269 790; x_wconf 84' lang='grc' dir='ltr'>ψυχή</span> <span class='ocrx_word' id='word_1_62' title='bbox 283 710 410 792; x_wconf 83' lang='grc' dir='ltr'>φαίνεται,</span> <span class='ocrx_word' id='word_1_63' title='bbox 424 717 507 770; x_wconf 86' lang='grc' dir='ltr'>ταῦτα</span> <span class='ocrx_word' id='word_1_64' title='bbox 522 711 679 791; x_wconf 83' lang='grc' dir='ltr'>ἀφελόμενος</span> <span class='ocrx_word' id='word_1_65' title='bbox 693 713 773 796; x_wconf 80' lang='grc' dir='ltr'>ἑτέρῳ</span> <span class='ocrx_word' id='word_1_66' title='bbox 787 714 838 774; x_wconf 88' lang='grc' dir='ltr'>τινί</span> <span class='ocrx_word' id='word_1_67' title='bbox 850 715 972 798; x_wconf 75' lang='grc' dir='ltr'>προσάψῃ</span> <span class='ocrx_word' id='word_1_68' title='bbox 1018 718 1150 777; x_wconf 86' lang='grc' dir='ltr'>θάλατταν</span> <span class='ocrx_word' id='word_1_69' title='bbox 1159 716 1216 784; x_wconf 85' lang='grc' dir='ltr'>ταῖς</span> <span class='ocrx_word' id='word_1_70' title='bbox 1228 718 1307 788; x_wconf 76' lang='grc' dir='ltr'>αὑτῆς</span> <span class='ocrx_word' id='word_1_71' title='bbox 1319 713 1465 786; x_wconf 88' lang='grc' dir='ltr'>κινήσεσιν,</span> <span class='ocrx_word' id='word_1_72' title='bbox 1478 703 1519 782; x_wconf 78' lang='grc' dir='ltr'><strong>οἷς</strong></span> <span class='ocrx_word' id='word_1_73' title='bbox 1534 715 1651 792; x_wconf 74' lang='grc' dir='ltr'>ὀνόματά</span> <span class='ocrx_word' id='word_1_74' title='bbox 1664 717 1720 774; x_wconf 73' lang='grc' dir='ltr'>ἐστι</span> <span class='ocrx_word' id='word_1_75' title='bbox 1733 716 1798 796; x_wconf 75' lang='grc' dir='ltr'>βαί-</span> 
     </span>
     <span class='ocr_line' id='line_1_6' title="bbox 197 791 1796 883; baseline 0.003 -26"><span class='ocrx_word' id='word_1_76' title='bbox 197 799 353 878; x_wconf 88' lang='grc' dir='ltr'>πράγματι,</span> <span class='ocrx_word' id='word_1_77' title='bbox 370 798 429 860; x_wconf 74' lang='lat' dir='ltr'><strong>edat</strong></span> <span class='ocrx_word' id='word_1_78' title='bbox 445 801 501 860; x_wconf 79' lang='grc' dir='ltr'>ὅθεν</span> <span class='ocrx_word' id='word_1_79' title='bbox 518 791 584 860; x_wconf 71' lang='lat' dir='ltr'><strong>adea</strong></span> <span class='ocrx_word' id='word_1_80' title='bbox 600 801 755 883; x_wconf 77' lang='grc' dir='ltr'>ἐμφαίνεται</span> <span class='ocrx_word' id='word_1_81' title='bbox 770 807 972 880; x_wconf 66' lang='grc' dir='ltr'>καταλέλοιπα,</span> <span class='ocrx_word' id='word_1_82' title='bbox 1017 807 1126 879; x_wconf 89' lang='grc' dir='ltr'>λεσθαι,</span> <span class='ocrx_word' id='word_1_83' title='bbox 1142 809 1310 876; x_wconf 86' lang='grc' dir='ltr'>σκοπεῖσθαι,</span> <span class='ocrx_word' id='word_1_84' title='bbox 1327 802 1522 878; x_wconf 84' lang='grc' dir='ltr'>ίπιμιλιῒσθαι,</span> <span class='ocrx_word' id='word_1_85' title='bbox 1547 799 1725 880; x_wconf 81' lang='grc' dir='ltr'>βουλεύεσθαι,</span> <span class='ocrx_word' id='word_1_86' title='bbox 1745 803 1796 864; x_wconf 81' lang='grc' dir='ltr'><strong>θα-</strong></span> 
     </span>
     <span class='ocr_line' id='line_1_7' title="bbox 197 878 1794 974; baseline 0.001 -28"><span class='ocrx_word' id='word_1_87' title='bbox 197 885 256 946; x_wconf 69' lang='lat' dir='ltr'><strong>odra</strong></span> <span class='ocrx_word' id='word_1_88' title='bbox 270 887 295 964; x_wconf 85' lang='grc' dir='ltr'>ό,</span> <span class='ocrx_word' id='word_1_89' title='bbox 310 911 335 946; x_wconf 92' lang='grc' dir='ltr'><strong>τι</strong></span> <span class='ocrx_word' id='word_1_90' title='bbox 355 886 487 968; x_wconf 84' lang='grc' dir='ltr'>χρήσιμος</span> <span class='ocrx_word' id='word_1_91' title='bbox 502 885 533 948; x_wconf 71' lang='grc' dir='ltr'><strong>ἀν</strong></span> <span class='ocrx_word' id='word_1_92' title='bbox 546 878 613 947; x_wconf 79' lang='grc' dir='ltr'>εἶναι</span> <span class='ocrx_word' id='word_1_93' title='bbox 636 890 735 964; x_wconf 80' lang='grc' dir='ltr'>δοκοίη.</span> <span class='ocrx_word' id='word_1_94' title='bbox 752 891 800 959; x_wconf 85' lang='grc' dir='ltr'><strong>Τίς</strong></span> <span class='ocrx_word' id='word_1_95' title='bbox 814 883 889 968; x_wconf 76' lang='grc' dir='ltr'>οῦνή</span> <span class='ocrx_word' id='word_1_96' title='bbox 908 893 974 974; x_wconf 83' lang='grc' dir='ltr'>βοή·</span> <span class='ocrx_word' id='word_1_97' title='bbox 1019 892 1103 963; x_wconf 79' lang='grc' dir='ltr'>ξάζειν</span> <span class='ocrx_word' id='word_1_98' title='bbox 1117 894 1216 972; x_wconf 83' lang='grc' dir='ltr'>ὀρθῶς,</span> <span class='ocrx_word' id='word_1_99' title='bbox 1239 887 1421 971; x_wconf 78' lang='grc' dir='ltr'>έήνευσμένως,</span> <span class='ocrx_word' id='word_1_100' title='bbox 1434 886 1597 968; x_wconf 81' lang='grc' dir='ltr'>χαίρουσαν,</span> <span class='ocrx_word' id='word_1_101' title='bbox 1612 887 1794 965; x_wconf 70' lang='grc' dir='ltr'>λυπουμένην,</span> 
     </span>
     <span class='ocr_line' id='line_1_8' title="bbox 197 967 1797 1063; baseline 0.006 -28"><span class='ocrx_word' id='word_1_102' title='bbox 197 981 253 1035; x_wconf 92' lang='grc' dir='ltr'>θεια</span> <span class='ocrx_word' id='word_1_103' title='bbox 267 977 304 1054; x_wconf 80' lang='grc' dir='ltr'><strong>τῷ</strong></span> <span class='ocrx_word' id='word_1_104' title='bbox 319 975 365 1050; x_wconf 79' lang='grc' dir='ltr'><strong>τήν</strong></span> <span class='ocrx_word' id='word_1_105' title='bbox 380 975 466 1057; x_wconf 82' lang='grc' dir='ltr'>ψυχήν</span> <span class='ocrx_word' id='word_1_106' title='bbox 482 975 612 1036; x_wconf 86' lang='grc' dir='ltr'>ἀθάνατον</span> <span class='ocrx_word' id='word_1_107' title='bbox 627 967 694 1036; x_wconf 75' lang='grc' dir='ltr'>εἶναι</span> <span class='ocrx_word' id='word_1_108' title='bbox 708 979 823 1058; x_wconf 90' lang='grc' dir='ltr'>θέλοντι,</span> <span class='ocrx_word' id='word_1_109' title='bbox 837 979 911 1062; x_wconf 77' lang='lat' dir='ltr'><strong>erepla</strong></span> <span class='ocrx_word' id='word_1_110' title='bbox 928 985 973 1039; x_wconf 88' lang='grc' dir='ltr'><strong>τοῦ</strong></span> <span class='ocrx_word' id='word_1_111' title='bbox 1018 984 1185 1063; x_wconf 74' lang='grc' dir='ltr'>θαρροῦσαν,</span> <span class='ocrx_word' id='word_1_112' title='bbox 1201 976 1381 1060; x_wconf 82' lang='grc' dir='ltr'>φαῦσυμίνην,</span> <span class='ocrx_word' id='word_1_113' title='bbox 1404 981 1549 1054; x_wconf 72' lang='lat' dir='ltr'><strong>precisas,</strong></span> <span class='ocrx_word' id='word_1_114' title='bbox 1571 975 1732 1054; x_wconf 63' lang='grc' dir='ltr'>στέργουσαν</span> <span class='ocrx_word' id='word_1_115' title='bbox 1748 995 1797 1036; x_wconf 67' lang='lat'><strong>²⁸¹</strong></span> 
     </span>
     <span class='ocr_line' id='line_1_9' title="bbox 197 1060 1798 1146; baseline 0.007 -24"><span class='ocrx_word' id='word_1_116' title='bbox 197 1065 244 1136; x_wconf 78' lang='grc' dir='ltr'><strong>τήν</strong></span> <span class='ocrx_word' id='word_1_117' title='bbox 256 1064 342 1145; x_wconf 78' lang='grc' dir='ltr'>ψυχήν</span> <span class='ocrx_word' id='word_1_118' title='bbox 361 1067 559 1133; x_wconf 83' lang='grc' dir='ltr'>ἀποκτιννύντος</span> <span class='ocrx_word' id='word_1_119' title='bbox 572 1063 596 1139; x_wconf 75' lang='lat'><strong>¹5</strong></span> <span class='ocrx_word' id='word_1_120' title='bbox 618 1065 666 1133; x_wconf 89' lang='grc' dir='ltr'><strong>Τίς</strong></span> <span class='ocrx_word' id='word_1_121' title='bbox 681 1067 708 1127; x_wconf 83' lang='grc' dir='ltr'><strong>δὲ</strong></span> <span class='ocrx_word' id='word_1_122' title='bbox 725 1071 741 1139; x_wconf 86' lang='grc' dir='ltr'>ή</span> <span class='ocrx_word' id='word_1_123' title='bbox 757 1069 913 1128; x_wconf 86' lang='grc' dir='ltr'>διδασκαλία</span> <span class='ocrx_word' id='word_1_124' title='bbox 929 1075 973 1130; x_wconf 87' lang='grc' dir='ltr'><strong>τοῦ</strong></span> <span class='ocrx_word' id='word_1_125' title='bbox 1017 1071 1114 1134; x_wconf 77' lang='grc' dir='ltr'>πάσαις</span> <span class='ocrx_word' id='word_1_126' title='bbox 1128 1065 1297 1126; x_wconf 68' lang='lat' dir='ltr'><strong>testantem</strong></span> <span class='ocrx_word' id='word_1_127' title='bbox 1319 1065 1448 1146; x_wconf 73' lang='grc' dir='ltr'>ξυγγενεῖς</span> <span class='ocrx_word' id='word_1_128' title='bbox 1463 1060 1480 1134; x_wconf 78' lang='grc' dir='ltr'>θ</span> <span class='ocrx_word' id='word_1_129' title='bbox 1499 1063 1665 1142; x_wconf 46' lang='lat' dir='ltr'><strong>mittet&amp;</strong></span> <span class='ocrx_word' id='word_1_130' title='bbox 1680 1063 1798 1135; x_wconf 63' lang='grc' dir='ltr'><strong>Χῑθθσῑῑς</strong></span> 
     </span>
     <span class='ocr_line' id='line_1_10' title="bbox 195 1145 1797 1238; baseline -0.002 -25"><span class='ocrx_word' id='word_1_131' title='bbox 195 1153 293 1233; x_wconf 85' lang='grc' dir='ltr'>τρόπου</span> <span class='ocrx_word' id='word_1_132' title='bbox 307 1157 353 1225; x_wconf 81' lang='grc' dir='ltr'><strong>τῆς</strong></span> <span class='ocrx_word' id='word_1_133' title='bbox 365 1153 507 1230; x_wconf 88' lang='grc' dir='ltr'>κινήσεως,</span> <span class='ocrx_word' id='word_1_134' title='bbox 524 1155 584 1212; x_wconf 87' lang='grc' dir='ltr'>καθ’</span> <span class='ocrx_word' id='word_1_135' title='bbox 598 1151 626 1212; x_wconf 75' lang='lat' dir='ltr'><strong>tv</strong></span> <span class='ocrx_word' id='word_1_136' title='bbox 641 1153 810 1226; x_wconf 78' lang='grc' dir='ltr'>αὐτοκίνητον</span> <span class='ocrx_word' id='word_1_137' title='bbox 821 1157 903 1231; x_wconf 83' lang='grc' dir='ltr'>αὐτήν</span> <span class='ocrx_word' id='word_1_138' title='bbox 919 1181 971 1238; x_wconf 84' lang='grc' dir='ltr'><strong>φα·</strong></span> <span class='ocrx_word' id='word_1_139' title='bbox 1018 1158 1064 1226; x_wconf 86' lang='grc' dir='ltr'>τάς</span> <span class='ocrx_word' id='word_1_140' title='bbox 1077 1155 1274 1238; x_wconf 78' lang='grc' dir='ltr'>δευτερουργοὺς</span> <span class='ocrx_word' id='word_1_141' title='bbox 1292 1145 1325 1212; x_wconf 81' lang='grc' dir='ltr'><strong>αθ</strong></span> <span class='ocrx_word' id='word_1_142' title='bbox 1340 1151 1599 1234; x_wconf 81' lang='grc' dir='ltr'>παραλαμῦάνσυσαι</span> <span class='ocrx_word' id='word_1_143' title='bbox 1614 1151 1729 1222; x_wconf 78' lang='grc' dir='ltr'>κινήσεις</span> <span class='ocrx_word' id='word_1_144' title='bbox 1743 1177 1797 1214; x_wconf 84' lang='grc' dir='ltr'><strong>σω-</strong></span> 
     </span>
     <span class='ocr_line' id='line_1_11' title="bbox 196 1239 1798 1327; baseline 0.001 -27"><span class='ocrx_word' id='word_1_145' title='bbox 196 1264 243 1318; x_wconf 88' lang='grc' dir='ltr'><strong>μεν</strong></span> <span class='ocrx_word' id='word_1_146' title='bbox 254 1285 262 1314; x_wconf 96' lang='grc'>,</span> <span class='ocrx_word' id='word_1_147' title='bbox 275 1239 350 1322; x_wconf 69' lang='grc' dir='ltr'>παρὰ</span> <span class='ocrx_word' id='word_1_148' title='bbox 361 1245 412 1300; x_wconf 79' lang='grc' dir='ltr'><strong>τῶν</strong></span> <span class='ocrx_word' id='word_1_149' title='bbox 428 1240 494 1318; x_wconf 77' lang='grc' dir='ltr'>μηδὲ</span> <span class='ocrx_word' id='word_1_150' title='bbox 506 1240 536 1300; x_wconf 77' lang='grc' dir='ltr'><strong>τὸ</strong></span> <span class='ocrx_word' id='word_1_151' title='bbox 549 1241 677 1322; x_wconf 90' lang='grc' dir='ltr'>παράπαν</span> <span class='ocrx_word' id='word_1_152' title='bbox 688 1243 756 1327; x_wconf 77' lang='grc' dir='ltr'>αὐτῇ</span> <span class='ocrx_word' id='word_1_153' title='bbox 766 1243 867 1318; x_wconf 89' lang='grc' dir='ltr'>κίνησιν</span> <span class='ocrx_word' id='word_1_154' title='bbox 882 1246 974 1323; x_wconf 88' lang='grc' dir='ltr'>νεμόν-</span> <span class='ocrx_word' id='word_1_155' title='bbox 1019 1246 1108 1325; x_wconf 90' lang='grc' dir='ltr'>μάτων</span> <span class='ocrx_word' id='word_1_156' title='bbox 1123 1246 1216 1325; x_wconf 79' lang='grc' dir='ltr'>ἄγουσι</span> <span class='ocrx_word' id='word_1_157' title='bbox 1233 1243 1321 1304; x_wconf 85' lang='grc' dir='ltr'>πάντα</span> <span class='ocrx_word' id='word_1_158' title='bbox 1335 1243 1371 1310; x_wconf 89' lang='grc' dir='ltr'><strong>είς</strong></span> <span class='ocrx_word' id='word_1_159' title='bbox 1382 1239 1491 1313; x_wconf 80' lang='grc' dir='ltr'>αὔξησιν</span> <span class='ocrx_word' id='word_1_160' title='bbox 1508 1239 1554 1299; x_wconf 83' lang='grc' dir='ltr'><strong>καί</strong></span> <span class='ocrx_word' id='word_1_161' title='bbox 1579 1240 1667 1320; x_wconf 87' lang='grc' dir='ltr'>φθίσιν</span> <span class='ocrx_word' id='word_1_162' title='bbox 1679 1241 1725 1298; x_wconf 85' lang='grc' dir='ltr'><strong>καί</strong></span> <span class='ocrx_word' id='word_1_163' title='bbox 1739 1242 1798 1302; x_wconf 83' lang='grc' dir='ltr'>θιά-</span> 
     </span>
     <span class='ocr_line' id='line_1_12' title="bbox 195 1327 1799 1416; baseline 0 -25"><span class='ocrx_word' id='word_1_164' title='bbox 195 1353 265 1406; x_wconf 82' lang='grc' dir='ltr'>των;</span> <span class='ocrx_word' id='word_1_165' title='bbox 291 1331 355 1392; x_wconf 88' lang='grc' dir='ltr'>Ναί.</span> <span class='ocrx_word' id='word_1_166' title='bbox 370 1331 450 1393; x_wconf 78' lang='grc' dir='ltr'>Ἀλλά</span> <span class='ocrx_word' id='word_1_167' title='bbox 465 1331 533 1390; x_wconf 87' lang='grc' dir='ltr'>κατά</span> <span class='ocrx_word' id='word_1_168' title='bbox 555 1354 584 1411; x_wconf 83' lang='grc' dir='ltr'><strong>γε</strong></span> <span class='ocrx_word' id='word_1_169' title='bbox 610 1331 657 1402; x_wconf 76' lang='grc' dir='ltr'><strong>τήν</strong></span> <span class='ocrx_word' id='word_1_170' title='bbox 682 1333 827 1391; x_wconf 74' lang='grc' dir='ltr'>ἀθανασίαν</span> <span class='ocrx_word' id='word_1_171' title='bbox 847 1337 894 1392; x_wconf 89' lang='grc' dir='ltr'><strong>τοῦ</strong></span> <span class='ocrx_word' id='word_1_172' title='bbox 909 1339 972 1412; x_wconf 89' lang='grc' dir='ltr'>νοῦ,</span> <span class='ocrx_word' id='word_1_173' title='bbox 1018 1357 1103 1416; x_wconf 89' lang='grc' dir='ltr'>κρισιν</span> <span class='ocrx_word' id='word_1_174' title='bbox 1117 1334 1162 1394; x_wconf 82' lang='grc' dir='ltr'><strong>καί</strong></span> <span class='ocrx_word' id='word_1_175' title='bbox 1178 1332 1312 1412; x_wconf 73' lang='grc' dir='ltr'>σύγκρισιν</span> <span class='ocrx_word' id='word_1_176' title='bbox 1324 1333 1384 1392; x_wconf 87' lang='grc' dir='ltr'>κτλ.</span> <span class='ocrx_word' id='word_1_177' title='bbox 1400 1329 1494 1388; x_wconf 73' lang='lat' dir='ltr'><strong>Aliter</strong></span> <span class='ocrx_word' id='word_1_178' title='bbox 1504 1327 1617 1407; x_wconf 89' lang='lat' dir='ltr'><strong>judicat</strong></span> <span class='ocrx_word' id='word_1_179' title='bbox 1627 1331 1799 1391; x_wconf 75' lang='lat' dir='ltr'><strong>Aristoteles</strong></span> 
     </span>
     <span class='ocr_line' id='line_1_13' title="bbox 196 1419 1798 1502; baseline -0.005 -22"><span class='ocrx_word' id='word_1_180' title='bbox 196 1420 278 1502; x_wconf 86' lang='grc' dir='ltr'>φήσαι</span> <span class='ocrx_word' id='word_1_181' title='bbox 293 1445 331 1490; x_wconf 90' lang='grc' dir='ltr'><strong>τις</strong></span> <span class='ocrx_word' id='word_1_182' title='bbox 351 1420 383 1480; x_wconf 80' lang='grc' dir='ltr'><strong>ἀν</strong></span> <span class='ocrx_word' id='word_1_183' title='bbox 400 1420 478 1480; x_wconf 80' lang='grc' dir='ltr'>αὐτὸν</span> <span class='ocrx_word' id='word_1_184' title='bbox 493 1429 628 1480; x_wconf 87' lang='grc' dir='ltr'>κοινωνεῖν</span> <span class='ocrx_word' id='word_1_185' title='bbox 647 1420 784 1483; x_wconf 87' lang='grc' dir='ltr'>Πλάτωνι.</span> <span class='ocrx_word' id='word_1_186' title='bbox 809 1421 864 1482; x_wconf 85' lang='lat' dir='ltr'><strong>Kal</strong></span> <span class='ocrx_word' id='word_1_187' title='bbox 885 1423 933 1502; x_wconf 76' lang='grc' dir='ltr'><strong>γάρ</strong></span> <span class='ocrx_word' id='word_1_188' title='bbox 952 1426 974 1482; x_wconf 86' lang='grc' dir='ltr'><strong>εί</strong></span> <span class='ocrx_word' id='word_1_189' title='bbox 1018 1425 1054 1483; x_wconf 95' lang='lat' dir='ltr'><strong>de</strong></span> <span class='ocrx_word' id='word_1_190' title='bbox 1068 1425 1156 1486; x_wconf 85' lang='lat' dir='ltr'><strong>anim.</strong></span> <span class='ocrx_word' id='word_1_191' title='bbox 1174 1421 1226 1484; x_wconf 93' lang='lat' dir='ltr'><strong>lib.</strong></span> <span class='ocrx_word' id='word_1_192' title='bbox 1241 1423 1266 1496; x_wconf 92' lang='lat' dir='ltr'><strong>l,</strong></span> <span class='ocrx_word' id='word_1_193' title='bbox 1287 1440 1350 1497; x_wconf 89' lang='lat' dir='ltr'><strong>cap.</strong></span> <span class='ocrx_word' id='word_1_194' title='bbox 1371 1427 1386 1488; x_wconf 78' lang='grc'>4</span> <span class='ocrx_word' id='word_1_195' title='bbox 1409 1440 1440 1498; x_wconf 90' lang='lat' dir='ltr'><strong>p.</strong></span> <span class='ocrx_word' id='word_1_196' title='bbox 1464 1420 1533 1487; x_wconf 75' lang='lat' dir='ltr'><strong>eoa.</strong></span> <span class='ocrx_word' id='word_1_197' title='bbox 1554 1419 1587 1479; x_wconf 90' lang='lat' dir='ltr'><strong>B.</strong></span> <span class='ocrx_word' id='word_1_198' title='bbox 1604 1419 1649 1479; x_wconf 87' lang='lat' dir='ltr'><strong>ed.</strong></span> <span class='ocrx_word' id='word_1_199' title='bbox 1676 1419 1798 1478; x_wconf 79' lang='lat' dir='ltr'><strong>Belaher.</strong></span> 
     </span>
     <span class='ocr_line' id='line_1_14' title="bbox 197 1499 1799 1592; baseline -0.001 -24"><span class='ocrx_word' id='word_1_200' title='bbox 197 1509 235 1586; x_wconf 85' lang='grc' dir='ltr'>μή</span> <span class='ocrx_word' id='word_1_201' title='bbox 248 1517 337 1569; x_wconf 75' lang='grc' dir='ltr'>πᾶσαν</span> <span class='ocrx_word' id='word_1_202' title='bbox 354 1508 474 1588; x_wconf 77' lang='grc' dir='ltr'>βούλεται</span> <span class='ocrx_word' id='word_1_203' title='bbox 487 1507 535 1580; x_wconf 80' lang='grc' dir='ltr'><strong>τὴν</strong></span> <span class='ocrx_word' id='word_1_204' title='bbox 546 1509 635 1592; x_wconf 61' lang='grc' dir='ltr'>ψυχὴν</span> <span class='ocrx_word' id='word_1_205' title='bbox 649 1509 777 1568; x_wconf 88' lang='grc' dir='ltr'>ἀθάνατον</span> <span class='ocrx_word' id='word_1_206' title='bbox 791 1499 873 1581; x_wconf 74' lang='grc' dir='ltr'>εἶναι,</span> <span class='ocrx_word' id='word_1_207' title='bbox 888 1509 931 1568; x_wconf 92' lang='grc' dir='ltr'><strong>τόν</strong></span> <span class='ocrx_word' id='word_1_208' title='bbox 944 1533 973 1588; x_wconf 85' lang='grc' dir='ltr'><strong>γε</strong></span> <span class='ocrx_word' id='word_1_209' title='bbox 1020 1514 1050 1573; x_wconf 76' lang='grc' dir='ltr'><strong>τὸ</strong></span> <span class='ocrx_word' id='word_1_210' title='bbox 1065 1511 1092 1570; x_wconf 83' lang='grc' dir='ltr'><strong>δέ</strong></span> <span class='ocrx_word' id='word_1_211' title='bbox 1107 1510 1192 1589; x_wconf 81' lang='grc' dir='ltr'>λέγειν</span> <span class='ocrx_word' id='word_1_212' title='bbox 1211 1509 1361 1591; x_wconf 70' lang='grc' dir='ltr'>ὀργίζεσθαι</span> <span class='ocrx_word' id='word_1_213' title='bbox 1375 1504 1422 1580; x_wconf 83' lang='grc' dir='ltr'><strong>τήν</strong></span> <span class='ocrx_word' id='word_1_214' title='bbox 1443 1504 1531 1587; x_wconf 78' lang='grc' dir='ltr'>ψυχήν</span> <span class='ocrx_word' id='word_1_215' title='bbox 1547 1507 1637 1584; x_wconf 76' lang='grc' dir='ltr'>ὅμοιον</span> <span class='ocrx_word' id='word_1_216' title='bbox 1654 1504 1703 1565; x_wconf 78' lang='lat' dir='ltr'><strong>aiv</strong></span> <span class='ocrx_word' id='word_1_217' title='bbox 1717 1507 1743 1565; x_wconf 86' lang='grc' dir='ltr'><strong>εί</strong></span> <span class='ocrx_word' id='word_1_218' title='bbox 1761 1531 1799 1576; x_wconf 85' lang='grc' dir='ltr'><strong>τις</strong></span> 
     </span>
     <span class='ocr_line' id='line_1_15' title="bbox 198 1590 1798 1679; baseline -0.001 -22"><span class='ocrx_word' id='word_1_219' title='bbox 198 1604 257 1658; x_wconf 86' lang='grc' dir='ltr'>νοῦν</span> <span class='ocrx_word' id='word_1_220' title='bbox 270 1598 393 1675; x_wconf 79' lang='grc' dir='ltr'>ὁμολογεῖ</span> <span class='ocrx_word' id='word_1_221' title='bbox 406 1595 473 1656; x_wconf 88' lang='grc' dir='ltr'>θεῖόν</span> <span class='ocrx_word' id='word_1_222' title='bbox 490 1620 519 1655; x_wconf 89' lang='grc' dir='ltr'><strong>τε</strong></span> <span class='ocrx_word' id='word_1_223' title='bbox 539 1596 584 1656; x_wconf 83' lang='grc' dir='ltr'><strong>καί</strong></span> <span class='ocrx_word' id='word_1_224' title='bbox 607 1597 737 1676; x_wconf 78' lang='grc' dir='ltr'>ἄφθαρτον</span> <span class='ocrx_word' id='word_1_225' title='bbox 760 1590 836 1657; x_wconf 76' lang='grc' dir='ltr'>εἶναι.</span> <span class='ocrx_word' id='word_1_226' title='bbox 857 1597 905 1666; x_wconf 89' lang='grc' dir='ltr'><strong>Τίς</strong></span> <span class='ocrx_word' id='word_1_227' title='bbox 928 1599 974 1674; x_wconf 87' lang='grc' dir='ltr'><strong>μὲν</strong></span> <span class='ocrx_word' id='word_1_228' title='bbox 1020 1600 1090 1679; x_wconf 80' lang='grc' dir='ltr'>λέγοι</span> <span class='ocrx_word' id='word_1_229' title='bbox 1107 1599 1155 1668; x_wconf 76' lang='grc' dir='ltr'><strong>τὴν</strong></span> <span class='ocrx_word' id='word_1_230' title='bbox 1169 1597 1256 1678; x_wconf 80' lang='grc' dir='ltr'>ψυχήν</span> <span class='ocrx_word' id='word_1_231' title='bbox 1272 1593 1387 1678; x_wconf 85' lang='grc' dir='ltr'>θφαίνειν</span> <span class='ocrx_word' id='word_1_232' title='bbox 1406 1593 1594 1670; x_wconf 77' lang='grc' dir='ltr'>ἣοίκοδομεῖν·</span> <span class='ocrx_word' id='word_1_233' title='bbox 1623 1593 1726 1674; x_wconf 82' lang='grc' dir='ltr'>βέλτιον</span> <span class='ocrx_word' id='word_1_234' title='bbox 1746 1597 1798 1674; x_wconf 78' lang='grc' dir='ltr'><strong>γάρ</strong></span> 
     </span>
     <span class='ocr_line' id='line_1_16' title="bbox 198 1677 1798 1767; baseline -0.003 -22"><span class='ocrx_word' id='word_1_235' title='bbox 198 1677 242 1745; x_wconf 78' lang='grc' dir='ltr'><strong>σῦν</strong></span> <span class='ocrx_word' id='word_1_236' title='bbox 257 1685 304 1758; x_wconf 79' lang='grc' dir='ltr'><strong>τήν</strong></span> <span class='ocrx_word' id='word_1_237' title='bbox 320 1685 409 1746; x_wconf 84' lang='grc' dir='ltr'>οθσίαν</span> <span class='ocrx_word' id='word_1_238' title='bbox 436 1683 481 1743; x_wconf 81' lang='grc' dir='ltr'><strong>καλ</strong></span> <span class='ocrx_word' id='word_1_239' title='bbox 503 1684 550 1756; x_wconf 81' lang='grc' dir='ltr'><strong>τήν</strong></span> <span class='ocrx_word' id='word_1_240' title='bbox 567 1683 644 1767; x_wconf 84' lang='grc' dir='ltr'>φάσιν</span> <span class='ocrx_word' id='word_1_241' title='bbox 666 1688 679 1743; x_wconf 86' lang='grc' dir='ltr'>θ</span> <span class='ocrx_word' id='word_1_242' title='bbox 699 1689 768 1760; x_wconf 92' lang='grc' dir='ltr'>νοῦς,</span> <span class='ocrx_word' id='word_1_243' title='bbox 783 1685 840 1744; x_wconf 80' lang='grc' dir='ltr'>ὅθεν</span> <span class='ocrx_word' id='word_1_244' title='bbox 855 1685 911 1762; x_wconf 84' lang='grc' dir='ltr'><strong>ὧν,</strong></span> <span class='ocrx_word' id='word_1_245' title='bbox 930 1689 974 1745; x_wconf 84' lang='grc' dir='ltr'><strong>καλ</strong></span> <span class='ocrx_word' id='word_1_246' title='bbox 1020 1689 1083 1756; x_wconf 86' lang='grc' dir='ltr'>ίσως</span> <span class='ocrx_word' id='word_1_247' title='bbox 1098 1685 1135 1766; x_wconf 78' lang='grc' dir='ltr'><strong>μθ,</strong></span> <span class='ocrx_word' id='word_1_248' title='bbox 1151 1687 1234 1762; x_wconf 83' lang='grc' dir='ltr'>λέγειν</span> <span class='ocrx_word' id='word_1_249' title='bbox 1249 1683 1297 1758; x_wconf 82' lang='grc' dir='ltr'><strong>τήν</strong></span> <span class='ocrx_word' id='word_1_250' title='bbox 1311 1682 1399 1766; x_wconf 76' lang='grc' dir='ltr'>ψυχήν</span> <span class='ocrx_word' id='word_1_251' title='bbox 1415 1683 1497 1743; x_wconf 82' lang='grc' dir='ltr'>ίλεεῖν</span> <span class='ocrx_word' id='word_1_252' title='bbox 1514 1681 1531 1752; x_wconf 79' lang='grc' dir='ltr'>ἢ</span> <span class='ocrx_word' id='word_1_253' title='bbox 1549 1681 1688 1760; x_wconf 76' lang='grc' dir='ltr'>μανθάνειν</span> <span class='ocrx_word' id='word_1_254' title='bbox 1703 1683 1721 1754; x_wconf 80' lang='grc' dir='ltr'><strong>ἢ</strong></span> <span class='ocrx_word' id='word_1_255' title='bbox 1737 1685 1798 1742; x_wconf 82' lang='grc' dir='ltr'>θια-</span> 
     </span>
     <span class='ocr_line' id='line_1_17' title="bbox 198 1771 1796 1854; baseline -0.001 -20"><span class='ocrx_word' id='word_1_256' title='bbox 198 1775 275 1834; x_wconf 89' lang='grc' dir='ltr'>πάθεν</span> <span class='ocrx_word' id='word_1_257' title='bbox 290 1771 515 1852; x_wconf 85' lang='grc' dir='ltr'>ίπεισκρινόμενσς</span> <span class='ocrx_word' id='word_1_258' title='bbox 528 1776 581 1838; x_wconf 89' lang='grc' dir='ltr'>τοῖς</span> <span class='ocrx_word' id='word_1_259' title='bbox 593 1771 811 1852; x_wconf 79' lang='grc' dir='ltr'>ἀνθρώποις,καῖ</span> <span class='ocrx_word' id='word_1_260' title='bbox 827 1779 880 1832; x_wconf 88' lang='grc' dir='ltr'><strong>ποῦ</strong></span> <span class='ocrx_word' id='word_1_261' title='bbox 893 1775 974 1834; x_wconf 90' lang='grc' dir='ltr'>πάλιν</span> <span class='ocrx_word' id='word_1_262' title='bbox 1019 1783 1154 1854; x_wconf 85' lang='grc' dir='ltr'>νοεῖσθαι,</span> <span class='ocrx_word' id='word_1_263' title='bbox 1169 1774 1238 1834; x_wconf 82' lang='grc' dir='ltr'><strong>ἀλλά</strong></span> <span class='ocrx_word' id='word_1_264' title='bbox 1253 1774 1296 1834; x_wconf 80' lang='grc' dir='ltr'><strong>τὸν</strong></span> <span class='ocrx_word' id='word_1_265' title='bbox 1310 1772 1446 1852; x_wconf 79' lang='grc' dir='ltr'>ἄνθρωπον</span> <span class='ocrx_word' id='word_1_266' title='bbox 1458 1776 1491 1850; x_wconf 77' lang='grc' dir='ltr'><strong>τῇ</strong></span> <span class='ocrx_word' id='word_1_267' title='bbox 1505 1773 1592 1851; x_wconf 81' lang='grc' dir='ltr'>ψυχῇ.</span> <span class='ocrx_word' id='word_1_268' title='bbox 1607 1771 1685 1830; x_wconf 85' lang='lat' dir='ltr'>Idem</span> <span class='ocrx_word' id='word_1_269' title='bbox 1702 1785 1796 1832; x_wconf 88' lang='lat' dir='ltr'><strong>tamen</strong></span> 
     </span>
     <span class='ocr_line' id='line_1_18' title="bbox 198 1857 1797 1940; baseline -0.001 -19"><span class='ocrx_word' id='word_1_270' title='bbox 198 1861 442 1940; x_wconf 79' lang='grc' dir='ltr'>ἀπαλλαττόμενος,</span> <span class='ocrx_word' id='word_1_271' title='bbox 460 1861 535 1928; x_wconf 74' lang='lat' dir='ltr'><strong>airh&lt;</strong></span> <span class='ocrx_word' id='word_1_272' title='bbox 551 1860 582 1922; x_wconf 78' lang='lat' dir='ltr'><strong>da</strong></span> <span class='ocrx_word' id='word_1_273' title='bbox 598 1861 687 1934; x_wconf 80' lang='grc' dir='ltr'>εἰδείη·</span> <span class='ocrx_word' id='word_1_274' title='bbox 699 1859 753 1940; x_wconf 80' lang='grc' dir='ltr'>εἴγε</span> <span class='ocrx_word' id='word_1_275' title='bbox 766 1885 791 1920; x_wconf 88' lang='grc' dir='ltr'><strong>τι</strong></span> <span class='ocrx_word' id='word_1_276' title='bbox 803 1861 922 1935; x_wconf 90' lang='grc' dir='ltr'>συνίησιν</span> <span class='ocrx_word' id='word_1_277' title='bbox 936 1857 973 1922; x_wconf 75' lang='lat' dir='ltr'><strong>aba</strong></span> <span class='ocrx_word' id='word_1_278' title='bbox 1019 1865 1055 1922; x_wconf 90' lang='lat' dir='ltr'><strong>de</strong></span> <span class='ocrx_word' id='word_1_279' title='bbox 1065 1865 1151 1922; x_wconf 90' lang='lat' dir='ltr'><strong>anim.</strong></span> <span class='ocrx_word' id='word_1_280' title='bbox 1167 1860 1220 1920; x_wconf 92' lang='lat' dir='ltr'><strong>lib.</strong></span> <span class='ocrx_word' id='word_1_281' title='bbox 1231 1861 1286 1939; x_wconf 95' lang='lat' dir='ltr'><strong>lll,</strong></span> <span class='ocrx_word' id='word_1_282' title='bbox 1296 1879 1359 1939; x_wconf 91' lang='lat' dir='ltr'><strong>cap.</strong></span> <span class='ocrx_word' id='word_1_283' title='bbox 1375 1870 1472 1938; x_wconf 65' lang='lat' dir='ltr'><strong>apag.</strong></span> <span class='ocrx_word' id='word_1_284' title='bbox 1485 1867 1552 1936; x_wconf 73' lang='grc' dir='ltr'>[ιαμ.</span> <span class='ocrx_word' id='word_1_285' title='bbox 1564 1860 1598 1918; x_wconf 80' lang='grc' dir='ltr'><strong>Α.</strong></span> <span class='ocrx_word' id='word_1_286' title='bbox 1613 1858 1660 1918; x_wconf 88' lang='lat' dir='ltr'><strong>ed.</strong></span> <span class='ocrx_word' id='word_1_287' title='bbox 1672 1859 1797 1920; x_wconf 79' lang='lat' dir='ltr'><strong>bekker.</strong></span> 
     </span>
     <span class='ocr_line' id='line_1_19' title="bbox 197 1939 1799 2032; baseline -0.002 -22"><span class='ocrx_word' id='word_1_288' title='bbox 197 1949 268 2030; x_wconf 84' lang='grc' dir='ltr'>λέγει</span> <span class='ocrx_word' id='word_1_289' title='bbox 280 1950 340 2031; x_wconf 78' lang='grc' dir='ltr'>περί</span> <span class='ocrx_word' id='word_1_290' title='bbox 354 1955 400 2009; x_wconf 91' lang='grc' dir='ltr'><strong>τοῦ</strong></span> <span class='ocrx_word' id='word_1_291' title='bbox 413 1955 471 2022; x_wconf 85' lang='grc' dir='ltr'>νοῦ,</span> <span class='ocrx_word' id='word_1_292' title='bbox 491 1949 536 2008; x_wconf 85' lang='grc' dir='ltr'><strong>καλ</strong></span> <span class='ocrx_word' id='word_1_293' title='bbox 552 1949 588 2028; x_wconf 77' lang='grc' dir='ltr'>μὴ</span> <span class='ocrx_word' id='word_1_294' title='bbox 604 1949 633 2008; x_wconf 81' lang='grc' dir='ltr'><strong>τὸ</strong></span> <span class='ocrx_word' id='word_1_295' title='bbox 648 1948 745 2029; x_wconf 79' lang='grc' dir='ltr'>ἄπορον</span> <span class='ocrx_word' id='word_1_296' title='bbox 759 1957 804 2010; x_wconf 87' lang='grc' dir='ltr'><strong>τοῦ</strong></span> <span class='ocrx_word' id='word_1_297' title='bbox 818 1949 976 2032; x_wconf 85' lang='grc' dir='ltr'>πράγματος</span> <span class='ocrx_word' id='word_1_298' title='bbox 1020 1951 1060 2010; x_wconf 89' lang='lat' dir='ltr'><strong>ait</strong></span> <span class='ocrx_word' id='word_1_299' title='bbox 1075 1972 1083 2008; x_wconf 79' lang='lat' dir='ltr'><strong>a</strong></span> <span class='ocrx_word' id='word_1_300' title='bbox 1097 1953 1110 2008; x_wconf 83' lang='grc' dir='ltr'>ό</span> <span class='ocrx_word' id='word_1_301' title='bbox 1122 1949 1174 2029; x_wconf 77' lang='grc' dir='ltr'><strong>ἄρα</strong></span> <span class='ocrx_word' id='word_1_302' title='bbox 1184 1947 1343 2026; x_wconf 85' lang='grc' dir='ltr'>καλούμενος</span> <span class='ocrx_word' id='word_1_303' title='bbox 1358 1951 1404 2018; x_wconf 83' lang='grc' dir='ltr'><strong>τῆς</strong></span> <span class='ocrx_word' id='word_1_304' title='bbox 1418 1949 1503 2027; x_wconf 79' lang='grc' dir='ltr'>ψυχῆς</span> <span class='ocrx_word' id='word_1_305' title='bbox 1517 1953 1575 2012; x_wconf 88' lang='grc' dir='ltr'>νοῦς</span> <span class='ocrx_word' id='word_1_306' title='bbox 1590 1939 1682 2025; x_wconf 73' lang='grc' dir='ltr'>(λέγω</span> <span class='ocrx_word' id='word_1_307' title='bbox 1697 1945 1723 2004; x_wconf 82' lang='grc' dir='ltr'><strong>δὲ</strong></span> <span class='ocrx_word' id='word_1_308' title='bbox 1739 1952 1799 2006; x_wconf 85' lang='grc' dir='ltr'>νοῦν</span> 
     </span>
     <span class='ocr_line' id='line_1_20' title="bbox 198 2031 1799 2120; baseline -0.003 -22"><span class='ocrx_word' id='word_1_309' title='bbox 198 2043 236 2118; x_wconf 81' lang='grc' dir='ltr'><strong>τῷ</strong></span> <span class='ocrx_word' id='word_1_310' title='bbox 262 2039 359 2119; x_wconf 83' lang='grc' dir='ltr'>ἀσαφεῗ</span> <span class='ocrx_word' id='word_1_311' title='bbox 379 2043 424 2097; x_wconf 89' lang='grc' dir='ltr'><strong>τοῦ</strong></span> <span class='ocrx_word' id='word_1_312' title='bbox 455 2037 531 2116; x_wconf 81' lang='grc' dir='ltr'>λόγου</span> <span class='ocrx_word' id='word_1_313' title='bbox 555 2038 746 2118; x_wconf 81' lang='grc' dir='ltr'>περιστέλλων,</span> <span class='ocrx_word' id='word_1_314' title='bbox 773 2037 906 2108; x_wconf 71' lang='grc' dir='ltr'>ἐξίσταται</span> <span class='ocrx_word' id='word_1_315' title='bbox 931 2039 975 2100; x_wconf 78' lang='lat' dir='ltr'><strong>aba</strong></span> <span class='ocrx_word' id='word_1_316' title='bbox 1022 2031 1202 2120; x_wconf 74' lang='grc' dir='ltr'>ᾧδιανοεῖται</span> <span class='ocrx_word' id='word_1_317' title='bbox 1222 2036 1267 2095; x_wconf 81' lang='grc' dir='ltr'><strong>καὶ</strong></span> <span class='ocrx_word' id='word_1_318' title='bbox 1287 2033 1471 2112; x_wconf 80' lang='grc' dir='ltr'>θπολαμῦάνει</span> <span class='ocrx_word' id='word_1_319' title='bbox 1496 2039 1511 2105; x_wconf 77' lang='grc' dir='ltr'>ἡ</span> <span class='ocrx_word' id='word_1_320' title='bbox 1536 2034 1637 2114; x_wconf 66' lang='grc' dir='ltr'>ψυχή).</span> <span class='ocrx_word' id='word_1_321' title='bbox 1660 2043 1730 2081; x_wconf 66' lang='lat'><strong>-0</strong></span> <span class='ocrx_word' id='word_1_322' title='bbox 1757 2041 1799 2096; x_wconf 75' lang='lat' dir='ltr'><strong>..ia</strong></span> 
     </span>
     <span class='ocr_line' id='line_1_21' title="bbox 199 2123 1800 2208; baseline -0.003 -21"><span class='ocrx_word' id='word_1_323' title='bbox 199 2131 324 2208; x_wconf 69' lang='grc' dir='ltr'>ἔλεγχον,</span> <span class='ocrx_word' id='word_1_324' title='bbox 339 2126 428 2208; x_wconf 82' lang='grc' dir='ltr'>ὥσπερ</span> <span class='ocrx_word' id='word_1_325' title='bbox 458 2129 486 2185; x_wconf 80' lang='grc' dir='ltr'><strong>αἱ</strong></span> <span class='ocrx_word' id='word_1_326' title='bbox 510 2126 604 2200; x_wconf 84' lang='grc' dir='ltr'>σηπίαι</span> <span class='ocrx_word' id='word_1_327' title='bbox 629 2126 660 2186; x_wconf 80' lang='grc' dir='ltr'><strong>τὸ</strong></span> <span class='ocrx_word' id='word_1_328' title='bbox 681 2127 852 2207; x_wconf 86' lang='grc' dir='ltr'>δυσθήρευτον</span> <span class='ocrx_word' id='word_1_329' title='bbox 877 2130 907 2188; x_wconf 80' lang='lat' dir='ltr'><strong>lx</strong></span> <span class='ocrx_word' id='word_1_330' title='bbox 930 2135 975 2188; x_wconf 83' lang='grc' dir='ltr'><strong>τοῦ</strong></span> <span class='ocrx_word' id='word_1_331' title='bbox 1021 2127 1161 2208; x_wconf 86' lang='grc' dir='ltr'>καίαρχος]</span> <span class='ocrx_word' id='word_1_332' title='bbox 1176 2125 1279 2184; x_wconf 86' lang='lat' dir='ltr'><strong>Cicero</strong></span> <span class='ocrx_word' id='word_1_333' title='bbox 1295 2123 1418 2183; x_wconf 89' lang='lat' dir='ltr'><strong>Tuscul.</strong></span> <span class='ocrx_word' id='word_1_334' title='bbox 1441 2125 1520 2196; x_wconf 83' lang='grc' dir='ltr'>1,ιο</span> <span class='ocrx_word' id='word_1_335' title='bbox 1544 2124 1727 2182; x_wconf 72' lang='lat' dir='ltr'><strong>Dicaearchus</strong></span> <span class='ocrx_word' id='word_1_336' title='bbox 1745 2145 1800 2183; x_wconf 86' lang='lat' dir='ltr'><strong>au-</strong></span> 
     </span>
     <span class='ocr_line' id='line_1_22' title="bbox 198 2209 1798 2294; baseline -0.006 -17"><span class='ocrx_word' id='word_1_337' title='bbox 198 2221 330 2277; x_wconf 88' lang='grc' dir='ltr'>σκοτεινοῦ</span> <span class='ocrx_word' id='word_1_338' title='bbox 346 2214 526 2294; x_wconf 68' lang='grc' dir='ltr'>ποριζόμενος,</span> <span class='ocrx_word' id='word_1_339' title='bbox 542 2214 655 2282; x_wconf 84' lang='grc' dir='ltr'>Πάντως</span> <span class='ocrx_word' id='word_1_340' title='bbox 669 2215 696 2274; x_wconf 82' lang='grc' dir='ltr'><strong>δί</strong></span> <span class='ocrx_word' id='word_1_341' title='bbox 713 2215 757 2274; x_wconf 85' lang='grc' dir='ltr'><strong>καί</strong></span> <span class='ocrx_word' id='word_1_342' title='bbox 769 2218 795 2276; x_wconf 81' lang='lat' dir='ltr'><strong>la</strong></span> <span class='ocrx_word' id='word_1_343' title='bbox 804 2215 905 2284; x_wconf 79' lang='grc' dir='ltr'>τούτοις</span> <span class='ocrx_word' id='word_1_344' title='bbox 920 2218 975 2276; x_wconf 80' lang='grc' dir='ltr'>δια·</span> <span class='ocrx_word' id='word_1_345' title='bbox 1021 2229 1078 2275; x_wconf 88' lang='lat' dir='ltr'><strong>tem</strong></span> <span class='ocrx_word' id='word_1_346' title='bbox 1103 2216 1135 2274; x_wconf 84' lang='lat' dir='ltr'><strong>in</strong></span> <span class='ocrx_word' id='word_1_347' title='bbox 1153 2234 1189 2273; x_wconf 85' lang='lat' dir='ltr'><strong>ee</strong></span> <span class='ocrx_word' id='word_1_348' title='bbox 1210 2231 1360 2284; x_wconf 79' lang='lat' dir='ltr'>sermone,</span> <span class='ocrx_word' id='word_1_349' title='bbox 1391 2229 1478 2289; x_wconf 87' lang='lat' dir='ltr'><strong>quem</strong></span> <span class='ocrx_word' id='word_1_350' title='bbox 1506 2210 1641 2270; x_wconf 83' lang='lat' dir='ltr'>Corinthi</span> <span class='ocrx_word' id='word_1_351' title='bbox 1665 2209 1798 2270; x_wconf 85' lang='lat' dir='ltr'><strong>habitum</strong></span> 
     </span>
     <span class='ocr_line' id='line_1_23' title="bbox 198 2298 1799 2386; baseline -0.004 -24"><span class='ocrx_word' id='word_1_352' title='bbox 198 2305 303 2386; x_wconf 84' lang='grc' dir='ltr'>φέρεται</span> <span class='ocrx_word' id='word_1_353' title='bbox 326 2301 462 2364; x_wconf 87' lang='grc' dir='ltr'>Πλάτωνι.</span> <span class='ocrx_word' id='word_1_354' title='bbox 477 2303 509 2363; x_wconf 88' lang='grc' dir='ltr'>Ὁ</span> <span class='ocrx_word' id='word_1_355' title='bbox 526 2302 573 2382; x_wconf 79' lang='grc' dir='ltr'><strong>μίν</strong></span> <span class='ocrx_word' id='word_1_356' title='bbox 587 2303 640 2384; x_wconf 83' lang='grc' dir='ltr'><strong>γάρ</strong></span> <span class='ocrx_word' id='word_1_357' title='bbox 656 2327 720 2385; x_wconf 89' lang='grc' dir='ltr'>φησι</span> <span class='ocrx_word' id='word_1_358' title='bbox 735 2308 794 2364; x_wconf 85' lang='grc' dir='ltr'>νοῦν</span> <span class='ocrx_word' id='word_1_359' title='bbox 816 2304 877 2364; x_wconf 82' lang='grc' dir='ltr'>ἀνευ</span> <span class='ocrx_word' id='word_1_360' title='bbox 891 2307 977 2385; x_wconf 81' lang='grc' dir='ltr'>ψυχῆς</span> <span class='ocrx_word' id='word_1_361' title='bbox 1022 2303 1116 2363; x_wconf 84' lang='lat' dir='ltr'><strong>tribus</strong></span> <span class='ocrx_word' id='word_1_362' title='bbox 1126 2303 1211 2362; x_wconf 85' lang='lat' dir='ltr'><strong>tibris</strong></span> <span class='ocrx_word' id='word_1_363' title='bbox 1222 2300 1360 2378; x_wconf 83' lang='lat' dir='ltr'><strong>exponit,</strong></span> <span class='ocrx_word' id='word_1_364' title='bbox 1371 2299 1523 2358; x_wconf 84' lang='lat' dir='ltr'><strong>doctorum</strong></span> <span class='ocrx_word' id='word_1_365' title='bbox 1533 2298 1684 2360; x_wconf 84' lang='lat' dir='ltr'><strong>hominum</strong></span> <span class='ocrx_word' id='word_1_366' title='bbox 1699 2298 1799 2378; x_wconf 85' lang='lat' dir='ltr'><strong>‹lispu-</strong></span> 
     </span>
     <span class='ocr_line' id='line_1_24' title="bbox 14 2381 1800 2475; baseline -0.006 -21"><span class='ocrx_word' id='word_1_367' title='bbox 14 2390 322 2453; x_wconf 44' lang='lat' dir='ltr'><strong>-f-“tiivieaa</strong></span> <span class='ocrx_word' id='word_1_368' title='bbox 338 2381 404 2451; x_wconf 77' lang='grc' dir='ltr'>εἶναι</span> <span class='ocrx_word' id='word_1_369' title='bbox 419 2391 600 2451; x_wconf 87' lang='grc' dir='ltr'>συνίστασθαι·</span> <span class='ocrx_word' id='word_1_370' title='bbox 621 2391 677 2452; x_wconf 76' lang='grc' dir='ltr'>ὁδί</span> <span class='ocrx_word' id='word_1_371' title='bbox 695 2393 802 2474; x_wconf 82' lang='grc' dir='ltr'>χωρίζει</span> <span class='ocrx_word' id='word_1_372' title='bbox 824 2395 870 2464; x_wconf 82' lang='grc' dir='ltr'><strong>τῆς</strong></span> <span class='ocrx_word' id='word_1_373' title='bbox 892 2395 977 2475; x_wconf 69' lang='grc' dir='ltr'>ψυχῆς</span> <span class='ocrx_word' id='word_1_374' title='bbox 1021 2392 1144 2454; x_wconf 88' lang='lat' dir='ltr'><strong>tantium</strong></span> <span class='ocrx_word' id='word_1_375' title='bbox 1168 2391 1265 2470; x_wconf 90' lang='lat' dir='ltr'><strong>primo</strong></span> <span class='ocrx_word' id='word_1_376' title='bbox 1287 2387 1365 2446; x_wconf 88' lang='lat' dir='ltr'><strong>libro</strong></span> <span class='ocrx_word' id='word_1_377' title='bbox 1388 2387 1499 2447; x_wconf 88' lang='lat' dir='ltr'><strong>multos</strong></span> <span class='ocrx_word' id='word_1_378' title='bbox 1526 2387 1677 2466; x_wconf 85' lang='lat' dir='ltr'><strong>loquentes</strong></span> <span class='ocrx_word' id='word_1_379' title='bbox 1699 2387 1770 2446; x_wconf 86' lang='lat' dir='ltr'><strong>tacit</strong></span> <span class='ocrx_word' id='word_1_380' title='bbox 1792 2409 1800 2444; x_wconf 82' lang='lat' dir='ltr'><strong>a</strong></span> 
     </span>
     <span class='ocr_line' id='line_1_25' title="bbox 196 2475 1804 2562; baseline -0.004 -21"><span class='ocrx_word' id='word_1_381' title='bbox 196 2482 240 2542; x_wconf 84' lang='grc' dir='ltr'><strong>τὸν</strong></span> <span class='ocrx_word' id='word_1_382' title='bbox 257 2487 325 2542; x_wconf 81' lang='grc' dir='ltr'>νοῦν.</span> <span class='ocrx_word' id='word_1_383' title='bbox 343 2481 395 2539; x_wconf 85' lang='lat' dir='ltr'><strong>Kal</strong></span> <span class='ocrx_word' id='word_1_384' title='bbox 406 2481 435 2540; x_wconf 84' lang='grc' dir='ltr'><strong>τὸ</strong></span> <span class='ocrx_word' id='word_1_385' title='bbox 447 2485 493 2552; x_wconf 80' lang='grc' dir='ltr'><strong>τῆς</strong></span> <span class='ocrx_word' id='word_1_386' title='bbox 507 2479 648 2548; x_wconf 75' lang='grc' dir='ltr'>ἀθανασίας</span> <span class='ocrx_word' id='word_1_387' title='bbox 662 2483 676 2539; x_wconf 76' lang='grc' dir='ltr'><strong>ὁ</strong></span> <span class='ocrx_word' id='word_1_388' title='bbox 692 2480 738 2558; x_wconf 82' lang='grc' dir='ltr'><strong>μὲν</strong></span> <span class='ocrx_word' id='word_1_389' title='bbox 754 2479 822 2556; x_wconf 74' lang='grc' dir='ltr'>μετὰ</span> <span class='ocrx_word' id='word_1_390' title='bbox 836 2484 882 2550; x_wconf 79' lang='grc' dir='ltr'>τ’ἤς</span> <span class='ocrx_word' id='word_1_391' title='bbox 892 2481 977 2562; x_wconf 66' lang='grc' dir='ltr'>ψυχῆς</span> <span class='ocrx_word' id='word_1_392' title='bbox 1021 2478 1136 2539; x_wconf 88' lang='lat' dir='ltr'><strong>duobus</strong></span> <span class='ocrx_word' id='word_1_393' title='bbox 1155 2479 1356 2537; x_wconf 75' lang='lat' dir='ltr'><strong>Pherecratem</strong></span> <span class='ocrx_word' id='word_1_394' title='bbox 1381 2475 1543 2555; x_wconf 82' lang='lat' dir='ltr'>quendam,</span> <span class='ocrx_word' id='word_1_395' title='bbox 1567 2475 1734 2535; x_wconf 77' lang='lat' dir='ltr'><strong>Phthiotam</strong></span> <span class='ocrx_word' id='word_1_396' title='bbox 1760 2496 1804 2534; x_wconf 82' lang='lat' dir='ltr'><strong>se·</strong></span> 
     </span>
     <span class='ocr_line' id='line_1_26' title="bbox 198 2565 1801 2652; baseline -0.004 -22"><span class='ocrx_word' id='word_1_397' title='bbox 198 2572 269 2650; x_wconf 77' lang='grc' dir='ltr'>αθτῷ</span> <span class='ocrx_word' id='word_1_398' title='bbox 283 2569 401 2640; x_wconf 86' lang='grc' dir='ltr'>δίδωσιν,</span> <span class='ocrx_word' id='word_1_399' title='bbox 422 2573 456 2636; x_wconf 80' lang='grc' dir='ltr'>ὡς</span> <span class='ocrx_word' id='word_1_400' title='bbox 469 2568 556 2636; x_wconf 75' lang='grc' dir='ltr'>ἄλλως</span> <span class='ocrx_word' id='word_1_401' title='bbox 568 2571 613 2628; x_wconf 80' lang='grc' dir='ltr'>οὐκ</span> <span class='ocrx_word' id='word_1_402' title='bbox 625 2568 803 2648; x_wconf 81' lang='grc' dir='ltr'>ὶνδεχίμενσν·</span> <span class='ocrx_word' id='word_1_403' title='bbox 817 2571 831 2627; x_wconf 79' lang='grc' dir='ltr'><strong>ὁ</strong></span> <span class='ocrx_word' id='word_1_404' title='bbox 846 2567 873 2628; x_wconf 86' lang='grc' dir='ltr'><strong>δέ</strong></span> <span class='ocrx_word' id='word_1_405' title='bbox 886 2593 976 2652; x_wconf 84' lang='grc' dir='ltr'>φησιν,</span> <span class='ocrx_word' id='word_1_406' title='bbox 1022 2587 1104 2640; x_wconf 91' lang='lat' dir='ltr'><strong>nem,</strong></span> <span class='ocrx_word' id='word_1_407' title='bbox 1123 2585 1209 2644; x_wconf 89' lang='lat' dir='ltr'><strong>quem</strong></span> <span class='ocrx_word' id='word_1_408' title='bbox 1224 2565 1297 2624; x_wconf 90' lang='lat' dir='ltr'><strong>aita</strong></span> <span class='ocrx_word' id='word_1_409' title='bbox 1319 2565 1498 2626; x_wconf 79' lang='lat' dir='ltr'>Deucalione</span> <span class='ocrx_word' id='word_1_410' title='bbox 1522 2579 1629 2636; x_wconf 90' lang='lat' dir='ltr'><strong>ortum,</strong></span> <span class='ocrx_word' id='word_1_411' title='bbox 1652 2565 1801 2625; x_wconf 85' lang='lat' dir='ltr'><strong>disseren-</strong></span> 
     </span>
     <span class='ocr_line' id='line_1_27' title="bbox 198 2653 1804 2738; baseline -0.002 -22"><span class='ocrx_word' id='word_1_412' title='bbox 198 2661 269 2738; x_wconf 79' lang='grc' dir='ltr'>αὐτῷ</span> <span class='ocrx_word' id='word_1_413' title='bbox 292 2657 362 2736; x_wconf 80' lang='grc' dir='ltr'>μόνῳ</span> <span class='ocrx_word' id='word_1_414' title='bbox 385 2656 556 2736; x_wconf 70' lang='grc' dir='ltr'>χωριζομένην</span> <span class='ocrx_word' id='word_1_415' title='bbox 575 2659 621 2727; x_wconf 81' lang='grc' dir='ltr'><strong>τῆς</strong></span> <span class='ocrx_word' id='word_1_416' title='bbox 635 2658 722 2736; x_wconf 76' lang='grc' dir='ltr'>ψυχῆς</span> <span class='ocrx_word' id='word_1_417' title='bbox 746 2659 822 2715; x_wconf 90' lang='grc' dir='ltr'>τοῦτο</span> <span class='ocrx_word' id='word_1_418' title='bbox 842 2656 976 2737; x_wconf 83' lang='grc' dir='ltr'>περιγίνι-</span> <span class='ocrx_word' id='word_1_419' title='bbox 1022 2669 1078 2714; x_wconf 87' lang='lat' dir='ltr'><strong>tem</strong></span> <span class='ocrx_word' id='word_1_420' title='bbox 1096 2653 1224 2724; x_wconf 82' lang='lat' dir='ltr'>inducit,</span> <span class='ocrx_word' id='word_1_421' title='bbox 1244 2653 1316 2712; x_wconf 89' lang='lat' dir='ltr'><strong>nihil</strong></span> <span class='ocrx_word' id='word_1_422' title='bbox 1333 2672 1395 2714; x_wconf 80' lang='lat' dir='ltr'><strong>esse</strong></span> <span class='ocrx_word' id='word_1_423' title='bbox 1414 2654 1534 2714; x_wconf 87' lang='lat' dir='ltr'><strong>onrnino</strong></span> <span class='ocrx_word' id='word_1_424' title='bbox 1550 2655 1733 2726; x_wconf 82' lang='lat' dir='ltr'><strong>animum,et</strong></span> <span class='ocrx_word' id='word_1_425' title='bbox 1746 2654 1804 2713; x_wconf 70' lang='lat' dir='ltr'><strong>lto:</strong></span> 
     </span>
     <span class='ocr_line' id='line_1_28' title="bbox 200 2741 1804 2826; baseline -0.002 -21"><span class='ocrx_word' id='word_1_426' title='bbox 200 2753 269 2808; x_wconf 89' lang='grc' dir='ltr'>σθαι.</span> <span class='ocrx_word' id='word_1_427' title='bbox 286 2749 341 2806; x_wconf 79' lang='lat' dir='ltr'><strong>liet</strong></span> <span class='ocrx_word' id='word_1_428' title='bbox 354 2747 403 2816; x_wconf 81' lang='grc' dir='ltr'><strong>τὴν</strong></span> <span class='ocrx_word' id='word_1_429' title='bbox 425 2744 471 2822; x_wconf 84' lang='grc' dir='ltr'><strong>μίν</strong></span> <span class='ocrx_word' id='word_1_430' title='bbox 487 2744 574 2826; x_wconf 78' lang='grc' dir='ltr'>ψυχήν</span> <span class='ocrx_word' id='word_1_431' title='bbox 589 2747 636 2803; x_wconf 89' lang='grc' dir='ltr'><strong>τοῦ</strong></span> <span class='ocrx_word' id='word_1_432' title='bbox 659 2743 780 2822; x_wconf 78' lang='grc' dir='ltr'>σώματος</span> <span class='ocrx_word' id='word_1_433' title='bbox 799 2745 847 2804; x_wconf 84' lang='grc' dir='ltr'>οὐκ</span> <span class='ocrx_word' id='word_1_434' title='bbox 865 2745 976 2819; x_wconf 77' lang='grc' dir='ltr'>ἠξίωσεν</span> <span class='ocrx_word' id='word_1_435' title='bbox 1021 2765 1085 2804; x_wconf 88' lang='lat' dir='ltr'><strong>esse</strong></span> <span class='ocrx_word' id='word_1_436' title='bbox 1098 2761 1204 2804; x_wconf 89' lang='lat' dir='ltr'><strong>nomen</strong></span> <span class='ocrx_word' id='word_1_437' title='bbox 1219 2755 1309 2802; x_wconf 88' lang='lat' dir='ltr'><strong>totum</strong></span> <span class='ocrx_word' id='word_1_438' title='bbox 1321 2743 1423 2816; x_wconf 90' lang='lat' dir='ltr'><strong>inane,</strong></span> <span class='ocrx_word' id='word_1_439' title='bbox 1439 2741 1606 2820; x_wconf 67' lang='lat' dir='ltr'><strong>frustraque</strong></span> <span class='ocrx_word' id='word_1_440' title='bbox 1619 2755 1649 2801; x_wconf 89' lang='lat' dir='ltr'><strong>et</strong></span> <span class='ocrx_word' id='word_1_441' title='bbox 1661 2743 1804 2802; x_wconf 85' lang='lat' dir='ltr'><strong>animalia</strong></span> 
     </span>
     <span class='ocr_line' id='line_1_29' title="bbox 198 2829 1803 2912; baseline -0.002 -18"><span class='ocrx_word' id='word_1_442' title='bbox 198 2835 347 2906; x_wconf 79' lang='grc' dir='ltr'>ίκὸαίνειν,</span> <span class='ocrx_word' id='word_1_443' title='bbox 373 2832 413 2892; x_wconf 82' lang='grc' dir='ltr'><strong>ότι</strong></span> <span class='ocrx_word' id='word_1_444' title='bbox 437 2832 563 2895; x_wconf 81' lang='grc' dir='ltr'>Πλάτωνι</span> <span class='ocrx_word' id='word_1_445' title='bbox 585 2837 664 2892; x_wconf 85' lang='grc' dir='ltr'>τοῦτο</span> <span class='ocrx_word' id='word_1_446' title='bbox 686 2832 773 2912; x_wconf 69' lang='lat' dir='ltr'><strong>ipssa·</strong></span> <span class='ocrx_word' id='word_1_447' title='bbox 797 2831 841 2894; x_wconf 78' lang='lat' dir='ltr'><strong>aha</strong></span> <span class='ocrx_word' id='word_1_448' title='bbox 868 2835 895 2894; x_wconf 74' lang='lat' dir='ltr'><strong>tl</strong></span> <span class='ocrx_word' id='word_1_449' title='bbox 916 2842 975 2899; x_wconf 87' lang='grc' dir='ltr'>νοῦν</span> <span class='ocrx_word' id='word_1_450' title='bbox 1022 2847 1051 2892; x_wconf 89' lang='lat' dir='ltr'><strong>et</strong></span> <span class='ocrx_word' id='word_1_451' title='bbox 1066 2833 1225 2892; x_wconf 76' lang='lat' dir='ltr'><strong>animantes</strong></span> <span class='ocrx_word' id='word_1_452' title='bbox 1240 2830 1400 2910; x_wconf 81' lang='lat' dir='ltr'><strong>appellari3</strong></span> <span class='ocrx_word' id='word_1_453' title='bbox 1417 2848 1511 2907; x_wconf 89' lang='lat' dir='ltr'><strong>neque</strong></span> <span class='ocrx_word' id='word_1_454' title='bbox 1525 2829 1557 2888; x_wconf 92' lang='lat' dir='ltr'><strong>in</strong></span> <span class='ocrx_word' id='word_1_455' title='bbox 1572 2829 1692 2889; x_wconf 86' lang='lat' dir='ltr'><strong>bomine</strong></span> <span class='ocrx_word' id='word_1_456' title='bbox 1704 2829 1803 2890; x_wconf 80' lang='lat' dir='ltr'><strong>inesse</strong></span> 
     </span>
     <span class='ocr_line' id='line_1_30' title="bbox 198 2918 1801 3004; baseline -0.003 -24"><span class='ocrx_word' id='word_1_457' title='bbox 198 2921 410 3002; x_wconf 78' lang='grc' dir='ltr'>ἀπορρήγνυσθαι</span> <span class='ocrx_word' id='word_1_458' title='bbox 432 2925 478 2994; x_wconf 72' lang='grc' dir='ltr'><strong>τῆς</strong></span> <span class='ocrx_word' id='word_1_459' title='bbox 493 2923 581 3004; x_wconf 79' lang='grc' dir='ltr'>ψυχῆς</span> <span class='ocrx_word' id='word_1_460' title='bbox 606 2920 766 2998; x_wconf 78' lang='grc' dir='ltr'>ἠνάγκασεν,</span> <span class='ocrx_word' id='word_1_461' title='bbox 791 2920 832 2980; x_wconf 79' lang='grc' dir='ltr'><strong>ἀει</strong></span> <span class='ocrx_word' id='word_1_462' title='bbox 847 2923 974 2985; x_wconf 77' lang='grc' dir='ltr'>ἀδύνατον</span> <span class='ocrx_word' id='word_1_463' title='bbox 1023 2923 1165 2993; x_wconf 88' lang='lat' dir='ltr'><strong>animum,</strong></span> <span class='ocrx_word' id='word_1_464' title='bbox 1188 2939 1241 2979; x_wconf 86' lang='lat' dir='ltr'><strong>nee</strong></span> <span class='ocrx_word' id='word_1_465' title='bbox 1261 2920 1291 2978; x_wconf 87' lang='lat' dir='ltr'><strong>iu</strong></span> <span class='ocrx_word' id='word_1_466' title='bbox 1305 2918 1419 2991; x_wconf 89' lang='lat' dir='ltr'><strong>bestia;</strong></span> <span class='ocrx_word' id='word_1_467' title='bbox 1437 2919 1558 2996; x_wconf 81' lang='lat' dir='ltr'><strong>vimque</strong></span> <span class='ocrx_word' id='word_1_468' title='bbox 1580 2937 1695 2976; x_wconf 89' lang='lat' dir='ltr'><strong>emnem</strong></span> <span class='ocrx_word' id='word_1_469' title='bbox 1716 2937 1801 2994; x_wconf 74' lang='lat' dir='ltr'><strong>eant,</strong></span> 
     </span>
     <span class='ocr_line' id='line_1_31' title="bbox 199 3005 1803 3090; baseline -0.003 -21"><span class='ocrx_word' id='word_1_470' title='bbox 199 3009 264 3087; x_wconf 84' lang='grc' dir='ltr'>ίγνω</span> <span class='ocrx_word' id='word_1_471' title='bbox 275 3009 388 3070; x_wconf 82' lang='grc' dir='ltr'>Πλάτων</span> <span class='ocrx_word' id='word_1_472' title='bbox 404 3009 561 3087; x_wconf 70' lang='lat' dir='ltr'><strong>threiciae.</strong></span> <span class='ocrx_word' id='word_1_473' title='bbox 582 3011 678 3069; x_wconf 83' lang='grc' dir='ltr'>Ταῦτα</span> <span class='ocrx_word' id='word_1_474' title='bbox 702 3007 749 3084; x_wconf 81' lang='grc' dir='ltr'><strong>μὲν</strong></span> <span class='ocrx_word' id='word_1_475' title='bbox 764 3011 778 3068; x_wconf 81' lang='grc' dir='ltr'><strong>ὁ</strong></span> <span class='ocrx_word' id='word_1_476' title='bbox 793 3007 919 3078; x_wconf 77' lang='grc' dir='ltr'>Ἀττικός.</span> <span class='ocrx_word' id='word_1_477' title='bbox 1022 3029 1080 3090; x_wconf 91' lang='lat' dir='ltr'><strong>qua</strong></span> <span class='ocrx_word' id='word_1_478' title='bbox 1100 3008 1147 3068; x_wconf 89' lang='lat' dir='ltr'><strong>vel</strong></span> <span class='ocrx_word' id='word_1_479' title='bbox 1164 3027 1283 3086; x_wconf 80' lang='lat' dir='ltr'><strong>agamus</strong></span> <span class='ocrx_word' id='word_1_480' title='bbox 1299 3006 1372 3084; x_wconf 93' lang='lat' dir='ltr'><strong>quid</strong></span> <span class='ocrx_word' id='word_1_481' title='bbox 1387 3005 1433 3065; x_wconf 90' lang='lat' dir='ltr'><strong>vel</strong></span> <span class='ocrx_word' id='word_1_482' title='bbox 1454 3005 1631 3080; x_wconf 79' lang='lat' dir='ltr'><strong>sentiamus,</strong></span> <span class='ocrx_word' id='word_1_483' title='bbox 1652 3007 1684 3065; x_wconf 92' lang='lat' dir='ltr'><strong>in</strong></span> <span class='ocrx_word' id='word_1_484' title='bbox 1707 3007 1803 3065; x_wconf 91' lang='lat' dir='ltr'><strong>omni-</strong></span> 
     </span>
     <span class='ocr_line' id='line_1_32' title="bbox 239 3093 1801 3177; baseline -0.004 -19"><span class='ocrx_word' id='word_1_485' title='bbox 239 3096 401 3176; x_wconf 86' lang='lat' dir='ltr'><strong>(Eusebiua</strong></span> <span class='ocrx_word' id='word_1_486' title='bbox 417 3097 543 3176; x_wconf 87' lang='lat' dir='ltr'><strong>Praepar.</strong></span> <span class='ocrx_word' id='word_1_487' title='bbox 562 3097 674 3172; x_wconf 83' lang='lat' dir='ltr'><strong>Evang.</strong></span> <span class='ocrx_word' id='word_1_488' title='bbox 692 3094 746 3156; x_wconf 92' lang='lat' dir='ltr'><strong>lih.</strong></span> <span class='ocrx_word' id='word_1_489' title='bbox 768 3095 826 3168; x_wconf 77' lang='lat' dir='ltr'><strong>xi,</strong></span> <span class='ocrx_word' id='word_1_490' title='bbox 840 3117 904 3177; x_wconf 89' lang='lat' dir='ltr'><strong>cap.</strong></span> <span class='ocrx_word' id='word_1_491' title='bbox 922 3099 973 3172; x_wconf 88' lang='grc' dir='ltr'>ΙΧ,</span> <span class='ocrx_word' id='word_1_492' title='bbox 1022 3099 1078 3158; x_wconf 88' lang='lat' dir='ltr'><strong>bus</strong></span> <span class='ocrx_word' id='word_1_493' title='bbox 1100 3097 1274 3176; x_wconf 83' lang='lat' dir='ltr'><strong>corporibus</strong></span> <span class='ocrx_word' id='word_1_494' title='bbox 1298 3095 1376 3154; x_wconf 81' lang='lat' dir='ltr'><strong>viris</strong></span> <span class='ocrx_word' id='word_1_495' title='bbox 1399 3093 1582 3173; x_wconf 81' lang='lat' dir='ltr'><strong>aequabiliter</strong></span> <span class='ocrx_word' id='word_1_496' title='bbox 1602 3113 1663 3162; x_wconf 81' lang='lat' dir='ltr'><strong>esse</strong></span> <span class='ocrx_word' id='word_1_497' title='bbox 1686 3095 1801 3171; x_wconf 84' lang='lat' dir='ltr'><strong>fusarra,</strong></span> 
     </span>
     <span class='ocr_line' id='line_1_33' title="bbox 198 3183 1803 3265; baseline 0.001 -23"><span class='ocrx_word' id='word_1_498' title='bbox 198 3189 242 3244; x_wconf 87' lang='grc' dir='ltr'><strong>τοῦ</strong></span> <span class='ocrx_word' id='word_1_499' title='bbox 259 3185 336 3243; x_wconf 85' lang='grc' dir='ltr'>αὐτοῦ</span> <span class='ocrx_word' id='word_1_500' title='bbox 353 3185 416 3264; x_wconf 83' lang='grc' dir='ltr'>πρὸς</span> <span class='ocrx_word' id='word_1_501' title='bbox 432 3184 474 3244; x_wconf 78' lang='grc' dir='ltr'><strong>τὸν</strong></span> <span class='ocrx_word' id='word_1_502' title='bbox 491 3183 585 3260; x_wconf 83' lang='grc' dir='ltr'>αὐτόν,</span> <span class='ocrx_word' id='word_1_503' title='bbox 600 3183 645 3241; x_wconf 88' lang='grc' dir='ltr'><strong>καῖ</strong></span> <span class='ocrx_word' id='word_1_504' title='bbox 658 3185 683 3241; x_wconf 81' lang='grc' dir='ltr'><strong>ἐν</strong></span> <span class='ocrx_word' id='word_1_505' title='bbox 695 3183 815 3262; x_wconf 75' lang='grc' dir='ltr'>τοῖςπερὶ</span> <span class='ocrx_word' id='word_1_506' title='bbox 832 3186 976 3253; x_wconf 80' lang='grc' dir='ltr'>ἀθανασίας</span> <span class='ocrx_word' id='word_1_507' title='bbox 1022 3205 1075 3246; x_wconf 85' lang='lat' dir='ltr'><strong>nec</strong></span> <span class='ocrx_word' id='word_1_508' title='bbox 1096 3185 1289 3265; x_wconf 76' lang='lat' dir='ltr'><strong>separabilem</strong></span> <span class='ocrx_word' id='word_1_509' title='bbox 1315 3203 1333 3241; x_wconf 85' lang='lat' dir='ltr'><strong>a</strong></span> <span class='ocrx_word' id='word_1_510' title='bbox 1354 3202 1477 3262; x_wconf 91' lang='lat' dir='ltr'><strong>corpore</strong></span> <span class='ocrx_word' id='word_1_511' title='bbox 1496 3203 1577 3257; x_wconf 89' lang='lat' dir='ltr'><strong>esse,</strong></span> <span class='ocrx_word' id='word_1_512' title='bbox 1606 3185 1717 3264; x_wconf 91' lang='lat' dir='ltr'><strong>quippe</strong></span> <span class='ocrx_word' id='word_1_513' title='bbox 1737 3205 1803 3262; x_wconf 71' lang='lat' dir='ltr'><strong>que</strong></span> 
     </span>
     <span class='ocr_line' id='line_1_34' title="bbox 197 3269 1802 3353; baseline -0.004 -14"><span class='ocrx_word' id='word_1_514' title='bbox 197 3275 284 3353; x_wconf 74' lang='grc' dir='ltr'>ψυχῆς</span> <span class='ocrx_word' id='word_1_515' title='bbox 303 3269 465 3352; x_wconf 75' lang='grc' dir='ltr'>διενεχθέντα</span> <span class='ocrx_word' id='word_1_516' title='bbox 486 3274 524 3352; x_wconf 82' lang='grc' dir='ltr'><strong>τῷ</strong></span> <span class='ocrx_word' id='word_1_517' title='bbox 545 3271 685 3344; x_wconf 85' lang='grc' dir='ltr'>Πλάτωνι,</span> <span class='ocrx_word' id='word_1_518' title='bbox 701 3269 745 3329; x_wconf 83' lang='grc' dir='ltr'><strong>καί</strong></span> <span class='ocrx_word' id='word_1_519' title='bbox 769 3277 821 3337; x_wconf 83' lang='grc' dir='ltr'>τοῖς</span> <span class='ocrx_word' id='word_1_520' title='bbox 842 3270 976 3353; x_wconf 80' lang='grc' dir='ltr'>Ἓθραίων</span> <span class='ocrx_word' id='word_1_521' title='bbox 1022 3275 1102 3335; x_wconf 89' lang='lat' dir='ltr'><strong>nulla</strong></span> <span class='ocrx_word' id='word_1_522' title='bbox 1115 3275 1171 3349; x_wconf 88' lang='lat' dir='ltr'><strong>sit,</strong></span> <span class='ocrx_word' id='word_1_523' title='bbox 1183 3293 1237 3333; x_wconf 87' lang='lat' dir='ltr'><strong>nec</strong></span> <span class='ocrx_word' id='word_1_524' title='bbox 1251 3274 1290 3333; x_wconf 89' lang='lat' dir='ltr'><strong>sit</strong></span> <span class='ocrx_word' id='word_1_525' title='bbox 1303 3273 1482 3352; x_wconf 87' lang='lat' dir='ltr'><strong>quidquam,</strong></span> <span class='ocrx_word' id='word_1_526' title='bbox 1502 3274 1559 3332; x_wconf 91' lang='lat' dir='ltr'><strong>nisi</strong></span> <span class='ocrx_word' id='word_1_527' title='bbox 1585 3293 1690 3352; x_wconf 89' lang='lat' dir='ltr'><strong>corpus</strong></span> <span class='ocrx_word' id='word_1_528' title='bbox 1710 3295 1802 3333; x_wconf 89' lang='lat' dir='ltr'><strong>unum</strong></span> 
     </span>
     <span class='ocr_line' id='line_1_35' title="bbox 198 3360 1804 3443; baseline 0.001 -22"><span class='ocrx_word' id='word_1_529' title='bbox 198 3360 292 3440; x_wconf 78' lang='grc' dir='ltr'>λόχοις.</span> <span class='ocrx_word' id='word_1_530' title='bbox 312 3365 402 3420; x_wconf 88' lang='lat' dir='ltr'><strong>Pauca</strong></span> <span class='ocrx_word' id='word_1_531' title='bbox 417 3361 465 3419; x_wconf 90' lang='lat' dir='ltr'><strong>hic</strong></span> <span class='ocrx_word' id='word_1_532' title='bbox 478 3364 642 3419; x_wconf 83' lang='lat' dir='ltr'><strong>notabimus</strong></span> <span class='ocrx_word' id='word_1_533' title='bbox 654 3365 685 3420; x_wconf 84' lang='lat'><strong>¹:</strong></span> <span class='ocrx_word' id='word_1_534' title='bbox 702 3367 789 3420; x_wconf 71' lang='grc' dir='ltr'>πᾶσαι</span> <span class='ocrx_word' id='word_1_535' title='bbox 807 3360 857 3440; x_wconf 71' lang='grc' dir='ltr'><strong>γὰρ</strong></span> <span class='ocrx_word' id='word_1_536' title='bbox 873 3363 899 3420; x_wconf 84' lang='grc' dir='ltr'>οἱ</span> <span class='ocrx_word' id='word_1_537' title='bbox 921 3385 976 3439; x_wconf 86' lang='grc' dir='ltr'><strong>μα·</strong></span> <span class='ocrx_word' id='word_1_538' title='bbox 1023 3377 1052 3424; x_wconf 89' lang='lat' dir='ltr'><strong>et</strong></span> <span class='ocrx_word' id='word_1_539' title='bbox 1063 3364 1204 3443; x_wconf 85' lang='lat' dir='ltr'><strong>simplex,</strong></span> <span class='ocrx_word' id='word_1_540' title='bbox 1219 3365 1258 3422; x_wconf 89' lang='lat' dir='ltr'><strong>ita</strong></span> <span class='ocrx_word' id='word_1_541' title='bbox 1276 3363 1449 3439; x_wconf 83' lang='lat' dir='ltr'><strong>figuratum,</strong></span> <span class='ocrx_word' id='word_1_542' title='bbox 1471 3363 1728 3442; x_wconf 84' lang='lat' dir='ltr'><strong>attemperatione</strong></span> <span class='ocrx_word' id='word_1_543' title='bbox 1752 3385 1804 3423; x_wconf 89' lang='lat' dir='ltr'><strong>na-</strong></span> 
     </span>
     <span class='ocr_line' id='line_1_36' title="bbox 199 3445 1805 3531; baseline -0.001 -22"><span class='ocrx_word' id='word_1_544' title='bbox 199 3449 301 3530; x_wconf 85' lang='grc' dir='ltr'>θήσεις,</span> <span class='ocrx_word' id='word_1_545' title='bbox 327 3445 503 3531; x_wconf 73' lang='grc' dir='ltr'>ἀναμνήσεις]</span> <span class='ocrx_word' id='word_1_546' title='bbox 520 3447 592 3506; x_wconf 85' lang='lat' dir='ltr'><strong>Vide</strong></span> <span class='ocrx_word' id='word_1_547' title='bbox 607 3447 756 3508; x_wconf 86' lang='lat' dir='ltr'><strong>Platonem</strong></span> <span class='ocrx_word' id='word_1_548' title='bbox 778 3450 810 3508; x_wconf 92' lang='lat' dir='ltr'><strong>in</strong></span> <span class='ocrx_word' id='word_1_549' title='bbox 831 3450 977 3510; x_wconf 85' lang='lat' dir='ltr'><strong>Phaedone</strong></span> <span class='ocrx_word' id='word_1_550' title='bbox 1023 3447 1096 3509; x_wconf 71' lang='lat' dir='ltr'><strong>ture</strong></span> <span class='ocrx_word' id='word_1_551' title='bbox 1111 3451 1208 3526; x_wconf 82' lang='lat' dir='ltr'><strong>vigeat</strong></span> <span class='ocrx_word' id='word_1_552' title='bbox 1221 3462 1249 3509; x_wconf 91' lang='lat' dir='ltr'><strong>et</strong></span> <span class='ocrx_word' id='word_1_553' title='bbox 1261 3451 1375 3512; x_wconf 89' lang='lat' dir='ltr'><strong>sentiat.</strong></span> <span class='ocrx_word' id='word_1_554' title='bbox 1392 3449 1472 3510; x_wconf 86' lang='lat' dir='ltr'><strong>Idem</strong></span> <span class='ocrx_word' id='word_1_555' title='bbox 1485 3447 1539 3508; x_wconf 89' lang='lat' dir='ltr'><strong>lib.</strong></span> <span class='ocrx_word' id='word_1_556' title='bbox 1556 3448 1581 3523; x_wconf 92' lang='lat'><strong>1,</strong></span> <span class='ocrx_word' id='word_1_557' title='bbox 1601 3451 1634 3508; x_wconf 81' lang='lat'><strong>31</strong></span> <span class='ocrx_word' id='word_1_558' title='bbox 1660 3449 1805 3509; x_wconf 86' lang='lat' dir='ltr'><strong>acerrime</strong></span> 
     </span>
     <span class='ocr_line' id='line_1_37' title="bbox 199 3533 1807 3618; baseline 0.001 -21"><span class='ocrx_word' id='word_1_559' title='bbox 199 3561 231 3618; x_wconf 90' lang='lat' dir='ltr'><strong>p.</strong></span> <span class='ocrx_word' id='word_1_560' title='bbox 248 3547 295 3612; x_wconf 70' lang='lat'><strong>74,</strong></span> <span class='ocrx_word' id='word_1_561' title='bbox 314 3539 376 3597; x_wconf 78' lang='lat' dir='ltr'><strong>det</strong></span> <span class='ocrx_word' id='word_1_562' title='bbox 389 3558 418 3618; x_wconf 92' lang='lat' dir='ltr'><strong>p.</strong></span> <span class='ocrx_word' id='word_1_563' title='bbox 440 3537 489 3611; x_wconf 86' lang='lat'><strong>75.</strong></span> <span class='ocrx_word' id='word_1_564' title='bbox 502 3537 542 3608; x_wconf 71' lang='grc' dir='ltr'>(ῖς</span> <span class='ocrx_word' id='word_1_565' title='bbox 557 3536 626 3594; x_wconf 89' lang='lat' dir='ltr'><strong>item</strong></span> <span class='ocrx_word' id='word_1_566' title='bbox 640 3533 752 3596; x_wconf 87' lang='lat' dir='ltr'><strong>Pbaedr.</strong></span> <span class='ocrx_word' id='word_1_567' title='bbox 768 3559 797 3616; x_wconf 90' lang='lat' dir='ltr'><strong>p.</strong></span> <span class='ocrx_word' id='word_1_568' title='bbox 811 3547 879 3616; x_wconf 70' lang='lat'><strong>²49·</strong></span> <span class='ocrx_word' id='word_1_569' title='bbox 897 3539 974 3600; x_wconf 87' lang='lat' dir='ltr'><strong>B.C.</strong></span> <span class='ocrx_word' id='word_1_570' title='bbox 1024 3551 1118 3598; x_wconf 88' lang='lat' dir='ltr'><strong>autem</strong></span> <span class='ocrx_word' id='word_1_571' title='bbox 1136 3537 1248 3597; x_wconf 83' lang='lat' dir='ltr'><strong>deliciae</strong></span> <span class='ocrx_word' id='word_1_572' title='bbox 1269 3555 1352 3611; x_wconf 81' lang='lat' dir='ltr'><strong>meae,</strong></span> <span class='ocrx_word' id='word_1_573' title='bbox 1377 3537 1580 3612; x_wconf 83' lang='lat' dir='ltr'><strong>Dicaearchus,</strong></span> <span class='ocrx_word' id='word_1_574' title='bbox 1602 3550 1704 3596; x_wconf 88' lang='lat' dir='ltr'><strong>contra</strong></span> <span class='ocrx_word' id='word_1_575' title='bbox 1727 3539 1807 3598; x_wconf 86' lang='lat' dir='ltr'><strong>hanc</strong></span> 
     </span>
     <span class='ocr_line' id='line_1_38' title="bbox 198 3621 1802 3706; baseline 0.001 -20"><span class='ocrx_word' id='word_1_576' title='bbox 198 3641 227 3686; x_wconf 91' lang='lat' dir='ltr'><strong>et</strong></span> <span class='ocrx_word' id='word_1_577' title='bbox 246 3627 351 3688; x_wconf 84' lang='lat' dir='ltr'><strong>Menon</strong></span> <span class='ocrx_word' id='word_1_578' title='bbox 371 3647 401 3704; x_wconf 85' lang='lat' dir='ltr'><strong>p.</strong></span> <span class='ocrx_word' id='word_1_579' title='bbox 419 3626 457 3683; x_wconf 83' lang='grc' dir='ltr'>8ο</span> <span class='ocrx_word' id='word_1_580' title='bbox 472 3625 504 3685; x_wconf 88' lang='lat' dir='ltr'><strong>B.</strong></span> <span class='ocrx_word' id='word_1_581' title='bbox 522 3656 562 3669; x_wconf 96' lang='lat'>-</span> <span class='ocrx_word' id='word_1_582' title='bbox 576 3621 589 3658; x_wconf 67' lang='grc' dir='ltr'>θ</span> <span class='ocrx_word' id='word_1_583' title='bbox 602 3621 717 3704; x_wconf 81' lang='grc' dir='ltr'>τοσούτῳ</span> <span class='ocrx_word' id='word_1_584' title='bbox 733 3625 764 3696; x_wconf 79' lang='grc' dir='ltr'><strong>δὴ</strong></span> <span class='ocrx_word' id='word_1_585' title='bbox 780 3622 973 3706; x_wconf 73' lang='grc' dir='ltr'>ἐφιλονείκησε]</span> <span class='ocrx_word' id='word_1_586' title='bbox 1024 3625 1270 3685; x_wconf 89' lang='lat' dir='ltr'><strong>immortalitatem</strong></span> <span class='ocrx_word' id='word_1_587' title='bbox 1295 3625 1445 3686; x_wconf 85' lang='lat' dir='ltr'><strong>disseruit.</strong></span> <span class='ocrx_word' id='word_1_588' title='bbox 1469 3624 1498 3683; x_wconf 90' lang='lat' dir='ltr'><strong>ls</strong></span> <span class='ocrx_word' id='word_1_589' title='bbox 1516 3625 1593 3686; x_wconf 87' lang='lat' dir='ltr'><strong>enim</strong></span> <span class='ocrx_word' id='word_1_590' title='bbox 1623 3638 1683 3684; x_wconf 90' lang='lat' dir='ltr'><strong>tres</strong></span> <span class='ocrx_word' id='word_1_591' title='bbox 1709 3626 1802 3686; x_wconf 84' lang='lat' dir='ltr'><strong>libres</strong></span> 
     </span>
     <span class='ocr_line' id='line_1_39' title="bbox 198 3711 1803 3797; baseline -0.001 -21"><span class='ocrx_word' id='word_1_592' title='bbox 198 3717 303 3797; x_wconf 85' lang='lat' dir='ltr'><strong>scripsi</strong></span> <span class='ocrx_word' id='word_1_593' title='bbox 325 3735 342 3775; x_wconf 89' lang='lat' dir='ltr'><strong>e</strong></span> <span class='ocrx_word' id='word_1_594' title='bbox 363 3715 462 3792; x_wconf 77' lang='lat' dir='ltr'><strong>vigeri</strong></span> <span class='ocrx_word' id='word_1_595' title='bbox 485 3711 668 3790; x_wconf 88' lang='lat' dir='ltr'><strong>conjectura;</strong></span> <span class='ocrx_word' id='word_1_596' title='bbox 695 3713 781 3787; x_wconf 85' lang='lat' dir='ltr'><strong>codd.</strong></span> <span class='ocrx_word' id='word_1_597' title='bbox 799 3713 829 3771; x_wconf 87' lang='grc' dir='ltr'><strong>τὸ</strong></span> <span class='ocrx_word' id='word_1_598' title='bbox 846 3716 924 3790; x_wconf 84' lang='grc' dir='ltr'>σῶμα</span> <span class='ocrx_word' id='word_1_599' title='bbox 949 3713 976 3772; x_wconf 80' lang='grc' dir='ltr'><strong>δέ</strong></span> <span class='ocrx_word' id='word_1_600' title='bbox 1024 3715 1158 3794; x_wconf 87' lang='lat' dir='ltr'><strong>scripsit,</strong></span> <span class='ocrx_word' id='word_1_601' title='bbox 1173 3715 1224 3792; x_wconf 91' lang='lat' dir='ltr'><strong>qui</strong></span> <span class='ocrx_word' id='word_1_602' title='bbox 1240 3713 1374 3773; x_wconf 90' lang='lat' dir='ltr'><strong>Lesbiaci</strong></span> <span class='ocrx_word' id='word_1_603' title='bbox 1385 3727 1539 3786; x_wconf 85' lang='lat' dir='ltr'><strong>vocantur,</strong></span> <span class='ocrx_word' id='word_1_604' title='bbox 1560 3713 1638 3792; x_wconf 89' lang='lat' dir='ltr'><strong>quod</strong></span> <span class='ocrx_word' id='word_1_605' title='bbox 1653 3713 1803 3793; x_wconf 78' lang='lat' dir='ltr'><strong>Mitylenis</strong></span> 
     </span>
     <span class='ocr_line' id='line_1_40' title="bbox 197 3799 1803 3884; baseline 0 -22"><span class='ocrx_word' id='word_1_606' title='bbox 197 3802 385 3884; x_wconf 83' lang='grc' dir='ltr'>ῖφιλονείκησε.</span> <span class='ocrx_word' id='word_1_607' title='bbox 398 3836 435 3848; x_wconf 93' lang='grc'>-</span> <span class='ocrx_word' id='word_1_608' title='bbox 449 3808 460 3838; x_wconf 86' lang='lat'>⁸</span> <span class='ocrx_word' id='word_1_609' title='bbox 474 3799 533 3861; x_wconf 78' lang='grc' dir='ltr'>οὔτε</span> <span class='ocrx_word' id='word_1_610' title='bbox 549 3799 601 3881; x_wconf 77' lang='grc' dir='ltr'><strong>γάρ</strong></span> <span class='ocrx_word' id='word_1_611' title='bbox 617 3801 742 3879; x_wconf 87' lang='grc' dir='ltr'>πνεῦμα]</span> <span class='ocrx_word' id='word_1_612' title='bbox 758 3801 820 3878; x_wconf 83' lang='lat' dir='ltr'><strong>lege</strong></span> <span class='ocrx_word' id='word_1_613' title='bbox 833 3801 975 3861; x_wconf 77' lang='lat' dir='ltr'><strong>Aristote-</strong></span> <span class='ocrx_word' id='word_1_614' title='bbox 1024 3823 1120 3863; x_wconf 87' lang='lat' dir='ltr'><strong>sermo</strong></span> <span class='ocrx_word' id='word_1_615' title='bbox 1130 3803 1270 3877; x_wconf 72' lang='lat' dir='ltr'><strong>habetur,</strong></span> <span class='ocrx_word' id='word_1_616' title='bbox 1289 3803 1443 3881; x_wconf 90' lang='lat' dir='ltr'><strong>inquibus</strong></span> <span class='ocrx_word' id='word_1_617' title='bbox 1460 3802 1525 3862; x_wconf 86' lang='lat' dir='ltr'><strong>vult</strong></span> <span class='ocrx_word' id='word_1_618' title='bbox 1537 3802 1663 3876; x_wconf 83' lang='lat' dir='ltr'><strong>efficere,</strong></span> <span class='ocrx_word' id='word_1_619' title='bbox 1686 3805 1803 3862; x_wconf 88' lang='lat' dir='ltr'><strong>animos</strong></span> 
     </span>
    </p>
   </div>
   <div class='ocr_carea' id='block_1_3' title="bbox 195 4019 1805 5237">
    <p class='ocr_par' dir='ltr' id='par_1_3' title="bbox 195 4019 1805 5237">
     <span class='ocr_line' id='line_1_41' title="bbox 197 4019 1805 4086; baseline 0.003 -17"><span class='ocrx_word' id='word_1_620' title='bbox 197 4019 279 4071; x_wconf 86' lang='lat' dir='ltr'><strong>buerit</strong></span> <span class='ocrx_word' id='word_1_621' title='bbox 294 4019 332 4068; x_wconf 80' lang='lat' dir='ltr'><strong>:is</strong></span> <span class='ocrx_word' id='word_1_622' title='bbox 350 4019 460 4083; x_wconf 86' lang='lat' dir='ltr'><strong>proiecte</strong></span> <span class='ocrx_word' id='word_1_623' title='bbox 480 4019 541 4069; x_wconf 88' lang='lat' dir='ltr'><strong>nihii</strong></span> <span class='ocrx_word' id='word_1_624' title='bbox 560 4020 698 4083; x_wconf 88' lang='lat' dir='ltr'><strong>relinquet,</strong></span> <span class='ocrx_word' id='word_1_625' title='bbox 711 4020 776 4070; x_wconf 81' lang='lat' dir='ltr'><strong>unde</strong></span> <span class='ocrx_word' id='word_1_626' title='bbox 796 4019 905 4070; x_wconf 74' lang='lat' dir='ltr'><strong>auhsum</strong></span> <span class='ocrx_word' id='word_1_627' title='bbox 924 4033 979 4070; x_wconf 87' lang='lat' dir='ltr'><strong>esse</strong></span> <span class='ocrx_word' id='word_1_628' title='bbox 1028 4021 1260 4086; x_wconf 64' lang='lat' dir='ltr'><strong>tacitaetacitae</strong></span> <span class='ocrx_word' id='word_1_629' title='bbox 1277 4021 1360 4086; x_wconf 87' lang='lat' dir='ltr'><strong>potius</strong></span> <span class='ocrx_word' id='word_1_630' title='bbox 1376 4019 1494 4070; x_wconf 88' lang='lat' dir='ltr'><strong>orationis</strong></span> <span class='ocrx_word' id='word_1_631' title='bbox 1505 4019 1656 4072; x_wconf 87' lang='lat' dir='ltr'><strong>obscuritate</strong></span> <span class='ocrx_word' id='word_1_632' title='bbox 1669 4032 1740 4070; x_wconf 84' lang='lat' dir='ltr'><strong>saara</strong></span> <span class='ocrx_word' id='word_1_633' title='bbox 1757 4021 1805 4074; x_wconf 83' lang='lat' dir='ltr'><strong>hat:</strong></span> 
     </span>
     <span class='ocr_line' id='line_1_42' title="bbox 199 4107 1805 4184; baseline 0.002 -27"><span class='ocrx_word' id='word_1_634' title='bbox 199 4109 326 4172; x_wconf 84' lang='lat' dir='ltr'><strong>appareat,</strong></span> <span class='ocrx_word' id='word_1_635' title='bbox 342 4107 382 4157; x_wconf 83' lang='lat' dir='ltr'><strong>ret</strong></span> <span class='ocrx_word' id='word_1_636' title='bbox 397 4120 471 4170; x_wconf 89' lang='lat' dir='ltr'><strong>quem</strong></span> <span class='ocrx_word' id='word_1_637' title='bbox 489 4107 600 4173; x_wconf 76' lang='lat' dir='ltr'><strong>prebeat</strong></span> <span class='ocrx_word' id='word_1_638' title='bbox 622 4121 710 4171; x_wconf 89' lang='lat' dir='ltr'><strong>usum,</strong></span> <span class='ocrx_word' id='word_1_639' title='bbox 732 4109 890 4175; x_wconf 77' lang='lat' dir='ltr'><strong>intelligatur.</strong></span> <span class='ocrx_word' id='word_1_640' title='bbox 913 4109 977 4170; x_wconf 87' lang='lat' dir='ltr'><strong>Quid</strong></span> <span class='ocrx_word' id='word_1_641' title='bbox 1024 4109 1050 4159; x_wconf 92' lang='lat' dir='ltr'><strong>in</strong></span> <span class='ocrx_word' id='word_1_642' title='bbox 1066 4122 1093 4184; x_wconf 83' lang='lat' dir='ltr'><strong>re</strong></span> <span class='ocrx_word' id='word_1_643' title='bbox 1106 4107 1284 4160; x_wconf 85' lang='lat' dir='ltr'><strong>dubitationem</strong></span> <span class='ocrx_word' id='word_1_644' title='bbox 1306 4107 1480 4172; x_wconf 81' lang='lat' dir='ltr'><strong>dissmautaus,</strong></span> <span class='ocrx_word' id='word_1_645' title='bbox 1502 4121 1587 4158; x_wconf 82' lang='lat' dir='ltr'><strong>ansam</strong></span> <span class='ocrx_word' id='word_1_646' title='bbox 1607 4107 1805 4171; x_wconf 82' lang='lat' dir='ltr'><strong>reprehensionis</strong></span> 
     </span>
     <span class='ocr_line' id='line_1_43' title="bbox 198 4195 1803 4262; baseline 0 -16"><span class='ocrx_word' id='word_1_647' title='bbox 198 4195 273 4258; x_wconf 68' lang='lat' dir='ltr'><strong>ipitur</strong></span> <span class='ocrx_word' id='word_1_648' title='bbox 293 4195 355 4258; x_wconf 86' lang='lat' dir='ltr'><strong>opis,</strong></span> <span class='ocrx_word' id='word_1_649' title='bbox 375 4195 418 4258; x_wconf 88' lang='lat' dir='ltr'><strong>qui</strong></span> <span class='ocrx_word' id='word_1_650' title='bbox 436 4196 545 4245; x_wconf 89' lang='lat' dir='ltr'><strong>animum</strong></span> <span class='ocrx_word' id='word_1_651' title='bbox 565 4197 728 4248; x_wconf 80' lang='lat' dir='ltr'><strong>inmortalem</strong></span> <span class='ocrx_word' id='word_1_652' title='bbox 741 4212 795 4248; x_wconf 87' lang='lat' dir='ltr'><strong>esse</strong></span> <span class='ocrx_word' id='word_1_653' title='bbox 813 4199 932 4260; x_wconf 76' lang='lat' dir='ltr'><strong>defendit,</strong></span> <span class='ocrx_word' id='word_1_654' title='bbox 947 4199 979 4248; x_wconf 87' lang='lat' dir='ltr'><strong>ab</strong></span> <span class='ocrx_word' id='word_1_655' title='bbox 1023 4198 1102 4261; x_wconf 81' lang='lat' dir='ltr'><strong>attat,</strong></span> <span class='ocrx_word' id='word_1_656' title='bbox 1122 4211 1152 4248; x_wconf 87' lang='lat' dir='ltr'><strong>ee</strong></span> <span class='ocrx_word' id='word_1_657' title='bbox 1164 4197 1289 4262; x_wconf 86' lang='lat' dir='ltr'><strong>sepiarum</strong></span> <span class='ocrx_word' id='word_1_658' title='bbox 1304 4211 1374 4248; x_wconf 87' lang='lat' dir='ltr'><strong>mere</strong></span> <span class='ocrx_word' id='word_1_659' title='bbox 1393 4195 1501 4248; x_wconf 63' lang='lat' dir='ltr'><strong>enebris</strong></span> <span class='ocrx_word' id='word_1_660' title='bbox 1524 4209 1596 4260; x_wconf 85' lang='lat' dir='ltr'><strong>sese,</strong></span> <span class='ocrx_word' id='word_1_661' title='bbox 1611 4209 1661 4260; x_wconf 87' lang='lat' dir='ltr'><strong>quo</strong></span> <span class='ocrx_word' id='word_1_662' title='bbox 1676 4196 1803 4248; x_wconf 81' lang='lat' dir='ltr'><strong>difficilius</strong></span> 
     </span>
     <span class='ocr_line' id='line_1_44' title="bbox 198 4283 1804 4351; baseline 0 -15"><span class='ocrx_word' id='word_1_663' title='bbox 198 4299 227 4336; x_wconf 89' lang='lat' dir='ltr'><strong>ee</strong></span> <span class='ocrx_word' id='word_1_664' title='bbox 238 4283 281 4348; x_wconf 86' lang='lat' dir='ltr'><strong>qui</strong></span> <span class='ocrx_word' id='word_1_665' title='bbox 301 4283 409 4333; x_wconf 88' lang='lat' dir='ltr'><strong>animum</strong></span> <span class='ocrx_word' id='word_1_666' title='bbox 425 4284 507 4348; x_wconf 88' lang='lat' dir='ltr'><strong>ipsum</strong></span> <span class='ocrx_word' id='word_1_667' title='bbox 524 4288 604 4334; x_wconf 89' lang='lat' dir='ltr'><strong>morte</strong></span> <span class='ocrx_word' id='word_1_668' title='bbox 625 4285 711 4348; x_wconf 83' lang='lat' dir='ltr'><strong>allicit,</strong></span> <span class='ocrx_word' id='word_1_669' title='bbox 729 4289 870 4349; x_wconf 67' lang='lat' dir='ltr'><strong>exspectare</strong></span> <span class='ocrx_word' id='word_1_670' title='bbox 885 4289 980 4351; x_wconf 61' lang='lat' dir='ltr'><strong>queat»</strong></span> <span class='ocrx_word' id='word_1_671' title='bbox 1023 4284 1143 4349; x_wconf 78' lang='lat' dir='ltr'><strong>raptatam,</strong></span> <span class='ocrx_word' id='word_1_672' title='bbox 1153 4283 1266 4336; x_wconf 79' lang='lat' dir='ltr'><strong>invoivit.</strong></span> <span class='ocrx_word' id='word_1_673' title='bbox 1280 4287 1437 4349; x_wconf 83' lang='lat' dir='ltr'><strong>Quamquam</strong></span> <span class='ocrx_word' id='word_1_674' title='bbox 1446 4284 1478 4336; x_wconf 86' lang='lat' dir='ltr'><strong>de</strong></span> <span class='ocrx_word' id='word_1_675' title='bbox 1490 4283 1529 4335; x_wconf 85' lang='lat' dir='ltr'><strong>lais</strong></span> <span class='ocrx_word' id='word_1_676' title='bbox 1538 4283 1612 4334; x_wconf 88' lang='lat' dir='ltr'><strong>rebus</strong></span> <span class='ocrx_word' id='word_1_677' title='bbox 1623 4283 1804 4336; x_wconf 83' lang='lat' dir='ltr'><strong>omninoatian</strong></span> 
     </span>
     <span class='ocr_line' id='line_1_45' title="bbox 198 4371 1804 4444; baseline -0.001 -20"><span class='ocrx_word' id='word_1_678' title='bbox 198 4377 241 4424; x_wconf 90' lang='lat' dir='ltr'><strong>aut</strong></span> <span class='ocrx_word' id='word_1_679' title='bbox 256 4372 300 4436; x_wconf 90' lang='lat' dir='ltr'><strong>qui</strong></span> <span class='ocrx_word' id='word_1_680' title='bbox 316 4371 384 4420; x_wconf 84' lang='lat' dir='ltr'><strong>modi</strong></span> <span class='ocrx_word' id='word_1_681' title='bbox 398 4372 463 4436; x_wconf 85' lang='lat' dir='ltr'><strong>ejus,</strong></span> <span class='ocrx_word' id='word_1_682' title='bbox 478 4385 527 4444; x_wconf 80' lang='lat' dir='ltr'><strong>quo</strong></span> <span class='ocrx_word' id='word_1_683' title='bbox 537 4385 579 4435; x_wconf 88' lang='lat' dir='ltr'><strong>per</strong></span> <span class='ocrx_word' id='word_1_684' title='bbox 589 4386 644 4424; x_wconf 88' lang='lat' dir='ltr'><strong>sese</strong></span> <span class='ocrx_word' id='word_1_685' title='bbox 658 4373 727 4423; x_wconf 87' lang='lat' dir='ltr'><strong>ilium</strong></span> <span class='ocrx_word' id='word_1_686' title='bbox 744 4373 838 4424; x_wconf 88' lang='lat' dir='ltr'><strong>mereri</strong></span> <span class='ocrx_word' id='word_1_687' title='bbox 854 4373 973 4438; x_wconf 81' lang='lat' dir='ltr'><strong>dicimus,</strong></span> <span class='ocrx_word' id='word_1_688' title='bbox 1023 4372 1151 4424; x_wconf 83' lang='lat' dir='ltr'><strong>aPlatoue</strong></span> <span class='ocrx_word' id='word_1_689' title='bbox 1163 4374 1286 4424; x_wconf 72' lang='lat' dir='ltr'><strong>ueneat.</strong></span> <span class='ocrx_word' id='word_1_690' title='bbox 1305 4375 1331 4424; x_wconf 89' lang='lat' dir='ltr'><strong>ls</strong></span> <span class='ocrx_word' id='word_1_691' title='bbox 1343 4373 1408 4425; x_wconf 89' lang='lat' dir='ltr'><strong>caim</strong></span> <span class='ocrx_word' id='word_1_692' title='bbox 1428 4375 1536 4424; x_wconf 86' lang='lat' dir='ltr'><strong>mentera</strong></span> <span class='ocrx_word' id='word_1_693' title='bbox 1549 4377 1623 4437; x_wconf 78' lang='lat' dir='ltr'><strong>negat</strong></span> <span class='ocrx_word' id='word_1_694' title='bbox 1638 4385 1750 4424; x_wconf 86' lang='lat' dir='ltr'><strong>seersum</strong></span> <span class='ocrx_word' id='word_1_695' title='bbox 1771 4373 1804 4422; x_wconf 79' lang='lat' dir='ltr'><strong>atr</strong></span> 
     </span>
     <span class='ocr_line' id='line_1_46' title="bbox 197 4459 1803 4528; baseline -0.002 -14"><span class='ocrx_word' id='word_1_696' title='bbox 197 4463 228 4514; x_wconf 89' lang='lat' dir='ltr'><strong>ah</strong></span> <span class='ocrx_word' id='word_1_697' title='bbox 241 4460 272 4511; x_wconf 91' lang='lat' dir='ltr'><strong>iis</strong></span> <span class='ocrx_word' id='word_1_698' title='bbox 283 4459 395 4510; x_wconf 90' lang='lat' dir='ltr'><strong>doctrina</strong></span> <span class='ocrx_word' id='word_1_699' title='bbox 405 4459 453 4510; x_wconf 88' lang='lat' dir='ltr'><strong>ulla</strong></span> <span class='ocrx_word' id='word_1_700' title='bbox 467 4463 587 4524; x_wconf 88' lang='lat' dir='ltr'><strong>speretur,</strong></span> <span class='ocrx_word' id='word_1_701' title='bbox 603 4461 647 4524; x_wconf 93' lang='lat' dir='ltr'><strong>qui</strong></span> <span class='ocrx_word' id='word_1_702' title='bbox 661 4461 754 4512; x_wconf 89' lang='lat' dir='ltr'><strong>nullum</strong></span> <span class='ocrx_word' id='word_1_703' title='bbox 768 4463 907 4527; x_wconf 86' lang='lat' dir='ltr'><strong>prorsusei</strong></span> <span class='ocrx_word' id='word_1_704' title='bbox 923 4477 976 4514; x_wconf 91' lang='lat' dir='ltr'><strong>mo·</strong></span> <span class='ocrx_word' id='word_1_705' title='bbox 1023 4463 1105 4514; x_wconf 84' lang='lat' dir='ltr'><strong>auinm</strong></span> <span class='ocrx_word' id='word_1_706' title='bbox 1115 4475 1187 4528; x_wconf 83' lang='lat' dir='ltr'><strong>posse</strong></span> <span class='ocrx_word' id='word_1_707' title='bbox 1198 4461 1331 4514; x_wconf 79' lang='lat' dir='ltr'><strong>comittere</strong></span> <span class='ocrx_word' id='word_1_708' title='bbox 1352 4483 1359 4514; x_wconf 85' lang='grc' dir='ltr'>ι</span> <span class='ocrx_word' id='word_1_709' title='bbox 1380 4461 1523 4514; x_wconf 79' lang='lat' dir='ltr'><strong>Aristoteles</strong></span> <span class='ocrx_word' id='word_1_710' title='bbox 1543 4463 1628 4513; x_wconf 88' lang='lat' dir='ltr'><strong>eontra</strong></span> <span class='ocrx_word' id='word_1_711' title='bbox 1646 4465 1755 4513; x_wconf 89' lang='lat' dir='ltr'><strong>mentem</strong></span> <span class='ocrx_word' id='word_1_712' title='bbox 1770 4460 1803 4511; x_wconf 88' lang='lat' dir='ltr'><strong>ah</strong></span> 
     </span>
     <span class='ocr_line' id='line_1_47' title="bbox 197 4547 1805 4616; baseline 0.001 -17"><span class='ocrx_word' id='word_1_713' title='bbox 197 4553 249 4599; x_wconf 91' lang='lat' dir='ltr'><strong>tum</strong></span> <span class='ocrx_word' id='word_1_714' title='bbox 268 4547 422 4598; x_wconf 81' lang='lat' dir='ltr'><strong>concedant?</strong></span> <span class='ocrx_word' id='word_1_715' title='bbox 435 4549 512 4610; x_wconf 85' lang='lat' dir='ltr'><strong>Sane,</strong></span> <span class='ocrx_word' id='word_1_716' title='bbox 526 4547 773 4614; x_wconf 87' lang='lat' dir='ltr'><strong>inquietquispiam:</strong></span> <span class='ocrx_word' id='word_1_717' title='bbox 791 4551 896 4602; x_wconf 87' lang='lat' dir='ltr'><strong>atcerte</strong></span> <span class='ocrx_word' id='word_1_718' title='bbox 909 4551 977 4614; x_wconf 87' lang='lat' dir='ltr'><strong>quod</strong></span> <span class='ocrx_word' id='word_1_719' title='bbox 1023 4551 1105 4601; x_wconf 88' lang='lat' dir='ltr'><strong>anime</strong></span> <span class='ocrx_word' id='word_1_720' title='bbox 1118 4553 1223 4616; x_wconf 88' lang='lat' dir='ltr'><strong>separat.</strong></span> <span class='ocrx_word' id='word_1_721' title='bbox 1250 4549 1564 4602; x_wconf 80' lang='lat' dir='ltr'><strong>Dcmrieinmaortatitatem</strong></span> <span class='ocrx_word' id='word_1_722' title='bbox 1581 4547 1660 4610; x_wconf 83' lang='lat' dir='ltr'><strong>Plato,</strong></span> <span class='ocrx_word' id='word_1_723' title='bbox 1674 4547 1741 4614; x_wconf 87' lang='lat' dir='ltr'><strong>qued</strong></span> <span class='ocrx_word' id='word_1_724' title='bbox 1758 4547 1805 4600; x_wconf 80' lang='lat' dir='ltr'><strong>alt·</strong></span> 
     </span>
     <span class='ocr_line' id='line_1_48' title="bbox 196 4635 1804 4702; baseline -0.002 -13"><span class='ocrx_word' id='word_1_725' title='bbox 196 4637 228 4688; x_wconf 84' lang='lat' dir='ltr'><strong>ad</strong></span> <span class='ocrx_word' id='word_1_726' title='bbox 242 4637 332 4689; x_wconf 90' lang='lat' dir='ltr'><strong>mentis</strong></span> <span class='ocrx_word' id='word_1_727' title='bbox 343 4636 552 4687; x_wconf 87' lang='lat' dir='ltr'><strong>immortalitatem</strong></span> <span class='ocrx_word' id='word_1_728' title='bbox 566 4637 671 4701; x_wconf 83' lang='lat' dir='ltr'><strong>attinet,</strong></span> <span class='ocrx_word' id='word_1_729' title='bbox 689 4637 834 4690; x_wconf 81' lang='lat' dir='ltr'><strong>Aristoteles</strong></span> <span class='ocrx_word' id='word_1_730' title='bbox 849 4653 907 4690; x_wconf 88' lang='lat' dir='ltr'><strong>oum</strong></span> <span class='ocrx_word' id='word_1_731' title='bbox 919 4640 973 4691; x_wconf 83' lang='lat' dir='ltr'><strong>Pla·</strong></span> <span class='ocrx_word' id='word_1_732' title='bbox 1023 4637 1062 4688; x_wconf 88' lang='lat' dir='ltr'><strong>ter</strong></span> <span class='ocrx_word' id='word_1_733' title='bbox 1074 4637 1128 4688; x_wconf 87' lang='lat' dir='ltr'><strong>fleri</strong></span> <span class='ocrx_word' id='word_1_734' title='bbox 1140 4651 1189 4688; x_wconf 89' lang='lat' dir='ltr'><strong>uon</strong></span> <span class='ocrx_word' id='word_1_735' title='bbox 1202 4639 1295 4702; x_wconf 86' lang='lat' dir='ltr'><strong>possit,</strong></span> <span class='ocrx_word' id='word_1_736' title='bbox 1317 4637 1393 4688; x_wconf 83' lang='lat' dir='ltr'><strong>menti</strong></span> <span class='ocrx_word' id='word_1_737' title='bbox 1405 4651 1465 4688; x_wconf 89' lang='lat' dir='ltr'><strong>cum</strong></span> <span class='ocrx_word' id='word_1_738' title='bbox 1481 4636 1562 4687; x_wconf 90' lang='lat' dir='ltr'><strong>animo</strong></span> <span class='ocrx_word' id='word_1_739' title='bbox 1578 4635 1717 4702; x_wconf 77' lang='lat' dir='ltr'><strong>conjunctae</strong></span> <span class='ocrx_word' id='word_1_740' title='bbox 1728 4637 1804 4686; x_wconf 87' lang='lat' dir='ltr'><strong>attri-</strong></span> 
     </span>
     <span class='ocr_line' id='line_1_49' title="bbox 195 4724 1805 4794; baseline 0.001 -17"><span class='ocrx_word' id='word_1_741' title='bbox 195 4727 253 4778; x_wconf 85' lang='lat' dir='ltr'><strong>toue</strong></span> <span class='ocrx_word' id='word_1_742' title='bbox 264 4725 393 4777; x_wconf 84' lang='lat' dir='ltr'><strong>consentit.</strong></span> <span class='ocrx_word' id='word_1_743' title='bbox 408 4725 505 4775; x_wconf 81' lang='lat' dir='ltr'><strong>Etenim</strong></span> <span class='ocrx_word' id='word_1_744' title='bbox 516 4724 597 4774; x_wconf 89' lang='lat' dir='ltr'><strong>sinon</strong></span> <span class='ocrx_word' id='word_1_745' title='bbox 613 4737 710 4776; x_wconf 87' lang='lat' dir='ltr'><strong>omnem</strong></span> <span class='ocrx_word' id='word_1_746' title='bbox 725 4727 832 4777; x_wconf 91' lang='lat' dir='ltr'><strong>animum</strong></span> <span class='ocrx_word' id='word_1_747' title='bbox 848 4727 976 4779; x_wconf 79' lang='lat' dir='ltr'><strong>mmeraa-</strong></span> <span class='ocrx_word' id='word_1_748' title='bbox 1022 4731 1089 4794; x_wconf 86' lang='lat' dir='ltr'><strong>huit,</strong></span> <span class='ocrx_word' id='word_1_749' title='bbox 1104 4745 1179 4794; x_wconf 91' lang='lat' dir='ltr'><strong>quam</strong></span> <span class='ocrx_word' id='word_1_750' title='bbox 1198 4731 1255 4781; x_wconf 88' lang='lat' dir='ltr'><strong>huie</strong></span> <span class='ocrx_word' id='word_1_751' title='bbox 1271 4729 1317 4780; x_wconf 87' lang='lat' dir='ltr'><strong>soii</strong></span> <span class='ocrx_word' id='word_1_752' title='bbox 1329 4733 1356 4781; x_wconf 92' lang='lat' dir='ltr'><strong>et</strong></span> <span class='ocrx_word' id='word_1_753' title='bbox 1367 4729 1399 4782; x_wconf 85' lang='lat' dir='ltr'><strong>ab</strong></span> <span class='ocrx_word' id='word_1_754' title='bbox 1415 4729 1497 4780; x_wconf 89' lang='lat' dir='ltr'><strong>animo</strong></span> <span class='ocrx_word' id='word_1_755' title='bbox 1514 4727 1645 4793; x_wconf 71' lang='lat' dir='ltr'><strong>albionem</strong></span> <span class='ocrx_word' id='word_1_756' title='bbox 1663 4724 1805 4794; x_wconf 71' lang='lat' dir='ltr'><strong>contingere</strong></span> 
     </span>
     <span class='ocr_line' id='line_1_50' title="bbox 195 4813 1804 4882; baseline 0.001 -17"><span class='ocrx_word' id='word_1_757' title='bbox 195 4815 381 4876; x_wconf 82' lang='lat' dir='ltr'><strong>tornasserutt,</strong></span> <span class='ocrx_word' id='word_1_758' title='bbox 394 4814 538 4864; x_wconf 84' lang='lat' dir='ltr'><strong>atmentem</strong></span> <span class='ocrx_word' id='word_1_759' title='bbox 551 4813 636 4864; x_wconf 85' lang='lat' dir='ltr'><strong>saltem</strong></span> <span class='ocrx_word' id='word_1_760' title='bbox 651 4813 759 4864; x_wconf 68' lang='lat' dir='ltr'><strong>hainam</strong></span> <span class='ocrx_word' id='word_1_761' title='bbox 773 4818 797 4866; x_wconf 92' lang='lat' dir='ltr'><strong>et</strong></span> <span class='ocrx_word' id='word_1_762' title='bbox 809 4815 976 4880; x_wconf 83' lang='lat' dir='ltr'><strong>incorruptam</strong></span> <span class='ocrx_word' id='word_1_763' title='bbox 1023 4818 1155 4870; x_wconf 86' lang='lat' dir='ltr'><strong>arbitratur</strong></span> <span class='ocrx_word' id='word_1_764' title='bbox 1175 4817 1327 4870; x_wconf 79' lang='lat' dir='ltr'><strong>Aristoteles.</strong></span> <span class='ocrx_word' id='word_1_765' title='bbox 1352 4821 1497 4880; x_wconf 85' lang='lat' dir='ltr'><strong>Postremo,</strong></span> <span class='ocrx_word' id='word_1_766' title='bbox 1518 4815 1627 4882; x_wconf 81' lang='lat' dir='ltr'><strong>migrare</strong></span> <span class='ocrx_word' id='word_1_767' title='bbox 1644 4815 1755 4866; x_wconf 80' lang='lat' dir='ltr'><strong>smmum</strong></span> <span class='ocrx_word' id='word_1_768' title='bbox 1771 4827 1804 4866; x_wconf 82' lang='lat' dir='ltr'><strong>ex</strong></span> 
     </span>
     <span class='ocr_line' id='line_1_51' title="bbox 195 4902 1804 4972; baseline 0 -18"><span class='ocrx_word' id='word_1_769' title='bbox 195 4915 251 4954; x_wconf 86' lang='lat' dir='ltr'><strong>esse</strong></span> <span class='ocrx_word' id='word_1_770' title='bbox 272 4903 374 4954; x_wconf 80' lang='lat' dir='ltr'><strong>latetur.</strong></span> <span class='ocrx_word' id='word_1_771' title='bbox 389 4905 452 4968; x_wconf 78' lang='lat' dir='ltr'><strong>Ergo</strong></span> <span class='ocrx_word' id='word_1_772' title='bbox 469 4916 527 4965; x_wconf 79' lang='lat' dir='ltr'><strong>quaa</strong></span> <span class='ocrx_word' id='word_1_773' title='bbox 546 4903 636 4952; x_wconf 87' lang='lat' dir='ltr'><strong>mentis</strong></span> <span class='ocrx_word' id='word_1_774' title='bbox 651 4902 725 4968; x_wconf 79' lang='lat' dir='ltr'><strong>hujus</strong></span> <span class='ocrx_word' id='word_1_775' title='bbox 740 4903 846 4954; x_wconf 86' lang='lat' dir='ltr'><strong>essentia</strong></span> <span class='ocrx_word' id='word_1_776' title='bbox 864 4902 905 4966; x_wconf 85' lang='lat' dir='ltr'><strong>att,</strong></span> <span class='ocrx_word' id='word_1_777' title='bbox 918 4915 975 4966; x_wconf 82' lang='lat' dir='ltr'><strong>quta</strong></span> <span class='ocrx_word' id='word_1_778' title='bbox 1022 4920 1140 4972; x_wconf 87' lang='lat' dir='ltr'><strong>corpore,</strong></span> <span class='ocrx_word' id='word_1_779' title='bbox 1154 4907 1220 4972; x_wconf 86' lang='lat' dir='ltr'><strong>quod</strong></span> <span class='ocrx_word' id='word_1_780' title='bbox 1230 4908 1265 4958; x_wconf 90' lang='lat' dir='ltr'><strong>its</strong></span> <span class='ocrx_word' id='word_1_781' title='bbox 1277 4907 1372 4959; x_wconf 80' lang='lat' dir='ltr'><strong>Platoni</strong></span> <span class='ocrx_word' id='word_1_782' title='bbox 1382 4909 1464 4958; x_wconf 88' lang='lat' dir='ltr'><strong>risum</strong></span> <span class='ocrx_word' id='word_1_783' title='bbox 1478 4909 1555 4967; x_wconf 84' lang='lat' dir='ltr'><strong>esset,</strong></span> <span class='ocrx_word' id='word_1_784' title='bbox 1571 4907 1683 4956; x_wconf 87' lang='lat' dir='ltr'><strong>statuere</strong></span> <span class='ocrx_word' id='word_1_785' title='bbox 1697 4917 1746 4954; x_wconf 88' lang='lat' dir='ltr'><strong>non</strong></span> <span class='ocrx_word' id='word_1_786' title='bbox 1758 4917 1804 4968; x_wconf 86' lang='lat' dir='ltr'><strong>pe-</strong></span> 
     </span>
     <span class='ocr_line' id='line_1_52' title="bbox 196 4989 1804 5059; baseline -0.001 -15"><span class='ocrx_word' id='word_1_787' title='bbox 196 4992 291 5054; x_wconf 82' lang='lat' dir='ltr'><strong>natum,</strong></span> <span class='ocrx_word' id='word_1_788' title='bbox 308 4995 374 5045; x_wconf 89' lang='lat' dir='ltr'><strong>uude</strong></span> <span class='ocrx_word' id='word_1_789' title='bbox 391 4993 432 5045; x_wconf 83' lang='lat' dir='ltr'><strong>rel</strong></span> <span class='ocrx_word' id='word_1_790' title='bbox 444 4995 519 5046; x_wconf 82' lang='lat' dir='ltr'><strong>ducat</strong></span> <span class='ocrx_word' id='word_1_791' title='bbox 538 4994 655 5059; x_wconf 79' lang='lat' dir='ltr'><strong>originem</strong></span> <span class='ocrx_word' id='word_1_792' title='bbox 669 4995 707 5044; x_wconf 83' lang='lat' dir='ltr'><strong>rei</strong></span> <span class='ocrx_word' id='word_1_793' title='bbox 722 4993 863 5044; x_wconf 84' lang='lat' dir='ltr'><strong>haminibus</strong></span> <span class='ocrx_word' id='word_1_794' title='bbox 882 4993 974 5046; x_wconf 87' lang='lat' dir='ltr'><strong>insera-</strong></span> <span class='ocrx_word' id='word_1_795' title='bbox 1022 4995 1071 5046; x_wconf 89' lang='lat' dir='ltr'><strong>tuit</strong></span> <span class='ocrx_word' id='word_1_796' title='bbox 1084 5015 1090 5045; x_wconf 77' lang='grc' dir='ltr'><strong>ν</strong></span> <span class='ocrx_word' id='word_1_797' title='bbox 1103 4995 1212 5048; x_wconf 75' lang='lat' dir='ltr'><strong>manen</strong></span> <span class='ocrx_word' id='word_1_798' title='bbox 1223 4995 1289 5047; x_wconf 84' lang='lat' dir='ltr'><strong>idem</strong></span> <span class='ocrx_word' id='word_1_799' title='bbox 1300 4995 1331 5046; x_wconf 90' lang='lat' dir='ltr'><strong>ab</strong></span> <span class='ocrx_word' id='word_1_800' title='bbox 1340 4995 1430 5058; x_wconf 86' lang='lat' dir='ltr'><strong>animo,</strong></span> <span class='ocrx_word' id='word_1_801' title='bbox 1444 4995 1559 5059; x_wconf 88' lang='lat' dir='ltr'><strong>quoniam</strong></span> <span class='ocrx_word' id='word_1_802' title='bbox 1570 4993 1594 5044; x_wconf 87' lang='lat' dir='ltr'><strong>td</strong></span> <span class='ocrx_word' id='word_1_803' title='bbox 1606 4993 1678 5045; x_wconf 85' lang='lat' dir='ltr'><strong>Plato</strong></span> <span class='ocrx_word' id='word_1_804' title='bbox 1689 4989 1744 5044; x_wconf 74' lang='lat' dir='ltr'><strong>eet</strong></span> <span class='ocrx_word' id='word_1_805' title='bbox 1752 5003 1804 5043; x_wconf 77' lang='lat' dir='ltr'><strong>aaa</strong></span> 
     </span>
     <span class='ocr_line' id='line_1_53' title="bbox 195 5079 1805 5148; baseline -0.001 -16"><span class='ocrx_word' id='word_1_806' title='bbox 195 5086 245 5144; x_wconf 88' lang='lat' dir='ltr'><strong>tur,</strong></span> <span class='ocrx_word' id='word_1_807' title='bbox 258 5096 308 5146; x_wconf 86' lang='lat' dir='ltr'><strong>quo</strong></span> <span class='ocrx_word' id='word_1_808' title='bbox 322 5083 427 5145; x_wconf 83' lang='lat' dir='ltr'><strong>denique</strong></span> <span class='ocrx_word' id='word_1_809' title='bbox 440 5097 527 5134; x_wconf 88' lang='lat' dir='ltr'><strong>rursus</strong></span> <span class='ocrx_word' id='word_1_810' title='bbox 549 5085 645 5144; x_wconf 82' lang='lat' dir='ltr'><strong>avolet,</strong></span> <span class='ocrx_word' id='word_1_811' title='bbox 665 5083 730 5134; x_wconf 85' lang='lat' dir='ltr'><strong>idem</strong></span> <span class='ocrx_word' id='word_1_812' title='bbox 752 5083 805 5148; x_wconf 90' lang='lat' dir='ltr'><strong>ipse</strong></span> <span class='ocrx_word' id='word_1_813' title='bbox 825 5082 937 5146; x_wconf 82' lang='lat' dir='ltr'><strong>noverit,</strong></span> <span class='ocrx_word' id='word_1_814' title='bbox 952 5084 973 5133; x_wconf 84' lang='lat' dir='ltr'><strong>si</strong></span> <span class='ocrx_word' id='word_1_815' title='bbox 1022 5095 1095 5147; x_wconf 87' lang='lat' dir='ltr'><strong>pesse</strong></span> <span class='ocrx_word' id='word_1_816' title='bbox 1107 5085 1242 5146; x_wconf 88' lang='lat' dir='ltr'><strong>sentiebat,</strong></span> <span class='ocrx_word' id='word_1_817' title='bbox 1259 5085 1299 5136; x_wconf 83' lang='lat' dir='ltr'><strong>vel</strong></span> <span class='ocrx_word' id='word_1_818' title='bbox 1319 5083 1421 5136; x_wconf 84' lang='lat' dir='ltr'><strong>invitam</strong></span> <span class='ocrx_word' id='word_1_819' title='bbox 1434 5083 1564 5134; x_wconf 72' lang='lat' dir='ltr'><strong>abstraxit.</strong></span> <span class='ocrx_word' id='word_1_820' title='bbox 1581 5085 1662 5148; x_wconf 69' lang='lat' dir='ltr'><strong>anua</strong></span> <span class='ocrx_word' id='word_1_821' title='bbox 1680 5081 1734 5132; x_wconf 82' lang='lat' dir='ltr'><strong>heae</strong></span> <span class='ocrx_word' id='word_1_822' title='bbox 1744 5079 1805 5145; x_wconf 88' lang='lat' dir='ltr'><strong>qui·</strong></span> 
     </span>
     <span class='ocr_line' id='line_1_54' title="bbox 195 5169 1199 5237; baseline 0.002 -17"><span class='ocrx_word' id='word_1_823' title='bbox 195 5170 269 5220; x_wconf 71' lang='lat' dir='ltr'><strong>niodo</strong></span> <span class='ocrx_word' id='word_1_824' title='bbox 283 5181 368 5219; x_wconf 84' lang='lat' dir='ltr'><strong>corum</strong></span> <span class='ocrx_word' id='word_1_825' title='bbox 381 5171 481 5234; x_wconf 75' lang='lat' dir='ltr'><strong>quade</strong></span> <span class='ocrx_word' id='word_1_826' title='bbox 499 5176 583 5222; x_wconf 70' lang='lat' dir='ltr'><strong>attente</strong></span> <span class='ocrx_word' id='word_1_827' title='bbox 594 5171 717 5236; x_wconf 85' lang='lat' dir='ltr'><strong>disputat,</strong></span> <span class='ocrx_word' id='word_1_828' title='bbox 731 5171 866 5237; x_wconf 83' lang='lat' dir='ltr'><strong>quidquam</strong></span> <span class='ocrx_word' id='word_1_829' title='bbox 878 5169 976 5221; x_wconf 89' lang='lat' dir='ltr'><strong>omnino</strong></span> <span class='ocrx_word' id='word_1_830' title='bbox 1023 5171 1080 5223; x_wconf 87' lang='lat' dir='ltr'><strong>dem</strong></span> <span class='ocrx_word' id='word_1_831' title='bbox 1094 5171 1199 5225; x_wconf 79' lang='lat' dir='ltr'><strong>atticus.</strong></span> 
     </span>
    </p>
   </div>
   <div class='ocr_carea' id='block_1_4' title="bbox 0 0 1986 5942">
    <p class='ocr_par' dir='ltr' id='par_1_4' title="bbox 0 0 1986 5942">
     <span class='ocr_line' id='line_1_55' title="bbox 0 0 1986 5942; baseline 0 0"><span class='ocrx_word' id='word_1_832' title='bbox 0 0 1986 5942; x_wconf 95' lang='lat' dir='ltr'><strong> </strong></span> 
     </span>
    </p>
   </div>
  </div>
 </body>
</html>
