3958 5942
224 451 280 510 198
722 446 847 506 n'fflcl
870 444 1069 505 eniienim
1093 442 1325 505 PlllLOSOPHl

223 581 362 659 leorolog.
375 581 428 640 lib.
443 579 485 640 lll
497 599 558 658 cap.
574 580 604 642 3.
615 609 655 624 -
669 579 716 636 οέν
730 583 764 657 τῇ
780 577 903 659 δευτέρᾳ]
916 579 999 637 Plato
1045 578 1110 638 vid.
1127 577 1252 637 Matthiae
1267 578 1397 640 Gramm.
1410 576 1462 636 Gr.
1476 579 1493 654 5
1506 576 1575 636 505.
1592 595 1619 634 a.
1632 614 1664 625 -
1680 573 1687 609 ¹
1699 575 1759 632 ἀλλ’
1774 576 1824 652 οδ]

223 671 297 732 Tim.
315 693 344 750 p.
364 672 411 748 39.
427 673 481 748 ρῶς
494 674 508 729 δ
522 669 578 735 θεδς
593 670 691 748 όνῆψεν
706 670 732 726 έν
747 672 779 748 τῇ
794 669 858 748 πρὸς
872 673 920 746 γῆν
937 669 999 726 δευ-
1045 668 1167 745 seripsi3
1182 667 1267 728 codd.
1283 666 1350 725 ἀλλὰ
1369 667 1409 725 ού.
1428 701 1467 710 -
1481 674 1501 702 '¹¹
1515 667 1592 740 σῶμα
1611 663 1699 740 όμοιον
1712 665 1738 720 έν
1752 662 1826 743 μέσῳ

222 762 285 842 τέρορ
300 763 351 817 τῶν
366 759 513 837 περιόδων,
531 755 544 814 δ
560 757 591 827 δὴ
607 761 651 814 νῦν
663 758 829 832 κεκλήκαμεν
845 755 918 829 ἥλιον
938 759 996 814 κτλ.
1046 754 1115 814 τεθέν
1131 755 1221 831 ὁμοίου
1237 753 1321 834 τινός]
1336 754 1454 814 ridetur
1468 753 1577 811 dictum
1596 752 1632 810 de
1645 750 1768 827 globoso
1784 751 1826 808 si·

221 849 304 910 Conl.
320 847 397 907 Phil.
409 847 461 904 Gr.
479 845 540 905 vol.
557 845 584 902 ll
608 865 674 924 pag.
697 847 764 916 167.
775 876 815 888 -
831 844 843 880 ⁶
861 845 998 924 φαίνοιτο]
1045 843 1124 901 deria
1146 863 1279 922 corpore,
1294 843 1371 921 quod
1388 841 1509 919 globoso
1524 843 1591 900 item
1612 841 1686 898 coelo
1699 839 1828 898 includi·

222 937 329 995 liabent
339 933 455 992 liusebii
472 933 586 992 codices
600 945 686 1010 atque
700 951 717 990 e
734 933 892 992 'Platonicie
906 933 1000 990 Ricar·
1046 946 1103 992 lur.
1119 963 1160 977 -
1173 938 1186 966 ¹¹
1201 929 1247 990 εἴτ’
1258 931 1301 992 inl
1316 929 1375 1000 δεξί’
1391 931 1467 1009 ίωσι]
1483 931 1585 1008 scripsi
1595 953 1603 1002 ;
1615 929 1705 1004 vulgo
1719 925 1765 984 τίν’
1782 925 1826 984 ἐπὶ

221 1025 341 1095 ilianum,
353 1023 384 1080 in
395 1024 505 1079 caeteris
520 1035 562 1078 eet
576 1019 673 1100 pulver.
690 1051 729 1065 -
743 1023 755 1054 ⁸
769 1021 952 1098 ἀποχωρήσεις
963 1042 1001 1076 τι·
1045 1017 1116 1088 δεξιά
1129 1014 1199 1080 ίιυσι.
1210 1019 1303 1079 Petita
1322 1019 1459 1080 sunthaec
1475 1017 1609 1077 exiliari.
1627 1016 1677 1076 lib.
1693 1013 1760 1090 xil,
1779 1035 1825 1073 vs.

221 1112 267 1178 νέες
287 1112 372 1169 αὐτῶν
397 1109 441 1167 καί
461 1107 675 1188 προσρωρήσεις]
699 1108 782 1166 Plelo
806 1107 881 1165 Tim.
911 1127 940 1185 p.
964 1116 1001 1175 lo
1049 1110 1106 1184 ²39
1127 1126 1190 1186 seq.
1209 1107 1254 1168 εἴτ’
1271 1109 1314 1168 inl
1338 1107 1399 1176 δεξί’
1421 1107 1481 1165 ίυισι
1495 1105 1559 1184 πρὸς
1572 1108 1613 1176 ἠῶ
1627 1107 1651 1163 τ’
1675 1101 1765 1176 ἠέλιόν
1779 1123 1828 1176 τε,

220 1198 325 1280 χορείας
346 1197 372 1256 δέ
395 1196 492 1256 τούτων
516 1196 661 1255 αὐτῶνκαὶ
681 1194 836 1275 παραύολδις
861 1195 998 1266 ἀλλήλων,
1046 1194 1094 1254 εἴτ’
1110 1197 1151 1253 ἐπ’
1171 1195 1296 1276 ἀριστερόν
1316 1195 1386 1272 τοίγε
1406 1196 1463 1254 κτλ.
1485 1229 1525 1240 ·—
1549 1201 1561 1229 ⁰
1584 1191 1753 1264 Ζητνίσαντος
1776 1191 1830 1270 γάρ

220 1289 265 1349 καί
285 1288 346 1366 περὶ
363 1285 409 1352 τδς
423 1289 474 1344 τῶν
489 1284 592 1344 κύκλων
607 1285 671 1366 πρός
693 1283 1001 1355 έαοτσίις,έπανακυκλτ’,-
1049 1283 1206 1363 ΙΙλάτωνος]
1221 1285 1298 1343 Tim.
1323 1305 1351 1363 p.
1368 1285 1405 1342 63
1420 1283 1465 1343 ed.
1487 1283 1586 1362 Steph.
1608 1309 1651 1329 -
1663 1287 1676 1326 Ρ
1689 1276 1758 1338 κατέ
1778 1278 1828 1356 μέν

220 1401 272 1444 σεις
282 1377 326 1436 καί
337 1375 537 1455 προπγωρήσεις
549 1375 600 1449 lai.
613 1371 823 1456 προχωρήσεις),
836 1394 900 1452 quae
913 1373 1001 1432 verba
1047 1370 1094 1437 τάς
1105 1374 1156 1430 τῶν
1166 1373 1297 1450 σωμάτων
1311 1367 1490 1453 οἰκειότητας]
1502 1371 1585 1430 Plato
1595 1370 1673 1430 Tim.
1686 1389 1715 1447 p.
1730 1368 1768 1427 63
1779 1365 1829 1427 ed.

219 1469 323 1526 Cicero
338 1467 380 1525 sic
396 1465 492 1524 reddit
510 1487 515 1520 :
537 1468 688 1520 Flexiones
708 1463 822 1541 (steph.
846 1461 924 1539 conj.
942 1461 1000 1520 Lu·
1046 1459 1146 1540 Steph.
1159 1460 1217 1520 τόδε
1231 1483 1262 1540 γε
1276 1459 1329 1537 μὴν
1341 1460 1368 1518 έν
1384 1483 1408 1518 τι
1422 1457 1572 1532 διανοητέον
1586 1456 1647 1536 περί
1660 1457 1766 1515 πάντων
1777 1456 1828 1513 αύ-

220 1557 442 1635 εἱοιιον)ιεεεέειη
456 1559 572 1612 deorum
587 1567 614 1610 el
628 1559 700 1610 inter
724 1560 798 1628 ipsos
814 1549 918 1634 [deos]
933 1573 1000 1608 core·
1046 1554 1111 1624 τῶν,
1129 1551 1194 1621 ὡςὴ
1210 1549 1257 1626 μέν
1271 1549 1335 1629 πρὸς
1348 1549 1378 1608 τὸ
1404 1549 1519 1628 ξυγγενές
1540 1549 1596 1612 iil<
1612 1547 1731 1612 ἑκάστοις
1745 1537 1826 1618 ούσα,

220 1652 368 1713 cursiones,
395 1663 511 1719 pureque
525 1649 553 1698 lu
568 1644 676 1698 orbibus
695 1661 789 1696 eorum
813 1647 1002 1696 conversiones
1048 1639 1116 1718 βαρίι
1133 1637 1180 1715 μέν
1193 1637 1225 1696 τό
1239 1637 1378 1718 φερόμενον
1394 1638 1479 1710 ποιεῖ,
1494 1637 1538 1697 τόν
1553 1637 1579 1696 δέ
1594 1635 1685 1708 τόπον,
1701 1642 1737 1701 είς
1754 1632 1782 1692 όν
1798 1633 1828 1692 τό

220 1739 475 1804 σηεεαασιίοιιεειγιιο
488 1735 627 1798 eveniant,
645 1727 697 1784 ubi
724 1739 845 1804 apparet
865 1745 930 1786 eum
948 1747 999 1785 ne·
1047 1733 1160 1786 τοιούτω
1175 1723 1297 1808 φέρεται,
1313 1727 1401 1802 κάτω,
1414 1724 1449 1784 τά
1469 1725 1496 1784 δέ
1508 1725 1607 1792 τούτοις
1618 1723 1712 1804 ἔχοντα
1723 1726 1759 1789 ὡς
1771 1722 1829 1781 έτέ-

222 1841 278 1899 que
288 1820 348 1898 περὶ
365 1835 530 1895 agnoscere,
542 1836 636 1893 neque
648 1816 860 1894 προσχωρήσεις,
874 1815 924 1874 sed
938 1837 1002 1895 προ·
1048 1837 1113 1894 ρως,
1128 1815 1234 1895 θάτερα.
1248 1848 1288 1860 -
1302 1821 1315 1860 ‘l
1329 1815 1359 1874 τό
1375 1813 1464 1892 κάτω]
1480 1815 1565 1892 posui
1580 1832 1645 1872 eum
1662 1812 1761 1884 codd.;
1780 1811 1830 1870 vi-

221 1910 350 1990 χωρήσεις
365 1907 478 1982 legisse.
492 1904 564 1962 Vide
577 1903 754 1981 Stephanum
767 1903 803 1962 ad
816 1923 880 1962 enm
896 1904 1000 1962 locum.
1049 1923 1135 1982 ger-us
1155 1905 1186 1964 τὸ
1199 1902 1245 1979 μίν
1265 1903 1338 1962 κάτω
1357 1902 1447 1962 scribi
1464 1903 1591 1963 volebat.
1616 1935 1656 1948 -
1676 1907 1688 1937 ¹
1708 1903 1776 1978 μήτε
1799 1902 1829 1960 τδ

222 2030 261 2042 -
283 1993 397 2073 ’ἑτέραν
417 1993 503 2059 αὐτοῖς
523 1989 644 2066 κίνησιν]
673 1991 805 2050 Plotinus
827 1991 955 2049 Ennead.
983 2013 999 2048 a
1049 1991 1243 2071 pieorlPlalo
1262 1991 1340 2051 Tim.
1355 2012 1384 2069 p.
1402 1993 1468 2050 ύεό
1490 1990 1536 2066 μὲν
1550 1989 1601 2070 γάρ
1620 1988 1698 2066 μέσος
1712 1991 1739 2048 έν
1756 1991 1829 2068 αύτῷ

223 2085 274 2146 lib.
293 2107 309 2142 ε
325 2103 389 2162 cap.
411 2104 427 2139 2
444 2101 507 2160 pag.
528 2101 582 2157 109
598 2077 642 2136 καλ
659 2078 773 2136 Πλάτων
788 2077 815 2136 δὲ
830 2085 883 2144 τοῖς
898 2075 1002 2156 ἄστροις
1050 2081 1106 2162 (τῷ
1120 2079 1229 2162 κόσμιρ]
1241 2079 1336 2154 τόπος,
1348 2078 1407 2140 ούτε
1421 2079 1494 2138 κάτω
1508 2077 1629 2161 περυκόνς
1642 2078 1700 2138 οότε
1718 2079 1773 2138 ἄνω
1787 2079 1829 2138 λε’·

223 2175 252 2232 ού
268 2171 345 2250 μόνον
360 2171 407 2243 τὴν
426 2168 492 2245 μετδ
506 2172 550 2227 τοῦ
567 2166 626 2226 όλου
642 2161 783 2245 σφαιρικὴν
797 2161 915 2235 κίνησιν,
933 2163 1001 2221 ἀλλὰ
1048 2174 1139 2248 γεσθαι
1153 2167 1267 2244 δίκαιος,
1283 2169 1341 2227 ἀλλ’
1359 2166 1438 2241 αὐτό,
1452 2169 1479 2228 έν
1493 2167 1566 2248 μέσῳ
1581 2189 1589 2205 ·
1605 2171 1619 2226 ό
1634 2165 1661 2226 δὲ
1679 2165 1754 2246 πέριξ
1767 2167 1828 2226 οὔτε

223 2262 268 2321 καί
282 2260 384 2340 έκάστερ
401 2257 491 2316 δίδωσι
517 2254 564 2326 τὴν
579 2252 639 2333 περί
653 2253 683 2310 τὸ
703 2251 809 2330 κέντρον
824 2253 924 2309 αὐτῶν·
940 2249 1001 2309 ἕκα·
1050 2255 1082 2329 δὴ
1106 2258 1197 2334 μέσος,
1217 2254 1271 2315 οὔτ’
1287 2255 1356 2338 έχων
1371 2255 1493 2338 διάφορον
1516 2258 1594 2314 αὑτοῦ
1620 2255 1698 2334 μέρος
1718 2253 1826 2336 ἕτερον,

224 2373 283 2408 στσν
305 2347 364 2428 γάρ,
387 2338 416 2405 σύ
438 2348 493 2404 ἔστι
516 2341 683 2423 περιειληφὸς
697 2339 740 2399 τόν
757 2339 826 2412 θεόν,
844 2340 1001 2416 ἀγάλλεται,
1048 2345 1156 2425 θατέρου
1168 2347 1267 2421 μᾶλλον
1284 2344 1349 2426 πρδς
1361 2344 1393 2406 τό
1407 2343 1502 2422 μέσον,
1518 2343 1535 2416 τί
1549 2368 1573 2402 τι
1589 2347 1640 2405 τῶν
1655 2343 1829 2424 καταντικρύ.

224 2443 252 2498 σύ
267 2441 399 2516 λογισμῷ,
420 2435 485 2494 ἀλλά
500 2441 621 2515 ρυσικαίς
638 2431 774 2510 ἀνάγκαις.
791 2463 830 2474 -
844 2435 857 2474 ⁸
871 2431 885 2486 δ
899 2431 941 2503 δέ,
957 2431 1001 2489 καί
1048 2467 1087 2479 -
1104 2439 1115 2470 ⁸
1130 2436 1144 2492 δ
1159 2433 1186 2492 δέ
1203 2430 1364 2514 άντιτίθησι]
1387 2433 1557 2492 Aristoteles
1578 2435 1615 2494 de
1633 2433 1716 2492 Coelo
1738 2434 1792 2490 lin.
1810 2443 1825 2500 i

224 2527 318 2600 ταύτης
335 2528 484 2605 ιἰραιρείται
504 2519 630 2593 κινήσεως
645 2517 756 2594 αὐτούς]
775 2517 945 2577 Aristoteles
965 2519 1001 2576 de
1047 2541 1113 2602 cup.
1132 2543 1145 2581 1
1159 2543 1189 2602 p.
1207 2523 1274 2584 308.
1287 2543 1312 2582 a.
1322 2521 1368 2580 ed.
1382 2521 1504 2581 Bellen.
1517 2521 1550 2582 τά
1565 2519 1611 2598 μέν
1626 2520 1675 2601 γάρ
1691 2519 1730 2580 del
1745 2521 1829 2600 πέρυ-

226 2616 307 2674 Coelo
325 2614 380 2676 lib.
404 2614 432 2670 ll
449 2633 513 2690 cap.
540 2632 550 2668 1
579 2629 644 2688 pag.
663 2612 729 2675 284.
754 2627 779 2666 a.
805 2607 851 2666 ed.
880 2608 998 2667 Bellen
1048 2633 1092 2669 κεν
1108 2611 1161 2670 ιἰπδ
1176 2615 1221 2669 τοῦ
1237 2610 1319 2686 μέσου
1340 2610 1481 2691 ρέρεοθαι,
1502 2608 1536 2666 τά
1549 2609 1573 2666 δ’
1595 2610 1635 2667 rial
1655 2607 1763 2688 πρδςτδ
1780 2607 1827 2682 με’-

225 2702 292 2763 llll
308 2701 360 2779 μὴν
375 2700 428 2760 οὐδ’
442 2699 492 2758 iai
509 2701 595 2777 ψυχῆς
610 2693 715 2772 εὔλογον
739 2693 934 2772 ἀναγκαζούσης
956 2696 1002 2773 μέ·
1049 2719 1102 2756 σον.
1117 2697 1223 2758 Τούτων
1240 2697 1266 2755 δὲ
1279 2697 1311 2765 τό
1326 2695 1373 2770 μέν
1389 2697 1442 2755 alni
1457 2701 1502 2755 τοῦ
1521 2697 1601 2773 μέσου
1616 2696 1755 2777 φερόμενον
1772 2695 1829 2754 άνω

224 2817 276 2852 νειν
299 2790 398 2849 ἀίδιον·
414 2786 472 2847 οὐδὲ
492 2785 542 2863 γὰρ
561 2789 608 2854 τῆς
631 2787 718 2861 ψυχῆς
744 2772 797 2840 οἷόν
817 2785 842 2840 τ’
867 2773 933 2841 εἶναι
955 2788 1003 2857 τὴν
1049 2785 1118 2862 λέγω
1138 2785 1275 2868 φέρεσθαι,
1293 2785 1367 2844 κόπω
1387 2784 1414 2844 δέ
1438 2783 1546 2867 τθπρδς
1567 2786 1597 2846 εδ
1611 2785 1700 2864 μέσον.
1715 2779 1830 2844 Ἄτοπον

226 2880 347 2952 τοιαύτην
363 2878 430 2948 ζωὴν
442 2877 539 2936 άλυπον
556 2872 600 2930 καλ
614 2870 760 2948 μακαρίαν·
777 2869 876 2948 ἀνάγκη
891 2871 942 2952 γάρ
958 2873 1002 2933 καί
1048 2874 1098 2956 γὰρ
1112 2873 1142 2934 τό
1155 2873 1191 2951 μὴ
1205 2874 1318 2951 νομίζειν
1337 2864 1403 2932 εἶναί
1417 2898 1442 2933 τι
1456 2876 1482 2933 έν
1495 2879 1534 2956 τῷ
1549 2877 1650 2954 οὐρανῷ
1664 2871 1694 2933 τύ
1708 2872 1755 2950 μέν
1773 2873 1830 2933 άνω

225 2969 273 3040 τὴν
291 2968 392 3036 κίνησιν
407 2961 473 3040 μετά
494 2961 551 3041 βίας
573 2948 669 3032 οὖσαν,
686 2957 760 3038 εἴπερ
775 2963 901 3018 κινεῖσθαι
920 2984 1003 3041 nepu-
1049 2963 1078 3021 τὸ
1099 2961 1125 3022 δὲ
1148 2963 1237 3036 κάτω,
1252 2961 1370 3043 καθάπερ
1384 2962 1450 3030 τινὲς
1464 2963 1497 3041 [i.
1515 2983 1539 3022 e.
1561 2959 1726 3043 δΠλάτων]
1741 2961 1830 3030 ἀξιοῦ-

226 3055 351 3120 κότοςτοῦ
365 3051 470 3130 πρώτου
480 3048 600 3127 σώματος
611 3045 695 3113 ἄλλως
710 3055 775 3106 κινεῖ
785 3051 908 3126 συνεχῶς,
921 3048 1002 3127 dupo-
1049 3075 1100 3114 σιν.
1117 3053 1158 3112 Oi
1171 3051 1221 3131 γάρ
1234 3041 1300 3110 εἶναι
1314 3051 1343 3109 τδ
1356 3049 1403 3128 μέν
1416 3051 1470 3110 άνω
1484 3050 1513 3111 τό
1525 3051 1553 3112 δέ
1563 3051 1635 3110 κάτω
1649 3051 1740 3131 φασίν,
1755 3050 1830 3131 είπιρ

226 3149 270 3204 λον
286 3131 351 3203 εἶναι
370 3141 414 3200 καί
430 3139 516 3211 πάσης
531 3135 737 3214 ἀπηλλαγμένην
754 3135 887 3215 ῥᾳστώνης
901 3136 1002 3219 έμρρο-
1048 3141 1134 3222 πάντη
1158 3138 1245 3218 όμοιός
1265 3140 1336 3212 ἐστι,
1353 3138 1398 3198 καί
1420 3140 1582 3219 πανταχόθεν
1606 3139 1729 3206 άντίπους
1751 3139 1829 3200 ἔσται

228 3255 281 3304 νος,
297 3229 321 3288 εί
333 3253 362 3309 γε
378 3229 440 3306 μηδ’
455 3225 546 3306 ὥσπερ
561 3231 594 3305 τῇ
608 3229 729 3307 ψυχῇπῇ
750 3229 801 3284 τῶν
816 3229 913 3296 θνητῶν
930 3226 1001 3308 ζῴων
1049 3229 1220 3311 πορευόμενος
1241 3227 1349 3296 έκαστος
1372 3229 1448 3296 αὐτὸς
1473 3232 1555 3309 αύτῷ.
1574 3227 1670 3306 Ἡμεῖς
1692 3228 1718 3288 δέ
1733 3227 1763 3288 τό
1780 3235 1828 3289 τοῦ

225 3320 295 3382 ἐστίν
318 3318 463 3384 ἀνάπαυσις
478 3320 495 3388 ἡ
509 3315 568 3394 περὶ
583 3315 626 3374 τόν
648 3313 727 3374 ύπνον
740 3317 864 3394 γινομένη
883 3319 928 3375 τοῦ
945 3317 1000 3376 σόε-
1049 3317 1144 3386 παντθς
1162 3315 1273 3398 ἔσχατον
1289 3317 1344 3376 ἄνω
1365 3317 1494 3396 λέγομεν,
1510 3318 1525 3378 δ
1547 3318 1590 3376 καλ
1611 3315 1681 3377 κατά
1694 3317 1742 3390 rip
1756 3320 1829 3377 θέσιν

227 3431 308 3484 ματος
335 3405 439 3480 άνεσις,
456 3403 514 3462 ἀλλ’
540 3404 681 3479 ἀναγκαῖον
698 3401 801 3469 Ἰξίονός
820 3426 886 3468 τινος
907 3405 954 3480 poi
970 3431 1000 3464 αν
1049 3407 1117 3466 ἐστίν
1138 3407 1192 3466 άνω
1209 3406 1300 3486 raleii
1319 3405 1395 3486 φύσει
1410 3411 1525 3486 πρδιτον.
1542 3407 1619 3466 Ἐπεί
1635 3409 1657 3466 δ’
1672 3406 1728 3465 ieri
1742 3429 1768 3465 τι
1782 3413 1829 3466 τοῦ

227 3495 347 3575 κατέχειν
367 3491 447 3564 αὐτὴν
463 3488 544 3550 ἀίδιον
563 3488 608 3548 καί
623 3487 739 3568 ἄτρυτον.
760 3521 799 3535 -
815 3493 828 3529 ¹¹
843 3489 922 3556 πάθος
937 3431 1002 3552 είίιαε
1048 3500 1157 3574 ούρανοῦ
1174 3494 1286 3574 ἔσχατον
1300 3494 1345 3553 καί
1360 3493 1458 3574 μέσον,
1473 3496 1550 3566 δῆλον
1565 3493 1605 3554 ότι
1619 3495 1693 3555 ἔσται
1709 3495 1753 3554 καί
1772 3493 1829 3556 iva

226 3587 273 3656 τῆς
293 3580 420 3661 ἡμετέρας
439 3579 537 3659 ὄψεως]
560 3577 727 3636 Aiislotelee
745 3579 781 3636 de
803 3577 884 3636 Coelo
899 3578 952 3640 lib.
975 3581 1002 3641 ll
1048 3582 1092 3642 καί
1107 3581 1189 3642 κάτω.
1204 3581 1251 3658 -l

226 3693 290 3752 cap.
309 3676 326 3730 ll
343 3689 408 3750 pag.
434 3689 503 3746 ²90·
522 3687 549 3728 ε.
566 3665 612 3726 ed.
631 3666 748 3724 Bellen.
764 3670 781 3737 ἡ
796 3665 845 3744 γδρ
869 3665 925 3744 όθις
941 3669 1004 3728 irro-
1090 3693 1116 3734 τ.
1138 3666 1222 3750 ’Υπὲρ
1236 3669 1263 3730 δέ
1278 3673 1324 3742 τῆς
1345 3672 1430 3751 ψυχῆς
1449 3671 1474 3730 τί
1492 3671 1537 3732 καί
1557 3671 1677 3750 λέγοιμεν
1697 3672 1743 3746 άνς
1759 3674 1829 3744 δῆλα

226 3760 361 3837 τειναμένη
377 3756 481 3840 μακρόν
492 3751 624 3814 mmm
639 3751 681 3811 διὰ
695 3751 742 3822 τὴν
755 3751 898 3811 ἀσθένειαν·
914 3750 1002 3835 Ὅπερ
1050 3759 1100 3840 γάρ
1111 3764 1193 3819 ταῦτα
1207 3761 1235 3818 ού
1251 3759 1328 3834 μόνον
1343 3765 1397 3825 τοῖς
1412 3761 1616 3840 ριλοσοροῦσιν,
1632 3760 1698 3820 ἀλλὰ
1715 3759 1746 3830 δὴ
1765 3783 1833 3838 σχε-

228 3852 310 3910 αίτιον
327 3848 389 3914 ἴσως
410 3845 456 3906 καλ
470 3847 516 3903 τοῦ
532 3841 646 3902 στέλόειν
666 3839 801 3922 φαίνεσθαι
817 3839 875 3907 τοὺς
893 3843 1004 3922 άστέρας
1050 3848 1092 3906 δδυ
1108 3845 1153 3908 καί
1167 3849 1219 3914 τοῖς
1232 3845 1345 3913 ἰδιώταις
1358 3845 1470 3906 ἅπασιν·
1487 3847 1527 3908 ὅτι
1542 3848 1656 3909 Πλάτων
1667 3847 1713 3925 μέν
1729 3847 1831 3907 ἀράρῃ.

227 3939 285 4008 τοίις
300 3935 497 4014 ἐνδεδεμένους,
511 3933 570 4001 τούς
586 3931 612 3990 δὲ
631 3929 767 4002 πλάνητος
781 3931 818 4008 μὴ
833 3930 963 3990 στίλόειυ·
979 3935 1003 3991 ol
1049 3957 1092 3994 τον
1106 3935 1154 4006 τὴν
1168 3934 1255 4015 ψυχὴν
1270 3933 1422 4008 ἀπολείπει,
1444 3935 1489 3995 καί
1514 3936 1626 4005 πολλοὺς
1649 3935 1713 4017 ύπέρ
1736 3936 1831 3998 τούτου

228 4027 275 4103 μέν
293 4025 344 4104 γάρ
358 4022 488 4094 πλάνητες
515 4018 589 4098 ἐγγύς
610 4021 674 4078 εἶσιν
684 4061 693 4091 ,
709 4016 773 4077 ὥστ’
792 4019 919 4100 ἐγκρατὴς
940 4011 1003 4079 oica
1049 4023 1138 4102 λόγους
1151 4031 1281 4099 ποιεῖται,
1296 4022 1419 4090 ποικίλως
1441 4021 1487 4082 καί
1509 4023 1637 4090 παντοίως
1656 4025 1831 4098 ἀποδεικνύς,

228 4114 292 4193 πρὸς
307 4109 399 4178 αύτούς
414 4109 588 4190 άρικνεῖταιὴ
603 4107 675 4188 ὄψις·
687 4109 750 4186 πρὸς
765 4106 792 4166 δὲ
806 4105 865 4176 τούς
881 4107 1005 4185 μένοντας
1049 4109 1089 4168 δτι
1103 4112 1170 4171 ἐστίν
1186 4111 1310 4178 ἀθάνατος
1324 4115 1341 4182 ἡ
1357 4110 1441 4192 ψυχή.
1461 4112 1552 4182 Πολλὴ
1568 4111 1652 4170 δὲκαὶ
1664 4109 1716 4178 τοῖς
1730 4113 1830 4171 lernou-

227 4199 393 4282 κραδαίνεται
408 4199 451 4257 δεδι
468 4198 498 4257 τὸ
513 4201 609 4274 μῆκος,
625 4197 811 4273 δποτεινομένη
826 4195 915 4278 πόρρω
930 4196 999 4259 λίαν.
1048 4199 1140 4260 δακόσι
1150 4197 1210 4278 περὶ
1221 4198 1254 4257 τὰ
1270 4198 1411 4267 Πλάτωνος
1426 4203 1442 4270 ἡ
1466 4200 1600 4280 ριλοτιμία
1623 4199 1728 4279 γέγονε,
1745 4222 1831 4259 συνα-

228 4290 263 4350 ‘0
278 4289 305 4348 δέ
324 4287 418 4368 τρόμος
431 4289 509 4356 αύεῆς
525 4294 593 4345 ποιεῖ
609 4290 653 4344 τοῦ
666 4283 761 4364 ἄστρου
776 4288 860 4344 δοκεῖν
875 4280 941 4346 εἶναι
957 4287 1004 4356 τὴν
1048 4285 1227 4366 γωνιζομένοις
1240 4289 1277 4366 τῷ
1291 4308 1318 4344 τε
1336 4285 1449 4364 δόγματι
1463 4285 1508 4345 καλ
1522 4289 1560 4366 τῷ
1577 4287 1711 4346 Πλάτωνι.
1728 4288 1830 4368 Σχεδὸν

229 4377 345 4449 κίνησεν·
358 4377 429 4436 οὐθὲν
441 4375 492 4452 γδιρ
507 4375 622 4454 διαρέρει
636 4381 715 4432 κινεῖν
730 4373 777 4445 τὴν
791 4373 878 4453 όψινῆ
894 4375 923 4434 τὸ
937 4377 1005 4454 δρώ-
1049 4374 1101 4455 γάρ
1116 4375 1144 4434 τὸ
1164 4373 1272 4454 συνέχον
1295 4375 1341 4447 τὴν
1367 4382 1454 4434 πᾶσαν
1470 4371 1567 4454 αἵρεσιν
1581 4375 1689 4454 τάνδρὸς
1704 4379 1777 4435 τοῦτ’
1797 4377 1829 4435 ε’-

230 4489 317 4543 μενον.
333 4499 371 4510 -—
384 4461 391 4499 ί
404 4467 418 4522 δ
432 4463 467 4534 δ’,
482 4453 551 4540 ᾗπερ
569 4460 664 4542 impp
684 4461 852 4520 Aristoteles
867 4462 902 4521 de
922 4463 1005 4522 Coelo
1050 4487 1116 4523 στιν.
1132 4463 1172 4523 Ἥ
1187 4485 1215 4522 τε
1229 4463 1280 4543 γάρ
1292 4466 1343 4522 τῶν
1358 4467 1455 4536 ἠθικῶν
1472 4463 1609 4542 δογμάτων
1627 4463 1744 4530 ὑπόθεσις
1759 4466 1831 4535 ἐπη-

228 4555 279 4616 lib.
297 4555 307 4614 l
327 4573 390 4632 cap.
406 4574 434 4611 a.
458 4585 497 4594 -
520 4548 533 4582 ¹
558 4548 729 4629 παρείχοντο]
743 4550 762 4607 i.
784 4569 810 4609 e.
831 4549 1001 4630 παρέχονται.
1049 4553 1190 4624 κσλούθησε
1201 4557 1235 4632 τῇ
1247 4555 1295 4624 τῆς
1306 4555 1392 4634 ψυχῆς
1407 4553 1550 4634 αἰδανασίορ,
1571 4553 1601 4612 τδ
1615 4553 1683 4633 μέγα
1697 4555 1742 4613 καί
1758 4555 1831 4632 λαμ-

257 4780 281 4829 7.
298 4775 343 4826 Serl
358 4773 389 4824 (le
402 4773 499 4832 animo,
512 4769 602 4834 inquil,
616 4767 678 4834 quid
684 4769 817 4820 'dicemual
831 4771 931 4822 constat
939 4771 1004 4821 enim
1048 4773 1167 4824 sementia
1179 4772 1283 4836 tuenda,
1298 4771 1475 4824 assentatorum
1491 4773 1556 4825 illius
1574 4785 1706 4838 permagna
1724 4775 1772 4825 luit
1783 4788 1831 4825 re·

226 4881 272 4916 non
283 4864 362 4914 solum
373 4863 437 4912 inler
450 4874 492 4911 eos
505 4859 549 4922 qni
560 4859 776 4923 philosophantur,
792 4859 835 4908 sed
849 4857 923 4908 eliam
942 4860 1005 4909 inter
1047 4862 1195 4925 hamanaque
1207 4864 1337 4915 oonlenlio.
1354 4864 1450 4929 Quippe
1467 4865 1516 4916 hoe
1531 4879 1606 4930 prope
1619 4879 1696 4916 unum
1710 4869 1761 4928 eei,
1780 4881 1832 4933 quo

226 4953 314 5004 idiotas
331 4951 407 5002 ferme
425 4962 522 5009 ornnes,
545 4947 653 4997 animum
676 4961 691 4996 a
715 4947 817 4998 Pleione
842 4947 1003 4998 immortalem
1048 4948 1101 5012 ojus
1114 4948 1274 5014 philosophiae
1296 4951 1401 5002 formula
1422 4951 1529 5004 maxime
1547 4953 1694 5004 conlinelur.
1716 4957 1831 5022 namque

226 5040 374 5102 existimari,
387 5038 552 5104 plurimasque
566 5035 640 5087 simul
654 5036 685 5086 ab
698 5036 740 5086 illo
752 5049 806 5085 eam
819 5035 843 5084 in
857 5049 907 5085 rem
916 5035 1003 5098 diupu-
1048 5036 1089 5086 illa
1101 5039 1230 5088 moralium
1246 5039 1436 5103 preceptionem
1449 5041 1511 5091 silva
1525 5041 1599 5091 animi
1618 5041 1829 5095 immortalium

227 5129 331 5179 taliones
348 5125 452 5188 haberi,
470 5125 543 5176 simul
554 5123 620 5175 omni
632 5125 757 5175 rationum
769 5135 856 5188 genere
878 5123 1003 5187 pronaum
1047 5127 1131 5175 sennia
1142 5127 1189 5188 eei,
1195 5127 1261 5190 quod
1273 5127 1415 5192 dignitatem
1423 5141 1502 5192 suam,
1511 5128 1665 5194 splendorem
1674 5131 1830 5198 adeoquege

226 5217 289 5268 Ιιαιιε
302 5219 329 5266 el
348 5216 517 5265 confirmatam
537 5213 743 5265 immortalitatem
766 5212 877 5279 relinqui.
899 5216 931 5264 lii
945 5228 1004 5264 vero
1047 5225 1160 5264 ueroeum
1167 5215 1353 5266 illumardorem
1361 5217 1528 5282 impetumque
1536 5232 1608 5270 uuum
1615 5219 1828 5274 lueriuorelinere

225 5315 282 5356 num
298 5303 323 5354 in
336 5301 486 5354 deleniendo
500 5301 613 5364 Pleione,
627 5306 680 5352 lum
695 5303 832 5367 presertim
850 5302 873 5352 in
887 5301 933 5352 hac
950 5305 1003 5366 eius
1047 5303 1125 5355 virius
1134 5307 1233 5370 propiet
1245 5305 1309 5358 hene
1320 5307 1395 5358 animi
1406 5307 1559 5360 diriuilelem
1572 5315 1657 5376 posset
1671 5324 1677 5354 ι
1691 5313 1829 5378 cuneisque
