3958 5942
789 427 1039 495 nunculium.
1656 463 1714 522 235

108 543 188 612 δῆλον
202 540 242 601 δτι
257 541 302 602 καί
317 545 343 603 ἐν
360 543 414 611 τοῖς
428 544 501 626 παρδι
522 548 552 608 τὸ
566 551 707 628 ἀναγκαῖον
724 557 770 618 καί
787 565 841 627 τοῖς
859 564 894 629 ὡς
939 563 1022 626 αίτιον
1041 565 1072 626 τδ
1087 567 1251 650 αὐτόματον,
1272 573 1373 655 θνάγιιη
1392 601 1412 636 π

109 629 154 686 tut
168 628 279 704 τίηπολῦ
301 629 373 691 ἔστιν
389 634 445 692 ἔνια
460 634 551 715 περίθ
575 637 708 720 ίνδέχτται
724 644 850 727 ὑπάρχειν
864 647 893 708 ri
939 676 978 711 σιν
995 653 1080 716 αἰτίαν

107 716 185 776 ένιιιά
200 741 256 782 του.
270 717 351 780 Ἐστι
366 719 394 780 δέ
408 719 486 782 ίνικά
499 747 545 784 του
561 727 610 787 ὅσα
624 751 653 787 τι
671 730 724 790 tut
736 733 848 802 διανοίας
861 735 892 795 ὐν
937 739 990 809 τάς.

107 805 239 885 πραχθείη
262 808 307 868 καί
329 809 378 871 ύσα
403 811 457 872 tut
471 811 580 894 φύσεως.
595 817 639 878 Τὰ
654 819 686 892 δὴ
701 826 809 882 τοιαῦτα
829 827 891 884 ὅταν
979 828 1171 911 (Aristoteles
1189 837 1279 918 Phys.
1302 842 1358 906 lib.
1380 844 1408 903 ll
1425 866 1490 926 cap.
1513 851 1532 908 6
1553 871 1621 930 pag.
1648 859 1714 931 198,

108 894 177 955 κατύ
194 896 363 974 συμὸῑὸηκύς
386 899 509 981 γίνηται,
533 903 587 963 tut
608 907 690 988 τύχης
707 913 793 992 φαμὲν
808 903 891 972 εἶναι·
937 937 962 976 a.
987 920 1004 978 5
1032 921 1078 983 ed.
1101 924 1220 987 Bellen.
1250 928 1419 1010 Simplicius
1443 935 1494 1000 fol.
1526 939 1573 997 8ο.
1595 940 1627 1004 b.
1657 943 1716 1022 (cf.

106 982 196 1064 ὥσπερ
210 984 260 1065 γάρ
274 984 303 1044 ὄν
323 989 379 1048 ἔστι
393 986 424 1047 τθ
439 989 487 1061 μίν
500 995 561 1051 καθ’
573 994 648 1068 αὐτό,
661 995 691 1056 τὸ
703 997 730 1058 δέ
742 1001 811 1060 κατδι
823 1025 891 1080 συμ-
938 1007 1050 1072 Scholl.
1070 1012 1103 1072 in
1118 1013 1206 1075 Arist.
1226 1037 1255 1096 p.
1276 1019 1342 1080 353.
1358 1019 1389 1082 b.
1403 1024 1451 1084 ed.
1470 1027 1623 1108 lli-andra.)
1640 1033 1667 1090 ἐν
1687 1032 1719 1106 δὴ

108 1071 234 1147 ῦεῦηκύτ,
247 1073 315 1135 οὔτω
327 1075 373 1136 καί
387 1078 469 1138 αίτιον
487 1081 620 1162 ἰνδέχτται
634 1074 717 1159 εἶναι,
736 1079 789 1148 οἷον
810 1093 892 1160 ciulac
938 1097 1037 1168 τούτοις
1051 1106 1065 1161 δ
1079 1099 1259 1186 Ἀλέξανδρος,
1276 1105 1352 1188 ὅπερ,
1366 1111 1463 1190 φησίν,
1478 1117 1493 1172 θ
1508 1116 1624 1178 Πλάτων
1642 1123 1667 1178 ἰν
1682 1126 1720 1180 τῶ

106 1163 166 1220 καθ’
181 1163 245 1222 αὐτὸ
264 1161 312 1241 μέν
328 1164 411 1226 αἴτιον
430 1167 461 1228 τδ
475 1169 655 1248 οἰκοδομικόν,
670 1174 739 1234 κατὰ
753 1177 890 1257 συμύεύη-
937 1185 1038 1268 δεκάτῳ
1053 1191 1105 1249 τῶν
1125 1191 1223 1270 Νόμων
1239 1195 1361 1274 βούλεται
1381 1201 1478 1274 δεῖξαι,
1493 1202 1539 1262 καὶ
1554 1207 1597 1264 διὰ
1613 1182 1718 1268 πολλῶύ

106 1247 190 1316 αδςδθ
205 1250 234 1310 τύ
249 1252 339 1314 λευκδν
355 1253 417 1326 hei
430 1255 566 1342 μουσικόν.
580 1259 618 1320 Ti
631 1261 679 1338 μέν
693 1254 737 1324 οὐν
752 1270 812 1326 καθ’
826 1270 889 1328 αὐτὸ
937 1275 1000 1335 αὐτὸ
1023 1275 1152 1352 δείκνυσι,
1174 1287 1252 1341 τοῦτο
1274 1283 1316 1342 διδ
1349 1287 1469 1366 βραχέων
1495 1293 1509 1347 δ
1538 1291 1718 1370 Ἀριστοτελης

105 1336 188 1398 αἴτιον
203 1341 363 1421 ὡρισμένον,
378 1343 408 1402 τὸ
431 1343 459 1404 δέ
483 1345 551 1408 κατὰ
565 1349 733 1424 συμῦεῦηκύς
756 1355 889 1437 άύριστον·
937 1361 1029 1429 ἔδειξεν
1043 1365 1171 1443 ἐνταῦθα,
1184 1367 1232 1440 τὴν
1248 1374 1294 1441 τῆς
1312 1371 1392 1451 τύχης
1407 1373 1483 1455 ρῦσιν
1496 1375 1553 1449 ἥτις
1568 1379 1631 1439 ποτέ
1647 1382 1717 1439 ἔστιν

106 1425 204 1507 ἄπειρα
221 1429 272 1511 γθρ
290 1428 322 1492 δν
338 1435 375 1512 τῷ
390 1431 428 1494 ένδ
440 1434 571 1512 συμύοιίη.
584 1439 711 1522 Καθάπερ
723 1435 767 1503 οὐν
782 1445 888 1526 ίλέχθη,
935 1451 1104 1530 ὁρισάμενος,
1119 1451 1164 1513 καί
1177 1455 1260 1525 δείξας
1274 1455 1314 1517 ὅτι
1326 1461 1432 1538 ὐστίρα.
1445 1461 1480 1522 ‘0
1495 1463 1521 1522 δὲ
1534 1464 1658 1543 Εὔδημος
1672 1467 1719 1535 τάν

105 1512 169 1574 ὅταν
182 1518 210 1574 έν
227 1526 281 1586 τοῖς
298 1519 374 1580 tutat
385 1543 430 1581 του
444 1525 587 1601 γινομένοις
602 1531 679 1588 τοῦτο
692 1531 814 1613 γίνηται,
830 1535 888 1596 τότε
935 1528 983 1606 μέν
998 1530 1075 1610 φύσιν
1091 1536 1138 1606 τῆς
1152 1534 1259 1615 τέχνης,
1274 1535 1321 1610 τὴν
1337 1539 1363 1597 δὲ
1376 1541 1470 1620 τέχνην
1484 1547 1530 1615 τῆς
1551 1544 1631 1624 τύχης
1650 1570 1716 1626 προ-

104 1604 210 1682 λέγεται
227 1605 280 1666 int
295 1608 458 1686 ταύτομάτου
471 1612 516 1670 καὶ
531 1612 583 1672 ἀπὸ
597 1614 688 1696 τύχης.
934 1617 1010 1699 τέραν
1022 1619 1161 1682 δείκνυσιν.
1177 1625 1220 1683 De
1235 1647 1267 1684 re
1282 1628 1345 1706 ipsa
1357 1630 1427 1688 vide
1441 1630 1627 1692 Aristotelem
1640 1635 1718 1695 inire

146 1692 340 1772 (Aristoteles
352 1697 441 1776 Phys.
453 1699 508 1763 lib.
525 1700 551 1762 ll
572 1722 637 1782 cap.
658 1705 755 1784 δρας.
779 1711 887 1787 196,b,
935 1699 999 1786 cap.
1015 1709 1051 1782 83
1068 1711 1135 1768 item
1150 1712 1300 1773 Platonem
1316 1715 1352 1774 de
1367 1716 1456 1794 legg.
1474 1720 1511 1792 X,
1529 1723 1615 1798 888.)

105 1805 139 1857 17
160 1783 205 1842 ed.
218 1784 341 1847 delier.
364 1786 482 1865 liey'ecta
499 1790 633 1850 codicum
653 1797 888 1874 scripturalium
977 1815 1014 1856 τι.
1040 1799 1093 1858 Καὶ
1111 1798 1235 1878 Εὐδημοτ
1256 1801 1283 1860 δὲ
1299 1801 1330 1861 ἂν
1349 1804 1397 1880 μὲν
1417 1805 1446 1864 τὸ
1460 1805 1529 1865 κατὰ
1543 1807 1590 1879 τὴν
1607 1809 1717 1890 τέχνην,

105 1874 183 1942 δῆλον
203 1869 244 1932 ύτι
261 1872 307 1932 καί
323 1876 349 1933 ἐν
364 1884 416 1945 τοῖς
439 1876 512 1956 παρὰ
533 1876 562 1938 τύ
586 1883 728 1958 άναγιιαῒον
742 1887 787 1944 καί
807 1886 836 1946 τδ
854 1891 889 1957 ὡς
935 1884 1029 1964 φησίν,
1042 1886 1206 1966 ἀποτελέσῃ,
1222 1889 1330 1970 εὐτυχία
1342 1889 1464 1972 λέγεται,
1482 1895 1513 1953 θν
1529 1895 1641 1977 δὲπαρά
1653 1899 1718 1958 ταύ-

101 1957 147 2017 εἰιλ
170 1957 236 2018 πολὺ
253 1958 323 2019 έστιν
338 1959 394 2021 ίνια
413 1967 531 2044 reposui
555 1965 624 2026 ὥστε
645 1969 722 2040 δῆλον
738 1969 777 2030 δτι
794 1973 839 2032 καί
861 1977 887 2033 ἐν
932 1995 997 2046 την,
1013 1975 1117 2054 ἀτυχία.

101 2053 155 2114 τοῖς
168 2045 241 2127 παρὰ
256 2047 285 2107 τύ
301 2051 442 2127 ἀναγκαῖον
455 2052 499 2111 καὶ
515 2055 567 2122 τοῖς
578 2059 612 2122 ὡς
627 2055 671 2115 tut
685 2057 716 2117 τδ
733 2059 801 2120 πολὺ
816 2059 886 2122 ίστιν
974 2061 1162 2142 (Simplicius
1185 2066 1216 2125 in
1233 2067 1397 2128 Aristotelis
1421 2070 1512 2148 Phys.
1531 2073 1582 2136 sol.
1602 2075 1649 2136 81.
1666 2077 1717 2153 qui

99 2133 168 2196 ἔνια.
187 2133 354 2214 Simplicius
373 2139 423 2202 sol.
439 2141 486 2214 75.
500 2141 531 2204 b.
549 2141 607 2225 (cl.
629 2144 736 2206 Scholl.
747 2148 779 2207 in
794 2149 884 2212 Arist.
933 2162 1028 2210 tamen
1055 2151 1200 2230 Stagiritae
1226 2158 1398 2216 sententiam
1414 2157 1451 2217 ab
1472 2159 1602 2220 Eudemo
1625 2175 1718 2221 mutu-

99 2243 167 2302 pag.
181 2223 250 2286 352.
264 2245 291 2286 a.
309 2226 356 2285 ed.
368 2227 524 2307 litandis.)
540 2229 594 2290 ὁδί
609 2231 731 2310 Εὔδημος
751 2235 819 2296 οὔτω
829 2237 886 2316 {dd-
932 2251 990 2296 tam
1014 2259 1076 2298 esse
1096 2240 1211 2318 probat.
1224 2242 1297 2302 Vide
1322 2246 1488 2323 Aristotelis
1510 2247 1599 2306 verba
1624 2245 1712 2326 Phys.

98 2335 202 2386 κνυσιν,
216 2311 256 2372 du
272 2314 367 2396 ἡτύχη
382 2318 408 2376 ίν
421 2325 475 2386 τοῖς
490 2317 567 2380 ἕνεκά
578 2342 622 2380 του
638 2348 650 2375 ι
667 2323 692 2380 έν
705 2313 750 2398 οἷς,
763 2325 842 2405 ρησί,
855 2327 885 2384 τὸ
931 2323 983 2384 lib.
998 2329 1026 2383 ll
1043 2345 1105 2405 cap.
1123 2328 1139 2385 5
1156 2349 1185 2406 p.
1208 2350 1274 2407 197,
1294 2331 1331 2388 οὔ
1348 2331 1417 2412 τύχη
1433 2331 1459 2391 δέ
1475 2331 1559 2410 ἀγαθὴ
1576 2335 1623 2412 μὲν
1638 2334 1712 2413 λέγε-

98 2403 209 2482 τἰτυχεῖν
223 2399 269 2462 καλ
283 2405 418 2484 εὐτυχεῖν,
433 2409 459 2464 ἒν
470 2407 569 2476 τούτοις
586 2409 655 2469 έστὶν
672 2417 687 2482 ἡ
702 2411 786 2492 τύχη·
800 2419 885 2473 ταῦτα
931 2435 990 2490 ται,
1002 2413 1064 2472 ὅταν
1080 2416 1175 2494 ἀγαθόν
1190 2439 1216 2475 τι
1236 2417 1341 2496 άποὸῇ,
1364 2421 1451 2500 φαύλη
1473 2421 1514 2494 δέ,
1529 2421 1592 2479 ὅταν
1615 2423 1713 2502 φαῦλόν

98 2489 128 2548 δὲ
146 2492 173 2549 ίν
192 2481 230 2559 οἷς
243 2495 341 2568 ἀγαθοῦ
356 2493 482 2564 έπίτευξις
496 2495 542 2554 καλ
556 2497 691 2567 άπύτευξ-ις
707 2500 751 2559 καί
766 2499 884 2563 τὸένεκά
930 2523 969 2573 τι,
985 2501 1093 2580 εὐτυχία
1118 2503 1145 2561 δὲ
1171 2503 1216 2561 καὶ
1238 2504 1379 2583 δυστυχία,
1402 2507 1464 2565 ὅταν
1490 2509 1597 2586 μέγεθος
1619 2510 1712 2589 ἔχοντα

96 2600 159 2637 του·
178 2587 227 2644 πᾶς
241 2575 291 2659 γάρ
308 2581 321 2637 θ
334 2579 410 2641 ἕνεκά
424 2605 469 2642 του
484 2583 606 2666 πράττων
623 2588 722 2664 ἀγαθοῦ
734 2587 843 2668 ἐφίεται.
868 2617 880 2644 υ
929 2593 1026 2648 ταῦτα·
1042 2589 1083 2648 διδ
1096 2590 1141 2648 καί
1156 2590 1185 2649 τὸ
1199 2591 1273 2672 παρίι
1288 2593 1381 2673 μικρὸν
1396 2595 1476 2654 κακὸν
1492 2595 1509 2666 ἢ
1530 2597 1625 2675 ἀγαθὸν
1644 2598 1712 2676 μέγα

97 2665 134 2726 Ὁ
149 2665 177 2724 δὲ
197 2665 273 2746 λόγος
286 2658 358 2736 αὐτος
372 2671 419 2742 τλν
436 2669 519 2752 τύχην
532 2671 615 2746 μάνην
631 2676 657 2732 ἐν
670 2677 723 2743 τοῖς
743 2675 819 2736 ἕνεκά
838 2700 883 2738 του
929 2677 1019 2736 λαύιῒν
1034 2674 1051 2748 ἢ
1074 2679 1208 2757 δυστυχεῖν
1222 2676 1239 2750 ἢ
1256 2682 1374 2760 εὐτυχεῖν
1389 2683 1473 2756 ἐστιν,
1490 2683 1530 2742 δτι
1544 2689 1578 2751 ὡς
1593 2687 1710 2766 ὑπάρχον

94 2753 213 2814 τέθεικεν
221 2799 230 2828 ,
243 2753 330 2816 οὐκέτι
343 2757 370 2816 δέ
380 2759 424 2818 καί
438 2761 468 2818 τὸ
479 2761 639 2840 αὐτόματον·
650 2765 712 2824 ὅταν
723 2767 749 2825 δέ
762 2765 796 2826 τὰ
808 2767 884 2827 ἕνεκά
929 2765 999 2846 λέγει
1024 2773 1041 2840 ἡ
1056 2767 1173 2826 διάνοια·
1192 2766 1221 2826 τθ
1245 2767 1295 2848 γδρ
1318 2769 1391 2849 παρὰ
1407 2772 1498 2852 μικρὸν
1524 2771 1613 2856 ὥσπερ
1637 2777 1709 2834 οὐδὲν

96 2866 145 2902 του
162 2842 303 2921 γινόμενα,
319 2851 402 2906 ταῦτα
424 2849 451 2908 δι’
466 2851 522 2910 ἐστι
541 2851 575 2910 τά
590 2876 617 2912 τε
633 2853 687 2912 ἀπὸ
701 2855 816 2923 διανοίας
838 2858 882 2917 καί
929 2855 1037 2936 άπέχειν
1053 2855 1132 2915 δοκεῖ.
1145 2857 1187 2915 hd
1204 2876 1291 2935 quem
1302 2857 1399 2917 locum
1414 2859 1581 2939 Simplicius
1592 2863 1643 2923 fot.
1661 2885 1708 2938 77.

94 2931 132 2989 τὰ
149 2933 201 2990 ἀπὸ
216 2931 333 3013 φύσεως,
353 2937 379 2993 ἓν
401 2937 454 3005 τοῖς
476 2941 520 2998 ἐπ’
538 2940 647 3000 έλαττον
661 2942 729 3001 κατδι
744 2943 882 3017 συμύεῦη-
929 2941 956 3000 b.
981 2942 1021 3004 ύτι
1036 2945 1062 3002 ἐν
1083 2941 1187 3020 μεγάθει
1203 2949 1219 3015 ἡ
1236 2945 1345 3024 εὐτυχία
1364 2945 1438 3023 ἐστί,
1456 2949 1600 3024 δείκνυσιν,
1615 2941 1706 3026 οἶμαι,

94 3019 142 3086 κὀς
160 3019 266 3097 γένηταί
280 3045 347 3090 τινος
363 3023 453 3099 αἴτια,
467 3025 527 3086 τότε
545 3027 578 3088 τδι
595 3029 722 3107 γινόμενα
737 3031 789 3091 ἀπὸ
803 3033 883 3112 τύχης
928 3029 1036 3106 δυνάμει
1052 3031 1265 3111 συλλογιζόμενος
1280 3033 1371 3101 οὔτως.
1386 3035 1419 3094 ‘ll
1436 3035 1545 3116 εὐτυχία
1559 3036 1605 3097 καλ
1618 3040 1710 3098 ducru-

94 3106 187 3165 τεκαὶ
208 3111 237 3166 εἰι
255 3110 421 3185 ταύτομάτου
439 3113 526 3193 ραμίν
546 3113 674 3193 γίνεσθαι.
693 3115 826 3194 Neglexit
850 3123 881 3180 in
927 3115 991 3197 χία,
1007 3119 1055 3178 κᾶν
1070 3119 1143 3199 παρὰ
1159 3121 1250 3200 μικρὸν
1266 3121 1347 3202 ἔχωσι
1362 3123 1391 3182 τὸ
1411 3123 1533 3204 μέγιστον
1548 3124 1645 3204 ἀγαθὸν
1664 3126 1710 3186 καὶ

92 3197 146 3255 hia
166 3195 310 3256 Eudemus
328 3199 495 3262 Aristotelis
520 3207 820 3281 argumentationem,
842 3210 883 3268 ita
927 3203 1022 3280 κακόν,
1035 3207 1143 3287 εὐτυχία
1162 3207 1207 3266 καὶ
1227 3209 1355 3289 δυστυχία
1378 3211 1454 3270 εἰσίν·
1476 3212 1509 3272 τὰ
1523 3212 1596 3293 παρὰ
1618 3217 1709 3294 μικρὸν

93 3297 129 3343 ut
150 3303 203 3343 suo
218 3305 299 3344 more
313 3306 374 3346 rem
386 3291 476 3368 paulo
493 3292 580 3351 aliter
599 3295 774 3355 confirmare
784 3298 881 3356 stude·
927 3291 1021 3373 ἔχοντα
1036 3295 1109 3354 οὐδέν
1121 3287 1199 3368 ἧττόν
1215 3299 1271 3356 ἐστι
1285 3304 1361 3357 τοῦτο
1375 3297 1440 3381 ὅπερ
1453 3299 1573 3378 λέγεται·
1584 3307 1668 3360 ταῦτα
1683 3303 1709 3362 δὲ

93 3385 161 3446 γει,
175 3372 320 3452 probandi
335 3379 448 3438 ratione
466 3399 482 3439 e
496 3384 629 3460 sequenti
641 3385 733 3463 cupite
754 3389 877 3464 sumta.)
926 3383 952 3438 ἐν
967 3381 1069 3457 μεγέθει
1081 3382 1137 3444 ἐστί
1148 3429 1156 3456 ,
1169 3383 1235 3442 διύτι
1247 3387 1273 3443 ἐν
1286 3393 1340 3454 τοῖς
1353 3387 1475 3466 μεγέθεσι
1488 3388 1518 3447 τύ
1530 3387 1603 3468 παρὰ
1616 3391 1709 3470 μικρὸν

137 3482 176 3522 at.
202 3459 280 3521 Ἐπεί
296 3463 318 3520 δ’
335 3465 390 3524 ἐστί
411 3467 442 3527 τδ
460 3468 607 3547 αὐτόματον
628 3472 704 3544 καλή
725 3470 794 3553 τύχη
810 3474 880 3532 αἴτια
925 3469 997 3526 οὐδέν
1010 3469 1119 3550 ἀπέχειν
1133 3473 1203 3531 δοκεῖ
1216 3478 1260 3532 τοῦ
1275 3472 1350 3534 ὅλου·
1365 3482 1381 3550 ἡ
1396 3475 1446 3556 ἄρα
1463 3476 1572 3556 εὐτυχία
1588 3477 1633 3535 καί
1649 3479 1709 3537 δυσ-

92 3541 134 3608 ὧν
154 3547 185 3608 δν
200 3547 217 3620 ἢ
230 3553 289 3615 νοῦς
302 3549 403 3630 γένοιτο
424 3552 505 3622 αίτιος
522 3555 540 3627 ἢ
555 3557 630 3638 φύσις
653 3557 714 3618 ὅταν
729 3561 798 3621 ιιατδι
813 3585 881 3639 συμ-
925 3557 1005 3637 τνχία
1019 3562 1053 3625 ὡς
1072 3559 1179 3638 μέγεθος
1194 3559 1288 3644 ἔχοντα
1303 3563 1408 3643 λέγεται
1426 3567 1515 3632 οὔτως.
1530 3566 1709 3625 lilonendum

91 3636 209 3708 ύεῦηιιύς
233 3635 315 3716 αἴτιόν
330 3665 357 3699 τι
377 3639 485 3719 γένηται
507 3643 608 3704 τούτοιν
629 3648 732 3721 αὐτῶν,
754 3648 826 3706 οὐδέν
853 3648 880 3708 δὲ
928 3659 1023 3707 autem
1040 3649 1134 3708 solum
1150 3649 1283 3710 codicem
1301 3651 1501 3712 Parisiensem
1516 3673 1581 3712 cum
1592 3653 1710 3712 Themi·

91 3726 166 3785 κατὰ
182 3727 351 3804 σομύεύηκάς
371 3731 427 3789 ἐστι
447 3730 573 3813 πρότερον
588 3736 640 3791 τῶν
657 3738 715 3793 καθ’
737 3737 817 3814 αὐτό,
835 3739 880 3810 δῆ-
925 3738 980 3795 stio
988 3756 1119 3796 servasse
1132 3739 1239 3812 videri,
1255 3741 1335 3818 quod
1350 3741 1526 3800 Aristotcles
1535 3763 1566 3820 p.
1586 3763 1652 3818 197,
1670 3743 1706 3799 25

90 3819 142 3874 λαν
155 3814 197 3874 ὅτι
211 3817 269 3878 οὐδὲ
286 3818 316 3878 τὸ
330 3819 398 3878 κατύ
415 3820 584 3900 συμύεόηκὸς
598 3821 679 3882 αἴτιον
695 3823 818 3905 πρότερον
833 3833 879 3885 τοῦ
925 3824 1044 3902 scripsit
1060 3847 1066 3882 ι
1084 3826 1192 3906 εὐτυχία
1207 3827 1235 3884 δι’
1245 3829 1314 3884 ίστιν
1329 3829 1390 3885 ὅταν
1405 3829 1440 3892 ὡς
1452 3827 1589 3904 προείλετο
1603 3828 1705 3908 άπούῇ,

92 3903 154 3962 καθ’
169 3905 240 3966 αὐτά.
251 3903 382 3989 Ὕστερον
398 3907 449 3989 άρα
460 3910 489 3968 τύ
502 3909 650 3988 αὐτόματον
664 3910 737 3985 καὶὴ
753 3911 821 3992 τύχη
834 3909 879 3969 καί
925 3911 1021 3991 ἀτυχία
1038 3911 1061 3972 δ’
1081 3913 1143 3971 ὅταν
1167 3913 1239 3994 trapi
1260 3913 1308 3984 t'lt
1328 3915 1489 3996 προαίρεσίν·
1514 3915 1594 3975 Hanc
1620 3917 1708 3993 lssllffl'

91 3995 141 4052 νοῦ
162 3993 208 4052 καί
233 3994 348 4076 φύσεως·
374 3995 438 4057 ὥστ’
462 4000 485 4057 τί
505 3997 544 4057 du
568 3998 683 4076 μάλιστα
705 4007 750 4061 τοῦ
768 4002 877 4081 οὐρανοῦ
925 4001 1097 4060 sententiam
1112 4001 1200 4060 aliter
1214 4003 1358 4081 expressit
1372 4001 1546 4081 Eudemus.)

1414 579 1515 660 ρύτερον
1537 592 1594 644 νοῦν
1615 589 1660 648 καὶ
1675 592 1722 670 ρύ·

1096 648 1160 717 τίνα·
1175 660 1220 719 καὶ
1237 661 1323 723 άλλων
1333 668 1437 728 πολλῶν
1453 669 1498 727 καὶ
1512 675 1585 733 τοῦδε
1595 681 1641 736 τοῦ
1655 701 1719 738 παν-

93 4277 147 4328 test
162 4275 189 4327 id
201 4289 271 4341 esse,
287 4279 353 4343 quod
371 4279 566 4345 alicuius.gratia
581 4283 617 4333 tit.
632 4283 694 4334 Sunt
706 4285 790 4334 autem
803 4281 878 4332 aticu-
923 4295 1029 4349 quorum
1044 4285 1089 4334 aut
1101 4295 1171 4334 mens
1183 4286 1227 4334 uui
1236 4285 1326 4334 natura
1341 4283 1393 4336 lieri
1405 4297 1487 4336 cauam
1499 4289 1618 4351 possunt,
1630 4301 1707 4351 quum

89 4369 134 4428 jus
155 4365 304 4430 gratiaque
324 4381 339 4418 a
357 4371 441 4421 mente
454 4370 494 4435 agi
516 4373 620 4435 possunt
635 4374 660 4424 et
675 4384 732 4436 que
747 4385 762 4422 a
779 4373 877 4423 natura.
924 4384 969 4436 per
982 4370 1096 4422 accidens
1113 4371 1240 4437 quippiam
1256 4371 1345 4422 horum
1359 4373 1470 4439 ipsorum
1492 4374 1599 4428 habetur
1614 4389 1705 4432 eausa:

91 4452 216 4512 Quocirca
235 4453 292 4506 tatia
305 4470 382 4522 quum
399 4471 444 4522 per
459 4458 574 4511 accidens
587 4459 666 4523 liunt,
683 4460 810 4510 atortuua
821 4473 877 4524 pro·
923 4461 998 4524 atque
1011 4457 1071 4510 nihil
1087 4472 1173 4510 eorum
1189 4464 1315 4525 quaesunt
1328 4474 1373 4526 per
1386 4461 1515 4524 accidens,
1527 4462 1596 4528 prius
1609 4467 1648 4514 est
1666 4461 1707 4514 hia

93 4541 489 4596 [animumanimumum
509 4549 538 4597 ut
554 4559 598 4597 ena
612 4546 680 4598 aliud
695 4559 792 4611 perae,
810 4545 877 4597 aliud
922 4560 980 4612 qum
994 4549 1051 4598 sunt
1067 4560 1110 4611 per
1128 4561 1154 4598 se
1170 4565 1176 4597 :
1193 4549 1314 4612 sequitur,
1331 4553 1360 4600 ut
1371 4563 1402 4601 ne
1414 4549 1463 4600 latu
1473 4550 1573 4613 quidem
1591 4565 1648 4614 quse
1660 4563 1705 4614 per

90 4641 139 4694 per
152 4629 267 4681 accidens
278 4635 317 4682 eet
330 4652 335 4681 :
353 4633 389 4683 uic
401 4635 427 4684 et
438 4646 514 4685 causa
526 4647 582 4686 esee
599 4635 698 4700 puteat,
710 4633 775 4687 sicut
786 4633 876 4687 domna
922 4635 1035 4688 accidens
1048 4649 1123 4688 cuum
1137 4639 1176 4688 est
1185 4636 1250 4687 illam
1264 4651 1321 4701 qum
1330 4651 1374 4703 per
1386 4651 1413 4688 se
1424 4641 1463 4689 eet
1475 4651 1551 4688 causa
1565 4637 1702 4689 antecedat.

90 4728 139 4780 per
159 4729 187 4766 ae
199 4717 300 4780 quidem
320 4733 394 4770 cauea
415 4721 593 4786 architectura,
612 4736 657 4788 per
669 4721 784 4776 accidens
795 4725 878 4775 autem
921 4727 1042 4780 Nimirum
1054 4729 1164 4780 casuaet
1180 4729 1278 4780 fortuna
1292 4728 1415 4793 posterior
1426 4731 1453 4779 et
1468 4729 1550 4780 mente
1563 4729 1639 4778 eatet
1657 4739 1703 4778 ua·

89 4803 233 4858 alhummt
247 4807 408 4858 concinnitas.
428 4811 537 4872 mergo
557 4823 633 4862 eausa
644 4824 701 4875 qne
719 4812 758 4862 eet
778 4823 875 4875 perse,
921 4817 989 4870 tura.
1006 4815 1173 4876 Quamobrem
1192 4817 1213 4867 si
1224 4829 1299 4880 quam
1322 4816 1430 4867 maxime
1444 4815 1500 4867 cmii
1513 4827 1588 4865 cauea
1607 4816 1647 4866 eat
1662 4827 1703 4865 ca·

92 4891 195 4946 detinita
206 4897 259 4958 est,
281 4907 311 4947 ca
324 4909 390 4958 ¹rem
403 4911 460 4961 que
472 4902 510 4950 est
524 4912 568 4963 per
586 4899 715 4963 accidens,
731 4899 859 4951 indcium
870 4919 876 4950 ι
922 4917 966 4956 sue
982 4923 990 4960 ι
1002 4917 1103 4956 necesse
1113 4907 1152 4957 est
1162 4905 1271 4970 priorem
1282 4906 1389 4957 mentem
1401 4905 1476 4968 atque
1484 4907 1599 4954 naturam
1609 4903 1636 4955 et
1645 4902 1702 4954 atio

91 4980 185 5046 quippe
196 4979 289 5033 intuita
304 4983 347 5033 uni
361 4984 485 5036 accidunt.
498 4987 529 5036 Ut
542 4985 617 5050 igitur
627 4986 723 5039 dictum
736 4990 788 5048 est,
800 4999 878 5053 quum
923 5007 979 5046 rum
990 4995 1124 5046 multorum
1138 4998 1164 5046 et
1181 4996 1258 5060 hujus
1270 4993 1379 5046 universi
1393 5005 1495 5045 caueam
1506 5003 1571 5044 esee.

90 5065 118 5118 in
136 5067 382 5138 hia,queaticu1ua
397 5073 565 5139 gralialium,
585 5074 611 5126 iu
628 5075 724 5140 creuit,
736 5079 798 5128 tunc
814 5075 878 5126 sorte
954 5088 991 5134 25.
1009 5085 1055 5136 sed
1071 5083 1198 5136 Eudemus
1212 5097 1325 5150 quoque,
1339 5081 1361 5134 εἰ
1373 5081 1442 5147 quis,
1454 5079 1545 5146 inquil,
1564 5093 1627 5147 ⁰1³⁰!
1639 5080 1703 5134 θῦθ·

91 5153 193 5209 tortum
204 5161 230 5211 et
245 5173 304 5213 οιιειι
317 5162 371 5216 fleri
382 5163 486 5218 dicitur.
921 5169 966 5222 bre
983 5171 1082 5234 iecerit,
1100 5185 1131 5224 ea
1152 5186 1192 5224 res
1211 5172 1315 5225 felicitas
1334 5174 1451 5236 νοοιιθοτς
1470 5170 1492 5224 al
1512 5169 1631 5226 amentia
1649 5175 1711 5232 arte,

125 5249 165 5298 m.
183 5251 305 5308 Quoniam
314 5255 397 5305 autem
407 5259 512 5308 casuuet
521 5255 618 5310 tortum
627 5271 709 5309 cauae
718 5258 876 5322 mutuorum,
923 5258 1062 5312 iuielicitas.
