3958 5942
281 408 345 470 m
790 407 937 472 EUDEMI
956 409 1094 470 Riiomi
1116 410 1381 473 PERIPATETiGi

280 549 338 617 μοῖς
348 545 382 606 ὡς
393 539 455 610 έξις,
469 535 500 596 τδ
513 535 539 596 δὲ
551 536 646 616 θερμόν
660 536 802 615 ἐνσώματι
817 542 852 607 ὡς
866 539 958 610 πόθος.
973 536 1057 602 ‘ssot'
1106 563 1134 621 p.
1155 565 1223 621 ²09·
1253 566 1281 606 ει.
1299 544 1361 624 23)·
1385 547 1408 604 εί
1423 543 1474 624 iii
1493 554 1544 604 πᾶν
1556 545 1585 606 τό
1607 546 1633 606 όν
1646 552 1690 607 ποῦ
1704 551 1768 626 (leg.
1779 553 1825 628 ooi3

265 632 326 688 ὀὐκ
341 627 443 704 ἀνάγκη
461 627 496 692 εἷς
510 624 615 705 ἀπειρον
631 623 707 686 ἰέναι.
1105 621 1155 682 sed
1170 626 1333 684 Aristotelis
1345 623 1414 684 libii
1424 625 1530 684 habent
1541 627 1566 682 έν
1579 625 1666 707 τόπῳλ,
1682 630 1746 696 δῆλον
1756 631 1787 688 δτι
1798 634 1827 688 καί

318 716 509 796 (Aristoteles
530 715 623 791 Phys.
639 715 691 774 lib.
709 715 757 776 iV.
772 739 838 798 cop.
855 719 870 776 3
894 739 922 797 p.
939 743 1008 780 ατο.
1030 720 1058 779 b.
1104 720 1150 772 τοῦ
1161 717 1240 774 τόπου
1249 715 1327 781 τόπος
1337 712 1420 774 ἔσται.
1433 715 1468 774 Εἰ
1481 713 1530 794 γὰρ
1541 714 1575 790 μὴ
1588 713 1677 787 έντινι,
1691 715 1741 772 ἀλλ’
1752 718 1828 798 ἐντότῳ

280 827 328 864 τε.
342 804 390 862 ed.
406 803 526 863 Baikor.
539 803 707 882 Simplicius
724 804 775 865 foi.
800 809 866 865 131.
883 807 995 867 Μέλλων
1014 798 1057 866 οόν
1105 803 1177 882 ἔλεγε
1194 803 1223 862 εδ
1237 801 1265 862 δν
1281 802 1414 882 ἄντικρυς,
1429 806 1484 868 πῶς
1497 801 1535 861 ἔτι
1544 799 1644 860 δυνατόν
1659 794 1687 872 ἦν
1700 801 1737 860 διδ
1748 807 1782 872 τῆς
1792 809 1828 862 τῶν

279 893 322 952 ini
337 893 383 965 τὴν
396 891 497 971 εύρεσιν
519 897 565 952 τοῦ
578 894 658 952 τόπου
673 902 786 974 χωρεῖν,
802 895 857 955 λύει
878 901 981 976 πριῗνεον
995 896 1058 956 ταύ-
1104 890 1131 950 έν
1149 916 1198 952 τινι
1222 893 1346 972 &misti
1364 893 1443 950 λῦσον
1468 887 1514 960 τὴν
1537 887 1643 969 οὀνορίον
1655 889 1751 966 λέγοντο
1763 893 1790 958 iiii
1800 898 1830 949 νῧν

277 1005 325 1052 την
350 982 398 1050 τλν
412 978 523 1060 ἀπορίαν
542 983 571 1040 ίκ
585 983 632 1052 τῆς
653 987 699 1040 τοῦ
723 983 749 1042 έν
775 1007 826 1044 τινι
846 985 1010 1062 διαιρέσεως,
1025 986 1057 1058 ἣν
1104 983 1225 1062 εἴρηται,
1247 977 1330 1037 ὅτιτὸ
1354 977 1402 1056 μέν
1426 981 1503 1055 σῶμα
1522 979 1548 1036 ίν
1568 977 1654 1056 τόπῳ,
1670 982 1683 1036 δ
1701 977 1725 1037 δέ
1737 979 1796 1045 τίνος
1813 981 1830 1036 ἓν

277 1069 424 1150 προέλαόεν
440 1069 552 1135 εἰκότως.
596 1069 711 1136 Εἰκότως
730 1071 757 1130 δέ
774 1073 820 1132 καί
840 1075 869 1133 τὸ
891 1076 972 1151 μηδὲν
992 1066 1059 1134 εἶναι
1105 1068 1191 1150 ἄλλῳ,
1206 1065 1335 1145 circipani
1349 1068 1478 1134 αὗτύιδνύ
1491 1066 1579 1126 iiiiii
1593 1065 1668 1125 ὄννοιν
1683 1057 1769 1126 ‘iiiiii
1782 1068 1831 1144 τύνορ

278 1161 305 1218 ἐν
319 1161 403 1236 ίαυτῷ
418 1157 620 1238 προαπέδειξεν,
634 1153 678 1216 ίνα
691 1159 727 1236 μή
744 1183 781 1228 τις
795 1164 870 1235 οῖηθῆ
884 1162 926 1220 τὸν
938 1163 1059 1236 Ζήνωνος
1104 1155 1169 1218 έστί.
1215 1154 1269 1214 Καί
1281 1154 1346 1233 πρὸς
1360 1154 1408 1232 μέν
1426 1159 1500 1213 τοῦτο
1512 1153 1616 1234 ῥητέον,
1634 1151 1671 1212 δτι
1689 1153 1757 1213 ίοικεν
1765 1157 1784 1213 ἐν
1796 1180 1831 1232 μη-

277 1246 348 1306 λύειν
369 1246 462 1325 λόγον,
483 1244 566 1323 λέγων
586 1245 617 1304 τδ
639 1247 687 1324 μὲν
711 1251 791 1325 σῶμα
806 1251 832 1308 έν
853 1229 944 1332 τόπῳ,
964 1251 1008 1310 τδν
1029 1252 1056 1310 δέ
1105 1242 1200 1324 Stilpo)
1214 1243 1375 1302 τούτωντῶν
1391 1241 1494 1322 χωρίων
1512 1244 1552 1300 ἐπ’
1568 1243 1644 1314 οὖνῆι
1664 1247 1735 1302 iiiiii
1755 1245 1830 1312 νῆτλί-

277 1338 356 1397 τόπον
373 1340 398 1396 έν
421 1339 519 1416 ἑαυτῷ,
535 1336 580 1395 καί
595 1333 664 1395 ούτω
687 1336 716 1396 τὸ
736 1338 778 1398 ἐπ’
803 1338 910 1418 ἄπειρον
931 1341 1057 1402 ἱστόνειν.
1106 1331 1167 1400 ξενος
1179 1331 1222 1392 τον
1235 1330 1356 1404 Ζήνωνος
1370 1333 1461 1413 λόγον,
1478 1331 1536 1392 ἀλλ’
1552 1331 1643 1391 ένοίνοο
1657 1331 1728 1410 μέσον
1739 1357 1760 1391 τι
1772 1333 1832 1391 iiiii·

278 1427 388 1486 Μᾶλλον
403 1415 447 1482 ούν
464 1428 493 1484 ἐκ
507 1428 553 1495 τῆς
573 1428 625 1483 τῶν
638 1423 666 1482 έν
681 1449 731 1484 τινι
746 1427 870 1507 διαφορᾶς
891 1427 945 1487 λύει
965 1428 1057 1495 οὕτως.
1105 1447 1148 1488 τος
1162 1422 1226 1502 ὅπερ
1236 1425 1342 1484 ἀδύνατα
1354 1423 1399 1481 καὶ
1412 1424 1447 1489 είς
1461 1423 1491 1480 τὸ
1506 1426 1532 1482 έν
1547 1421 1618 1502 Ιιόπῳ
1633 1421 1832 1499 μεταλαμόένεοίιι

277 1516 312 1574 lii
328 1515 375 1592 μὲν
389 1513 440 1592 γὰρ
453 1515 573 1591 μοναχῶς
590 1513 619 1572 τὸ
634 1513 660 1572 έν
676 1537 726 1572 τινι
750 1513 795 1573 ἐπί
808 1520 854 1574 τοῦ
874 1517 900 1574 έν
915 1517 989 1596 τόπῳ
1003 1517 1060 1576 έλέ·
1106 1511 1151 1570 καὶ
1164 1516 1199 1580 εἷς
1213 1513 1243 1570 τὸ
1261 1511 1288 1570 έν
1301 1533 1369 1590 iiii,
1388 1512 1464 1579 οὗτος
1480 1511 1529 1582 τὴν
1551 1511 1597 1588 μέν
1621 1510 1721 1590 οἷοορίον
1741 1513 1832 1584 ἔννομον

276 1624 355 1680 γετο,
373 1599 469 1666 ἀλυτος
493 1601 524 1656 ἂν
547 1590 580 1670 ἦν
605 1604 620 1670 ἡ
642 1605 685 1658 τοῦ
710 1599 829 1670 Ζήνωνος
851 1603 964 1682 ἀπορία,
986 1603 1060 1683 εἴπερ
1106 1603 1141 1668 εἷς
1153 1599 1183 1659 τό
1195 1603 1221 1660 έν
1233 1598 1305 1678 τόπῳ
1319 1598 1465 1676 μετέλαὸε,
1480 1603 1514 1678 τῇ
1527 1598 1558 1658 ’δέ
1573 1596 1764 1678 λύσεισυνεργῶν
1779 1596 1833 1664 sicii

277 1698 330 1748 πᾶν
348 1689 377 1746 τὸ
395 1687 423 1747 δν
439 1686 490 1746 είτε
507 1686 536 1745 τδ
552 1688 660 1761 ἁπλῶς,
678 1689 730 1748 εἴτε
751 1691 781 1748 τὸ
799 1689 949 1768 σωματικόν
965 1688 992 1748 έν
1009 1692 1061 1749 τινί
1107 1688 1132 1748 έν
1148 1688 1255 1750 τινι.Τί
1269 1680 1313 1746 τόν
1336 1693 1411 1746 τοῦτο
1429 1687 1459 1748 εδ
1471 1687 1552 1764 μέσον
1566 1687 1633 1759 ἐστί,
1648 1685 1702 1757 ini
1718 1685 1773 1758 πούς
1783 1691 1834 1742 τοῦτο

278 1781 360 1848 ἐστιν,
375 1783 410 1843 ὡς
426 1779 449 1836 οἱ
467 1777 576 1836 παλαιοί
596 1777 692 1844 πάντες
707 1777 823 1846 ἐδόξαζον
838 1781 1060 1858 ὀνειροπολοῦντες
1106 1776 1156 1856 iii
1168 1781 1203 1845 ὡς
1216 1776 1282 1836 έοικε
1298 1775 1344 1834 καί
1357 1775 1387 1834 τό
1405 1778 1430 1834 έν
1445 1777 1520 1855 τόπῳ
1533 1775 1578 1836 καί
1596 1775 1625 1834 τδ
1644 1773 1668 1832 έν
1681 1797 1725 1833 τινι
1737 1771 1835 1850 σημαίνει.

277 1867 324 1937 τὴν
338 1868 363 1923 έν
376 1870 409 1945 τῇ
424 1865 486 1943 ὕλη,
498 1868 557 1931 ὡςδ
572 1865 684 1924 Πλοίτων
695 1865 787 1945 ρησίν,
798 1869 850 1924 τῶν
861 1869 935 1925 εἰδῶν
947 1867 1062 1928 ύπόστα-
1108 1865 1163 1926 Καὶ
1172 1864 1247 1932 αὐτὸς
1260 1864 1460 1943 δἈριστοτίλης
1469 1866 1586 1942 ἐμνήσθη
1598 1869 1642 1924 τοῦ
1651 1864 1696 1922 πού
1706 1863 1746 1943 πρὸ
1756 1869 1790 1922 oi
1799 1868 1836 1920 θεῖ-

278 1977 330 2016 σιν.
342 1952 420 2014 Ἐπελ
436 1953 463 2011 δέ
475 1955 615 2033 πολλαχῶς
629 1953 734 2032 λέγεται
748 1955 777 2014 τό
793 1955 819 2012 έν
833 1977 898 2028 τινι,
921 1958 992 2016 οὐδὲν
1008 1981 1060 2018 κω-
1106 1977 1148 2012 ναι
1158 1954 1202 2014 τὸν
1210 1952 1296 2034 ίτερον
1303 1952 1380 2032 λόγον
1386 1953 1554 2014 εἰπώνέτιδὲ
1564 1953 1608 2014 καί
1614 1953 1685 2022 αὐτὸς
1695 1955 1714 2011 εἷ
1723 1951 1767 2010 ἔστι
1774 1975 1793 2010 τι
1799 1953 1836 2008 τῶν

278 2041 335 2100 λύει
348 2041 391 2100 τόν
406 2041 485 2099 τόπον
497 2043 523 2099 έν
536 2032 558 2120 ᾧ
571 2043 664 2102 ίστιτδ
677 2045 767 2120 σῶμα,
778 2032 844 2100 εἶναι
860 2043 908 2118 μὲν
922 2043 967 2102 καί
981 2046 1059 2106 αὐτὸν
1106 2044 1202 2122 όντων,
1214 2049 1265 2104 ποῦ
1278 2043 1370 2117 ἔσται,
1383 2043 1425 2101 τόν
1438 2043 1465 2102 δέ
1478 2043 1555 2123 λόγον
1569 2047 1667 2126 ἐρωτῶν
1678 2044 1709 2110 εἷς
1720 2041 1744 2100 τό
1756 2042 1776 2098 έν
1786 2041 1836 2116 τόπῳ

134 2141 156 2150 ”“
277 2130 305 2192 έν
321 2131 430 2208 τινι,σῦ
446 2130 497 2206 μὴν
512 2132 538 2188 έν
554 2128 635 2211 τόπῳ·
649 2131 721 2188 οὐδὲν
734 2130 785 2211 γόιρ
808 2131 904 2190 κωλύει
919 2132 949 2190 τὸ
968 2133 1015 2209 μὲν
1034 2138 1060 2194 έν
1106 2132 1135 2191 τδ
1153 2129 1202 2191 πού
1217 2129 1362 2208 μετίλαόεν
1377 2130 1466 2189 simii·
1490 2134 1515 2190 εἷ
1529 2132 1578 2210 γὰρ
1593 2141 1642 2190 πᾶν
1654 2130 1681 2190 τὸ
1694 2129 1729 2203 όν,
1744 2130 1765 2186 έν
1777 2125 1834 2206 τόπῳ.

279 2220 352 2300 ἄλλῳ
368 2211 449 2291 εἶναι,
465 2218 495 2278 τδ
513 2217 540 2278 δέ
554 2222 580 2278 έν
593 2219 676 2296 ἄλλῳ·
690 2225 707 2292 ἡ
722 2222 774 2300 γὰρ
794 2219 877 2295 ὑγίεια
897 2221 924 2279 έν
940 2227 1058 2302 θερμοῖς,
1107 2221 1189 2281 Kaio
1206 2219 1327 2296 Εὔδημος
1344 2217 1372 2276 δέ
1385 2217 1468 2286 ούτως
1483 2221 1583 2299 ίστορεῖ
1601 2221 1645 2293 τὴν
1664 2218 1767 2292 Ζήνωνος
1781 2215 1834 2283 δόξει

279 2311 337 2368 ἀλλ’
352 2312 386 2374 ὡς
401 2307 466 2380 ἕξις,
479 2308 509 2366 τὸ
524 2309 551 2367 δὲ
566 2308 660 2386 θερμὸν
676 2315 702 2366 έν
723 2309 830 2386 σώματι
845 2308 951 2376 ἀλλ’ὡς
964 2312 1059 2385 πόθος,
1105 2309 1198 2388 λέγων·
1210 2337 1222 2361 ι
1232 2307 1275 2367 ἐπὶ
1286 2307 1378 2366 ταῦτδν
1393 2308 1420 2367 δὲ
1432 2307 1478 2366 καί
1494 2309 1639 2379 ἡΖήνωνος
1650 2305 1735 2387 ἀπορία
1749 2303 1835 2385 ραίνετιι

277 2396 308 2456 τό
319 2396 345 2455 δὲ
358 2399 436 2474 σῶμα
453 2399 478 2454 έν
498 2396 580 2477 τόπῳ.
594 2396 716 2477 Διαφέρει
735 2397 762 2455 δὲ
784 2401 801 2468 ἡ
816 2395 866 2465 ίξις
884 2403 929 2456 τοῦ
944 2398 1059 2478 πάθους,
1106 2398 1189 2476 ἄγειν·
1202 2397 1272 2467 ἀξιον
1284 2396 1334 2476 γὰρ
1346 2403 1399 2454 πᾶν
1414 2395 1443 2455 τό
1456 2395 1485 2455 δν
1502 2397 1555 2456 πού
1571 2387 1644 2460 εἶναι.
1686 2398 1716 2456 Εἰ
1727 2395 1750 2452 δέ
1760 2397 1770 2450 i
1782 2391 1836 2451 τότπ

278 2486 336 2546 καθ’
352 2482 410 2544 ὅσον
431 2489 448 2556 ἡ
475 2483 522 2563 μίν
540 2485 671 2557 τελειότης
690 2486 735 2544 καί
758 2477 823 2552 eiii<
847 2489 934 2559 ἔστιν,
959 2491 995 2554 ὡς
1015 2488 1060 2546 καί
1106 2489 1158 2545 τῶν
1186 2485 1284 2556 ὄντοιν,
1310 2483 1360 2544 πού
1381 2483 1413 2543 ἀν
1440 2483 1492 2557 είη.
1538 2489 1638 2546 Οὐκοῦν
1659 2488 1683 2544 ἐν
1702 2484 1764 2560 ἄλλῳ
1775 2480 1836 2556 τόπῳ,

278 2572 403 2654 πρότερον
425 2573 617 2652 ἐμνημόνευσε,
641 2574 671 2632 τὸ
692 2575 719 2632 δὲ
743 2573 859 2640 διοίίλεσις
880 2574 1060 2647 εύαπόόλητος
1105 2575 1222 2641 κάκεῖνος
1235 2573 1266 2644 δὴ
1278 2575 1304 2632 έν
1319 2573 1409 2652 ἄλλῳ,
1425 2574 1469 2632 καί
1487 2572 1570 2642 οὕτως
1585 2579 1620 2641 εἷς
1632 2575 1660 2633 τὸ
1675 2573 1780 2651 πρόσειπε
1802 2566 1838 2626 iiii

278 2665 323 2722 καὶ
338 2665 384 2722 οὐκ
394 2661 547 2728 οὖσιοπσιός·
558 2669 679 2720 τοιαῦται
692 2659 743 2740 γίιρ
753 2662 798 2721 καὶ
813 2665 839 2720 ἐν
855 2663 1024 2743 κατηγορίαις
1033 2665 1060 2720 αἱ
1105 2666 1166 2742 δρᾷς
1177 2663 1218 2722 ότι
1231 2661 1276 2721 καὶ
1294 2664 1308 2720 ό
1321 2659 1441 2738 Εὔδημος
1451 2661 1519 2742 πρὸς
1534 2662 1562 2722 εδ
1575 2665 1619 2734 τῆς
1633 2659 1732 2739 ἀπορίας
1741 2655 1836 2736 χρίονρον

278 2753 421 2824 παθητικαί
435 2752 572 2822 ποιότητες
584 2749 712 2827 ἐλέγοντο.
730 2749 811 2809 Ούτω
827 2751 854 2810 δὲ
868 2751 941 2815 οὐδὲν
963 2751 1059 2810 κωλύει
1105 2750 1244 2818 τὸπούείς
1262 2750 1330 2808 τὸέν
1345 2749 1418 2831 τόπῳ
1434 2751 1589 2828 μετέλαόεν.
1631 2742 1839 2813 Ὄπωιδένοίον·

281 2841 310 2898 τό
326 2839 372 2918 μέν
390 2843 469 2916 σῶμα
490 2840 517 2898 έν
538 2836 612 2917 τόπῳ
627 2828 710 2911 εἶναι,
733 2839 777 2899 τδν
797 2839 825 2898 δὲ
849 2839 930 2898 τόπον
946 2841 972 2897 ἐν
987 2839 1060 2920 ἀλλῳ
1106 2837 1148 2904 τδς
1162 2837 1268 2906 iiiia&
1285 2837 1315 2895 τὸ
1330 2836 1380 2895 πού
1393 2839 1440 2897 καί
1452 2839 1492 2898 ὅτι
1506 2841 1575 2899 κατὰ
1585 2839 1666 2898 κοινὸν
1678 2834 1837 2912 σημαινόμενον

278 2927 345 3002 τινί,
363 2929 398 2994 ὥς
409 2927 439 2986 τύ
452 2929 533 3006 πέρας
547 2929 573 2984 έν
589 2929 626 3004 τῷ
641 2917 670 2984 ού
694 2929 750 2985 ἐστι
768 2927 848 3007 πέρας
863 2929 908 2988 καί
929 2933 946 3000 ἡ
963 2929 1059 3010 έπιρά-
1107 2929 1187 2999 δῆλον
1201 2927 1300 3006 γίνεται
1311 2928 1337 2984 ἐν
1352 2917 1391 2993 οἷς
1403 2925 1459 2984 λύει
1474 2927 1523 2985 καί
1539 2927 1615 2995 αὐτὸς
1624 2927 1664 2986 τὸν
1678 2923 1778 2996 Ζήνωνος
1787 2918 1839 2993 λόγον

277 3038 333 3074 νεια
349 3015 376 3072 έν
390 3017 430 3095 τῷ
445 3012 559 3092 σώματι.
575 3014 655 3074 Ἀλλδι
674 3016 784 3084 καλῶςίν
799 3015 966 3098 Ἀλέξανδρος
978 3019 1059 3090 ζητεῖ,
1108 3015 1215 3097 γροίρων
1230 3015 1319 3084 σύτως·
1338 3041 1350 3069 ι
1366 3014 1429 3093 πρὸς
1445 3014 1473 3074 δὲ
1487 3016 1599 3088 Ζήνωνα
1614 3016 1720 3097 ρησομεν
1734 3009 1839 3084 πολλεγιῗνι
1911 3037 1912 3068 ι

279 3103 348 3164 κατὰ
365 3103 422 3160 τίνα
446 3105 498 3161 τῶν
513 3103 710 3184 προειρημένων
735 3112 781 3164 τοῦ
801 3105 828 3164 ἔν
850 3129 901 3164 τινι
921 3106 1026 3184 τρόπων
1044 3110 1058 3177 ἡ
1106 3103 1136 3162 τό
1147 3101 1198 3162 πού
1210 3102 1344 3182 λέγεσθαι,
1357 3104 1392 3162 Εἰ
1403 3103 1449 3179 μέν
1463 3093 1508 3162 σύν
1525 3106 1551 3164 έν
1564 3103 1634 3184 τόπῳ
1648 3103 1745 3176 ἠξίωκεν
1755 3088 1805 3158 tim
1817 3093 1838 3150 τί

279 3189 417 3272 ἀπιροίνειά
429 3193 499 3250 ἐστιν
516 3193 543 3250 έν
558 3195 595 3272 τῷ
612 3192 733 3265 σώματι,
752 3193 798 3252 καί
811 3193 878 3261 δλως
890 3195 920 3252 τδ
932 3195 1014 3274 πέρας
1029 3197 1056 3253 ἐν
1106 3191 1185 3267 ὄντα,
1201 3195 1230 3252 ού
1244 3194 1332 3258 καλῶς
1346 3190 1420 3260 ἀξιοῖ·
1438 3190 1498 3251 ούτε
1512 3191 1562 3273 γδρ
1576 3192 1671 3270 ὑγείαν,
1683 3189 1736 3250 οὗτε
1748 3183 1837 3262 ἀνδρίενν

278 3285 317 3362 τῷ
329 3278 534 3360 περατουμίνῳ,
550 3281 659 3361 πότερον
675 3285 710 3348 όις
724 3281 929 3353 πάθοςῆέξιςῆ
945 3281 1010 3350 ὅλως
1024 3286 1060 3351 ὡς
1105 3279 1158 3339 οὔτ’
1171 3281 1239 3340 ἀλλα
1255 3279 1336 3359 μυρία
1352 3279 1416 3360 φαίη
1432 3304 1469 3347 τις
1485 3280 1520 3339 ἂν
1536 3285 1561 3341 ἐν
1575 3283 1646 3364 τόπῳ
1658 3271 1726 3340 εἶναι.
1759 3269 1839 3336 Οὐδὲόί
1911 3259 1912 3320 ί

280 3371 307 3427 έν
328 3365 509 3448 ὑποκειμένῳ,
535 3365 552 3439 ἢ
576 3373 675 3447 μᾶλλον
701 3375 738 3439 ὡς
758 3371 836 3452 μέρος
853 3373 879 3428 έν
900 3369 964 3451 ὅλῳ·
983 3372 1059 3453 μέρος
1106 3369 1214 3440 δτόπος
1236 3376 1349 3437 τοιοῦτος
1372 3369 1408 3428 ὢν
1427 3361 1478 3436 οἶος
1503 3370 1617 3451 εἴρηται.
1661 3371 1692 3429 Ei
1712 3357 1839 3427 δέάλλονςνίν
1911 3371 1912 3414 ί

279 3457 330 3536 γάρ
351 3456 593 3536 πωςῆέπιράνεια
613 3457 693 3534 ἡμίν
716 3463 750 3528 ὡς
774 3461 857 3540 πέρας
877 3463 921 3518 τοῦ
944 3482 1060 3538 πεπερα-
1105 3459 1236 3534 πού,κάν
1253 3457 1356 3527 ότόπος
1370 3458 1410 3532 εἴη
1428 3459 1489 3518 πού·
1505 3461 1535 3520 τὸ
1549 3459 1601 3540 γόῳ
1614 3464 1657 3518 τοῦ
1671 3456 1774 3534 σώματος
1785 3450 1840 3526 iiii<
1911 3517 1912 3536 γ

279 3546 375 3620 σμένον
388 3541 552 3620 σώματοςιῆ
571 3543 598 3604 δέ
612 3547 682 3605 κατδι
701 3553 784 3624 μῆκος
806 3547 852 3608 καί
875 3546 974 3615 πλάτος
989 3551 1060 3628 ἀρω-
1106 3545 1162 3607 ἐστὶ
1174 3555 1219 3608 τοῦ
1234 3546 1355 3624 σώματός
1370 3570 1429 3606 που·
1446 3547 1560 3628 ἔσχατον
1572 3549 1653 3628 γάρ·

282 3630 393 3711 ρισμίνη
408 3631 487 3715 μέρος
503 3636 558 3694 ἐστὶ
571 3640 616 3693 τοῦ
630 3634 751 3710 σώματος
772 3641 819 3695 τοῦ
839 3637 909 3696 κατὰ
931 3635 977 3704 τάς
990 3644 1061 3718 τρεῖς
1146 3656 1185 3697 ει.
1208 3631 1288 3696 Ἐστι
1302 3637 1325 3694 δ’
1339 3635 1428 3715 ὥσπερ
1440 3637 1470 3696 τὸ
1484 3641 1589 3718 ἀγγεῖον
1601 3636 1675 3702 τόπος
1690 3625 1840 3711 μεταῳρητίςν
1911 3627 1912 3662 ³

278 3722 427 3790 διαστάσεις
441 3722 611 3800 οὖσιωμένου.
649 3724 766 3797 Πρώτως
791 3725 818 3784 δέ
836 3725 916 3785 τόπον
937 3715 993 3784 εἶπε
1014 3728 1059 3786 τδν
1107 3723 1176 3785 ούτω
1190 3722 1236 3783 καί
1248 3727 1263 3783 ὁ
1277 3725 1355 3793 τόπος
1370 3725 1472 3804 ἀγγεῖον
1492 3725 1692 3803 ἀμετακίνητον.

279 3813 416 3888 προσεχῶς
428 3810 598 3889 περιέχοντα,
615 3809 705 3880 ἐπειδὴ
719 3811 764 3868 καὶ
780 3809 855 3891 δάὴρ
869 3815 947 3890 σῶμα
962 3811 998 3872 ὧν
1012 3814 1060 3874 λέ·
1148 3813 1335 3892 (Aristoteles
1352 3814 1442 3892 Phys.
1462 3815 1513 3872 iib.
1534 3815 1584 3888 iii,
1600 3834 1665 3893 cap.
1688 3820 1703 3879 ίι
1723 3831 1749 3889 ρ.
1764 3821 1815 3864 νον·
1825 3817 1842 3855 ²·

277 3920 352 3974 γιται
365 3889 431 3957 εἶναι
444 3898 523 3966 τόπος
534 3898 615 3972 τινός,
629 3897 692 3957 όταν
708 3888 828 3978 ᾖτοότου
843 3901 1061 3980 πέραςὸπροσι·
1109 3903 1144 3970 ii
1170 3904 1216 3963 οιλ.
1246 3905 1368 3964 Βολιλεε.
1397 3903 1569 3982 Simplicius
1598 3906 1647 3965 foi.
1676 3903 1734 3962 131.
1755 3897 1778 3955 b.
1804 3889 1841 3968 [oi.

278 3983 333 4052 χῶς
348 3979 475 4058 περιέχων
496 3980 585 4050 τύποι·
627 3982 675 4044 Ἐν
690 3983 721 4055 διν,
736 3986 836 4053 τούτοις
851 3985 910 4055 iiii
927 4009 971 4063 μοι
990 3989 1060 4049 δοκεῖ
1105 3988 1213 4048 scholi.
1229 3990 1259 4048 in
1275 3990 1364 4048 Arist·
1378 4013 1408 4068 p.
1428 3993 1495 4065 374.
1508 3991 1540 4051 b.
1555 3993 1600 4052 ed.
1613 3989 1736 4052 mandis.
1748 3978 1813 4043 ἰστέον
1824 3973 1842 4029 δέ

277 4064 410 4137 intrim<
426 4072 528 4146 πρῶτον
546 4071 610 4147 μέν,
624 4075 679 4138 πῶς
702 4073 793 4132 λύεται
807 4077 821 4132 ό
845 4074 967 4146 Ζήνωνος
986 4077 1059 4156 λόγος
1104 4075 1144 4135 δτι
1165 4077 1211 4136 καί
1231 4077 1399 4159 Θεόφραστος
1413 4079 1458 4138 καί
1477 4077 1604 4158 Εὔδημος
1617 4085 1642 4140 έν
1658 4086 1708 4143 τοῖς
1724 4071 1774 4150 περί
1787 4069 1842 4124 ονονν

278 4153 331 4212 ἀπὸ
342 4158 389 4225 τῆς
401 4162 446 4214 τοῦ
458 4156 483 4216 έν
498 4181 550 4217 τινι
565 4161 702 4241 διαφορᾶς,
718 4161 791 4242 εἴπερ
806 4172 859 4223 πᾶν
874 4163 904 4222 τὸ
924 4161 953 4222 δν
968 4163 995 4224 έν
1009 4167 1060 4224 τινί
1105 4165 1236 4242 ἀξιώμασι
1250 4166 1294 4225 καί
1309 4167 1339 4226 τό
1353 4167 1476 4239 ἀκίνητον
1491 4158 1558 4227 εἶναι
1569 4171 1614 4228 τὸν
1628 4166 1703 4229 τόπον
1722 4148 1841 4242 προλορίί·

277 4241 347 4300 ἐστιν
362 4241 454 4324 ἑτέρῳ.
498 4245 617 4328 Κάνγάρ
632 4247 662 4308 τδ
681 4253 760 4326 σῶμα
775 4251 801 4308 iv
815 4275 867 4310 τινι
886 4255 920 4318 ὡς
935 4253 1058 4335 έντόπῳ,
1103 4275 1187 4316 νουσι.
1222 4255 1274 4314 iiii
1288 4257 1313 4315 τί
1325 4255 1573 4336 δὲδἈριστοτέλης
1584 4266 1658 4320 τοῦτο
1671 4249 1842 4334 παρῆκενδῆίον
1911 4261 1912 4308 ξ

276 4331 289 4386 ὁ
306 4326 332 4386 δέ
349 4329 427 4397 τόπος
442 4331 468 4391 έν
483 4355 534 4392 τινι
549 4336 584 4403 ὡς
599 4335 697 4416 πέρας,
710 4339 755 4398 καί
772 4342 855 4398 έκεῖνο
869 4341 948 4399 πόλιν
965 4341 992 4400 έν
1006 4365 1057 4400 τινι
1104 4341 1241 4419 γενήσεται
1251 4343 1351 4418 δεετλν
1366 4345 1491 4426 διαροράν
1503 4353 1549 4407 τοῦ
1565 4346 1646 4406 τόπου
1658 4345 1717 4425 πρὸς
1730 4339 1755 4398 τὸ
1767 4333 1842 4412 intio

278 4416 353 4476 ἔσται
369 4419 413 4478 καὶ
435 4421 529 4494 ἐκεῖνο,
554 4423 599 4482 καί
614 4423 694 4492 οὕτως
711 4426 752 4484 ἀπ’
768 4427 883 4506 ἀπειρον·
899 4429 1018 4510 δεύτερον
1031 4431 1058 4490 δέ
1104 4429 1267 4511 παραδώσει.
1284 4433 1364 4493 ldem
1377 4435 1427 4496 foi.
1446 4437 1515 4496 213.
1531 4436 1564 4499 b.
1581 4437 1650 4516 τάχα
1665 4437 1690 4494 έν
1704 4437 1748 4494 τοῖς
1759 4417 1844 4501 ννρίνί·

274 4508 331 4576 πῶς
345 4509 459 4568 ένταῧίνοι
475 4512 522 4588 μέν
538 4511 580 4572 τὸν
592 4512 712 4585 Ζήνωνος
728 4516 784 4577 λύει
805 4518 881 4596 λόγον
902 4521 932 4578 ἐκ
947 4524 992 4592 τῆς
1005 4525 1057 4580 τῶν
1103 4544 1153 4580 που
1166 4520 1297 4599 ἀξιώμασι
1314 4523 1357 4582 δεδι
1371 4529 1446 4582 τοῦτο
1467 4525 1496 4582 οὐ
1517 4525 1664 4604 προέλαόεν
1679 4519 1784 4590 ἀκίνητον
1798 4499 1843 4568 τίνοι

274 4591 302 4654 έν
317 4619 367 4656 νννν
386 4599 527 4680 δνοροροῖς,
547 4605 581 4670 ὡς
601 4610 645 4663 τοῦ
667 4603 787 4675 Ζήνωνος
807 4605 887 4676 οὕτως
902 4610 1056 4686 ἐρωτῶντος·
1103 4611 1147 4669 τὸν
1162 4609 1258 4686 τόπον,
1271 4611 1310 4671 ὅτι
1322 4613 1413 4692 χρείαν
1427 4603 1497 4692 εἶχεν
1511 4616 1548 4682 ὡς
1563 4615 1661 4694 ἀγγείῳ
1672 4615 1707 4690 τῷ
1723 4608 1786 4683 τόπῳ
1799 4599 1844 4659 νέον

274 4687 296 4744 ῑί
309 4689 323 4744 ο
337 4685 416 4756 τόπος
431 4689 488 4748 ἔστί
505 4715 547 4765 τι,
562 4689 588 4750 ἔν
607 4716 657 4751 τινι
679 4692 763 4755 ἔσται.
806 4695 938 4777 Πρότερον
954 4697 981 4757 δὲ
996 4696 1056 4757 ἔλε-
1104 4696 1363 4778 χρήσασθαιδιόιτήν
1376 4699 1484 4758 ἀπὸτοῦ
1499 4699 1606 4780 ἀγγείου
1617 4700 1743 4776 πολλαχοῦ
1757 4683 1844 4770 πρίνινον

272 4794 326 4850 γεν·
349 4778 365 4847 ἡ
390 4775 440 4858 νόῳ
464 4777 584 4850 Ζήνωνος
605 4781 702 4864 ἀπορία
726 4785 800 4856 ζητεῖ
813 4807 871 4842 τινα
891 4784 968 4864 λόγον
995 4784 1052 4867 (cs.
1104 4785 1183 4845 τόπον
1199 4785 1393 4867 χειραγωγίαν,
1412 4789 1498 4848 καίτοι
1519 4789 1564 4847 κοί
1585 4793 1632 4848 τοῦ
1647 4770 1843 4864 θεορρείστουκύ

743 4909 1040 4922 .....-.....-
1254 4889 1845 4924 ..„......-..........--ae‘

271 4967 385 5030 prohibet
395 5008 401 5032 ,
413 4983 444 5023 πε
454 4971 547 5038 mimus
556 4974 624 5027 iocus
635 4975 660 5025 in
672 4975 720 5026 aiio
732 4976 834 5040 quidem
850 4977 897 5040 sit,
910 4991 959 5028 ιιοιι
971 4982 1054 5029 tamon
1132 4981 1170 5030 ia.
1185 4980 1219 5028 Ut
1232 4982 1315 5030 ευιειιι
1324 4994 1367 5030 vas
1379 4979 1448 5032 iocus
1460 4985 1513 5046 esi,
1525 4980 1570 5044 qui
1588 4983 1669 5046 potest
1685 4968 1810 5028 transferri:
1822 4965 1845 5011 ¹¹¹

277 5053 354 5109 iniiio
366 5063 483 5125 tanquam
497 5061 522 5113 in
542 5061 613 5128 loco,
633 5064 676 5116 sod
697 5067 727 5116 ot
747 5068 785 5117 ost
803 5063 897 5117 sonitus
916 5066 1015 5130 quidem
1029 5067 1055 5118 in
1102 5071 1128 5119 ot
1144 5068 1213 5119 loous
1223 5083 1268 5120 τεο
1281 5071 1321 5121 esi
1335 5069 1468 5122 immobile.

271 5142 432 5198 calidissimi
443 5148 554 5216 habitus,
570 5153 637 5204 oaior
648 5156 732 5205 autem
746 5155 771 5205 in
779 5167 882 5220 corporo
894 5157 923 5206 ui
936 5155 1051 5208 oiiootm.

271 5231 437 5289 Quamobrem
450 5252 548 5294 nomaso
562 5253 611 5294 non
627 5248 666 5297 est
682 5246 708 5296 in
725 5245 849 5297 infinitum
861 5245 938 5299 abiro.
