3958 5942
819 405 1070 470 FRAGMENTA.
1689 403 1747 462 243

139 545 320 606 ποῦέσταιτδ
345 544 547 625 μαθηματικόν;
571 541 636 623 ὅπερ
666 542 695 602 ού
720 543 798 602 δοκεῖ.
812 541 882 602 Ἀλλ’
895 543 917 600 εί
963 534 1235 620 ἐχειντινδιδύναμιν.
1252 534 1318 596 »To
1334 532 1476 615 γθρκενδν
1493 525 1751 609 τόπονεῖπενθΔη·

138 640 191 694 τῶν
216 637 330 714 οὐρανῶν
366 631 476 702 ἕκαστος
512 636 611 714 σφαῖρα
639 630 728 691 τελεία
756 631 812 690 ἐστὶ
839 627 919 710 μέχρι
965 628 1098 708 μόκριτος,
1108 625 1313 705 όπερτῇέαυτοῦ
1324 623 1400 705 φύσει
1411 623 1495 683 κεινὸν
1507 621 1586 690 ὅντως
1600 623 1644 683 καί
1655 624 1750 684 ἀδύνα-

138 723 245 804 κέντρου
260 728 401 802 χωροῦσα,
419 723 496 792 δῆλον
511 721 551 781 ότι
567 721 613 780 καλ
626 722 659 779 δι’
675 719 796 792 ἀλλήλων
816 724 919 800 χωροῦ-
965 741 1008 778 τον
1020 713 1181 795 καίοῖδρανές
1192 713 1223 776 δυ
1236 705 1279 788 ήν,
1290 711 1364 792 εἴπερ
1375 703 1417 786 ήν.
1434 711 1550 785 Μήποτε
1562 703 1606 771 οὔν
1617 712 1749 786 ῶςτέλος;

138 833 177 871 ειν
192 813 216 870 ui
239 811 341 892 οὐρανοί
366 810 411 869 καί
426 809 468 869 δεδι
483 813 534 868 τῶν
548 809 665 888 ἀστέρων
687 808 732 868 καί
746 807 790 868 διδ
806 813 852 867 τοῦ
869 807 919 866 iuti
965 810 1052 868 Τοῦτο
1066 804 1116 884 γὰρ
1133 803 1205 863 δοκεῖ
1220 803 1263 862 διὰ
1279 801 1327 876 τὴν
1341 805 1383 862 ἐπ’
1395 801 1473 860 αὐτὸν
1485 805 1537 861 τῶν
1553 801 1684 880 σωμάτων
1703 825 1750 882 φο·

141 900 253 973 σελήνην
267 897 376 965 παντός.
393 901 504 971 Μήποτε
516 889 560 957 οὔν
574 897 607 957 τδι
622 896 669 976 μέν
681 898 732 957 ύπθ
748 895 859 969 σελήνην
875 897 920 957 ἅτε
967 897 1014 974 ρθν
1024 893 1070 953 καί
1082 893 1129 965 τὴν
1143 890 1231 970 έφεσιν
1242 897 1289 964 τῆς
1303 897 1349 952 τοῦ
1365 889 1459 951 οἰκείου
1474 889 1556 950 τόπου
1566 891 1751 973 καταλήψεως,

139 990 291 1048 ίιλικιίιτατα
311 989 357 1049 καί
379 989 508 1048 ἀντίτυπα
522 989 568 1048 κοί
583 987 658 1068 φύσει
671 987 793 1060 ἀλλήλων
809 987 920 1046 θιεσπα-
966 985 1002 1048 εἰς
1017 980 1045 1040 δν
1060 981 1104 1042 καλ
1119 979 1227 1040 ἐλθόντα
1239 983 1334 1060 ἠρεμεῖ
1344 980 1378 1040 τότ
1389 978 1511 1058 σώματα·
1526 978 1617 1047 τέλους
1631 977 1658 1038 δέ
1671 983 1750 1040 τοῦτο

138 1079 222 1156 σμένα
237 1085 266 1139 οὔ
276 1085 358 1160 χωρεῖ
370 1079 404 1137 δι’
419 1080 550 1149 ἀλλήλων·
564 1077 606 1150 διδΙ
617 1077 662 1138 καί
674 1076 819 1156 μιγνύμενα
834 1075 921 1155 μεῖζόν
968 1069 1031 1129 ἴδιον
1044 1067 1074 1129 τθ
1085 1071 1111 1128 ἐν
1121 1071 1193 1150 αὐτῷ
1206 1069 1345 1148 γενόμενον
1357 1073 1465 1150 ἠρεμεῖν
1476 1067 1522 1128 καί
1535 1071 1751 1133 ἀναπεπαῦσθαι.

138 1191 164 1226 τι
178 1171 264 1244 ποιεῖ,
277 1167 310 1224 τὰ
325 1165 352 1224 δὲ
377 1165 486 1244 οὐράνια
501 1169 550 1246 οὐχ
565 1166 657 1238 οὕτως,
675 1164 803 1225 ὥστεκαὶ
826 1165 922 1233 ιίτοπος
967 1157 1036 1219 Ἀλλ’
1053 1161 1075 1216 εί
1089 1157 1155 1218 ἄλλο
1170 1162 1183 1217 δ
1197 1161 1276 1226 τόποι
1295 1159 1340 1218 καὶ
1353 1159 1418 1218 ἄλλο
1438 1157 1468 1216 τὸ
1483 1161 1509 1218 ἓν
1530 1157 1603 1238 τόπῳ
1624 1147 1707 1232 εἶναι,
1719 1163 1754 1225 ὧι

139 1259 156 1327 ἡ
171 1261 215 1315 τοῦ
229 1259 337 1335 ούρανοῦ
352 1254 397 1314 καί
411 1259 457 1326 τῆς
472 1255 583 1335 κέγχρου
597 1256 734 1328 ὑπόθεσις,
746 1255 820 1335 εῖπερ
832 1254 920 1313 ιἰθιαί-
967 1249 1042 1319 δηλοῖ
1056 1246 1130 1320 καλή
1145 1245 1195 1306 ποίι
1208 1247 1352 1328 κατηγορία
1366 1247 1433 1316 ἄλλη
1446 1237 1512 1305 ούσα
1526 1245 1600 1326 παρδι
1614 1245 1657 1303 τὸν
1673 1247 1753 1304 τόπον

140 1368 211 1424 ρετος
226 1349 239 1404 θ
261 1341 375 1420 οὔρανός.
401 1345 434 1402 Εἰ
452 1344 479 1404 δὲ
502 1343 539 1418 μή
565 1344 644 1420 σῶμοί
666 1346 722 1402 ἐστι
743 1342 772 1402 ti>
786 1343 833 1411 τὰς
854 1351 922 1423 τρεῖς
967 1337 1045 1397 αὐτόν
1060 1339 1086 1396 ἐν
1096 1340 1134 1418 τῷ
1146 1339 1221 1416 ποσῷ
1235 1335 1409 1416 τεταγμένον,
1424 1334 1454 1395 τὸ
1468 1335 1495 1394 δέ
1507 1334 1579 1403 τέλος
1592 1342 1645 1402 τοῖς
1660 1335 1751 1412 σώμα-

142 1436 201 1513 ἔχοι
217 1431 380 1504 διαστάσεις,
394 1430 473 1510 λόγου
492 1431 589 1504 δεήσει·
608 1436 748 1504 πεισθῆναι
763 1432 814 1512 γὰρ
829 1433 857 1492 οὔ
873 1430 922 1513 ρᾴ-
967 1449 1009 1485 σιν
1028 1427 1139 1498 οἰκεῖον,
1164 1427 1211 1484 οὐκ
1232 1425 1264 1486 θι
1285 1427 1325 1500 εἴη
1349 1423 1453 1493 cum<
1471 1423 1502 1484 τθ
1523 1425 1604 1490 τελοτ.
1619 1423 1711 1492 Ὅλωτ
1726 1423 1753 1484 δέ

141 1522 196 1579 διον
212 1510 278 1578 εἶναί
296 1544 321 1577 τι
345 1519 485 1596 οίσόιματον
500 1519 571 1598 τρεῖς
593 1519 652 1601 ἔχον
672 1520 833 1587 διαστάσεις.
849 1519 923 1578 The·
967 1512 997 1572 τὸ
1020 1511 1093 1581 τέλος
1111 1513 1156 1572 καλ
1171 1505 1201 1574 ού
1215 1513 1293 1575 ἕνεκα
1313 1516 1361 1575 οὔκ
1388 1512 1443 1573 ἐστι
1465 1535 1491 1572 τι
1513 1515 1572 1572 καθ’
1591 1513 1671 1587 αύτό,
1694 1515 1753 1572 ἀλλ’

142 1612 253 1667 ιιιῖεῐῖιιε
269 1608 316 1666 lul.
334 1609 369 1680 37
388 1605 470 1688 είγδιρ
484 1607 528 1666 καί
540 1611 554 1665 θ
567 1606 644 1674 τόπος
656 1611 754 1686 σῶμα,
772 1607 817 1666 καί
834 1605 864 1666 τθ
876 1631 920 1686 γε·
968 1603 1066 1664 ἐκείνου
1096 1603 1227 1678 τελειότης
1245 1603 1330 1677 ἐστίν,
1349 1595 1378 1662 oi
1392 1601 1499 1682 λέγεται
1513 1603 1617 1680 τέλος.)

141 1698 249 1774 νόμενον
276 1699 302 1756 ἐν
327 1696 397 1774 αὐτῷ
419 1699 513 1772 σῶμα,
534 1695 579 1756 καί
599 1696 646 1756 ίσα
664 1707 718 1764 τοῖς
745 1693 922 1773 διαστήμασιν
1009 1712 1048 1754 ιο.
1072 1691 1190 1760 Εἰκότως
1208 1695 1231 1752 δ’
1247 1695 1277 1753 ἐκ
1296 1691 1395 1752 τούτοιν
1411 1690 1596 1770 σκοπουμένοις
1613 1691 1707 1762 δόξειεν
1723 1692 1753 1753 θν

140 1783 241 1863 ἄμφω,
258 1784 288 1842 τὸ
302 1786 380 1861 σῶμα
394 1779 470 1842 ἔσται
484 1785 509 1841 ἐν
525 1781 576 1865 ίσῳ
596 1784 677 1866 έτέρῳ
699 1782 815 1861 σώματι.
838 1785 924 1844 Τοῦτο
968 1771 1035 1841 ε’ίναι
1047 1781 1164 1862 χαλεπὸν
1180 1781 1306 1862 γνωρίσαι
1318 1781 1344 1841 τί
1358 1783 1427 1840 ἐστιν
1442 1786 1455 1841 δ
1468 1780 1556 1852 τόπος,
1570 1780 1644 1862 είπερ
1655 1781 1754 1842 τούτων

140 1871 167 1930 δέ
183 1869 333 1952 Χρυσίππῳ
344 1871 391 1950 μὲν
405 1870 522 1952 καὶτοῖς
537 1871 590 1932 οίπδ
601 1871 722 1944 Ζήνωνος
734 1869 821 1951 δόγμα
835 1871 921 1948 ἐστίν,
969 1873 1136 1949 ὁποτερονοῦν
1152 1873 1237 1947 ἐστιν,
1251 1869 1304 1930 είτε
1319 1869 1396 1944 ἡίίλη
1412 1868 1464 1929 εἴτε
1480 1869 1508 1928 τθ
1521 1861 1598 1939 εἶδος.

140 1959 164 2018 οἱ
176 1957 284 2018 παλαιοί
299 1959 326 2018 δὲ
337 1959 483 2038 ἀπάγουσιν
497 1961 532 2027 ὡς
546 1963 583 2027 είς
597 1959 722 2019 ἀδύνατον
734 1960 863 2039 ἐναργῶς,
877 1957 922 2017 καί
1009 1961 1195 2038 (Aristoteles
1217 1961 1308 2038 Phys.
1325 1959 1379 2022 lib.
1402 1958 1450 2035 lv,
1466 1979 1531 2040 cap.
1552 1982 1569 2018 ο
1584 1981 1616 2040 p.
1634 1981 1701 2037 ²09·
1720 1961 1753 2022 b.

141 2048 233 2108 πολλοὶ
257 2047 435 2127 παρίστανται
457 2050 524 2130 τῷδε
548 2049 677 2130 τῷλόγῳ
699 2051 836 2127 γεννικῶς,
859 2046 923 2106 ὔτε
972 2069 1006 2122 17
1035 2047 1081 2109 ed.
1106 2049 1223 2110 Βαλίον.
1244 2049 1409 2128 Simplicius
1433 2047 1753 2128 lol.128(cf.Schoil.

142 2136 317 2220 Ἀφροδισιιίις
334 2135 497 2217 Ἀλέξανδρος
517 2139 543 2196 ἐν
557 2141 595 2218 τῷ
608 2139 668 2218 περὶ
692 2137 821 2217 Κροίσεων
836 2136 925 2217 γροίμ-
972 2139 1002 2196 in
1018 2138 1106 2197 Arist.
1121 2159 1152 2216 p.
1172 2141 1242 2212 372.
1264 2138 1297 2200 b.
1318 2138 1365 2197 ed.
1387 2137 1541 2216 Blandis.)
1556 2141 1570 2196 ό
1590 2139 1617 2196 δέ
1633 2137 1756 2213 Εὔδημος

143 2249 208 2304 ματι
226 2225 271 2285 καί
286 2229 339 2294 τοῖς
358 2227 530 2301 ὑπομνήμασι
546 2235 599 2293 τοῖς
615 2229 758 2300 Φυσικοῖς,
780 2225 827 2286 καί
848 2225 924 2285 ἄλλοι
971 2226 1071 2292 δεικνὺς
1082 2224 1123 2284 ότι
1133 2227 1180 2284 οὐκ
1193 2227 1261 2285 ἐστιν
1277 2229 1290 2284 θ
1306 2225 1385 2292 τόπος
1399 2230 1415 2296 ἡ
1438 2225 1506 2298 ύλη,
1521 2224 1566 2284 καί
1580 2230 1656 2285 τοῦτο
1670 2248 1754 2304 προσ·

141 2305 274 2392 τινές,οἷς
288 2317 318 2373 οὔ
329 2313 447 2395 χαλεπὸν
460 2317 599 2394 ἐντυχεῖν.)
969 2311 1081 2384 τίθησιν·
1102 2313 1167 2373 «ἔτι
1192 2313 1218 2372 δέ
1247 2317 1264 2385 ἡ
1293 2315 1340 2390 μὲν
1366 2311 1417 2386 ὔλη
1441 2314 1571 2387 κινεῖται,
1598 2311 1658 2372 ὁδί
1677 2312 1756 2379 τόπος

181 2422 217 2462 αι.
239 2401 303 2462 Ἐτι
317 2403 345 2460 δέ
359 2401 404 2462 καί
417 2401 486 2470 τίνος
497 2404 528 2462 ἄν
542 2426 579 2471 τις
594 2403 650 2476 θείη
674 2407 727 2471 τοῖς
749 2393 820 2462 ούσιν
838 2400 922 2460 αῖτιον
970 2400 1101 2474 ἀκίνητος.
1117 2406 1227 2475 «Δῆλον
1248 2401 1275 2460 δέ
1298 2407 1338 2463 ότι
1358 2403 1404 2462 καί
1425 2405 1462 2484 τῷ
1478 2402 1540 2461 είδει
1566 2400 1755 2484 ἐφαρμόττειό

142 2479 210 2550 εἶναι
226 2490 270 2550 τόν
290 2489 387 2566 τόπον;
415 2490 523 2570 οὐδεμία
547 2491 599 2574 γὰρ
623 2489 694 2550 αἰτία
717 2491 832 2570 ὑπάρχει
853 2490 925 2569 αύτῷ
970 2488 1047 2558 αὔτθς
1062 2488 1202 2572 διορισμός·
1216 2488 1261 2549 καί
1276 2489 1326 2570 γδρ
1343 2489 1406 2550 αὔτθ
1421 2489 1561 2570 κινεῖται.)

142 2585 193 2640 τῶν
207 2580 349 2660 τεττοίρων.
393 2578 464 2641 Οὔτε
478 2579 528 2660 γθιρ
542 2585 577 2648 ὡς
591 2580 642 2653 ίίλη
655 2583 707 2639 τῶν
721 2579 818 2651 όντων,
833 2577 924 2656 (οὔδέν
1010 2599 1045 2638 ιῐ.
1066 2577 1129 2640 'En
1148 2583 1183 2647 ῶς
1201 2579 1317 2657 ἡύγίεια
1339 2583 1365 2640 ἐν
1388 2585 1492 2660 θερμοῖς
1513 2579 1559 2639 καί
1577 2581 1689 2660 ψυχροῖς
1706 2581 1751 2640 κοιλ

143 2671 194 2750 γὰρ
213 2669 240 2737 ἐξ
252 2671 331 2728 αὐτοῦ
355 2667 542 2751 συνέστηκεν),
568 2667 627 2729 οὔτε
642 2672 677 2736 ὡς
700 2659 766 2734 είδος
787 2666 832 2726 καλ
850 2666 926 2746 λόγος
969 2666 1035 2736 θλως
1047 2666 1076 2726 τῖι
1091 2661 1156 2734 εἶδος
1169 2670 1196 2727 ἐν
1206 2672 1240 2746 τῇ
1255 2666 1316 2748 ύλη.

143 2763 194 2818 τῶν
211 2758 394 2838 πραγμάτων,
408 2757 461 2818 οὔθ’
479 2761 515 2826 ὡς
528 2757 618 2830 τέλος,
632 2755 691 2817 οὔτε
703 2763 768 2816 κινεῖ
782 2755 815 2814 τδι
829 2753 901 2816 ὄντα.
1033 2758 1201 2817 Aristoteles
1223 2758 1311 2836 Phys.
1330 2757 1381 2817 lib.
1405 2757 1454 2832 lv,
1476 2779 1539 2838 cap.
1556 2759 1572 2816 3
1590 2779 1618 2838 p.
1642 2779 1712 2821 οιο.
1727 2778 1753 2817 ιι.

185 2846 371 2930 (Aristoteles
394 2846 483 2926 Phys.
509 2847 560 2908 lib.
583 2849 878 2924 lv,cap.1p.209.
900 2863 924 2903 a·
973 2867 1021 2906 ιο.
1033 2847 1079 2907 ed.
1097 2848 1217 2907 uellem
1239 2848 1408 2927 Simplicius
1432 2849 1481 2908 i'ol.
1500 2851 1567 2909 τοῦ.
1591 2848 1620 2907 b.
1636 2871 1755 2925 σημειω-

147 2939 192 2996 ιδ.
206 2937 251 2995 οιί.
270 2937 390 2994 Εελλοε.
408 2935 573 3014 Simplicius
593 2935 641 2994 ful.
668 2945 722 3005 τιή
744 2933 797 3012 (cl.
816 2932 924 2993 Scholl.
971 2935 1027 2994 τέον
1043 2933 1070 2993 δέ
1080 2940 1182 3017 φησινθ
1201 2935 1386 3018 Ἀλέξανδρος,
1398 2936 1438 2996 δτι
1452 2942 1497 2997 τοῦ
1512 2935 1687 3014 ὑποκειμένου
1699 2961 1755 2997 πα-

144 3026 175 3083 in
195 3025 284 3086 Arist.
300 3046 332 3103 p.
349 3025 418 3097 370.
431 3023 463 3084 b.
481 3024 527 3084 ed.
544 3021 698 3104 Brandis.)
718 3024 763 3083 καί
777 3022 815 3080 ότι
832 3019 878 3099 μέν
890 3023 925 3090 ῶς
974 3024 1104 3103 ροίδειγμα
1128 3024 1176 3098 τήν
1214 3025 1312 3102 ίιγίειαυ
1337 3025 1531 3106 παραθέμενος,
1564 3025 1681 3106 ἐπήγαγε
1709 3029 1756 3086 καὶ

145 3112 195 3187 ύλη
214 3116 260 3173 οὐκ
275 3113 330 3172 ἐστι
342 3116 468 3193 στοιχεῖον
478 3113 536 3172 οὔτε
549 3111 618 3192 ἀρχὴ
630 3111 695 3178 όλιιις
705 3113 763 3170 οὔτε
779 3111 861 3171 αίτιον
873 3115 925 3170 τῶν
971 3109 1037 3180 ὅλοις
1051 3113 1081 3172 τθ
1093 3106 1158 3180 εἶδος
1172 3115 1198 3171 ἐν
1214 3119 1247 3193 τῇ
1260 3114 1310 3192 ύλῃ
1322 3161 1330 3190 ,
1342 3117 1378 3181 ὔις
1398 3119 1444 3172 τοῦ
1459 3115 1542 3182 εἴδους
1554 3116 1580 3173 ἐν
1590 3115 1756 3196 ὑποκειμένῳ

144 3202 224 3262 όντων
240 3201 334 3271 ἔδειξεν
349 3201 439 3270 οίίτως.
452 3199 526 3276 Ὗλη
546 3201 615 3260 ἐστίν
632 3201 657 3272 ἐξ
672 3195 704 3274 ἧς
721 3199 874 3260 σονίσταταί
887 3223 923 3278 τι,
972 3197 1054 3268 όντος.
1100 3199 1195 3261 Καίτοι
1220 3201 1249 3260 τθ
1277 3201 1324 3280 μέν
1347 3207 1373 3263 ἐν
1398 3201 1564 3281 ὑποκειμένη)
1589 3201 1757 3280 συμύεύηκός

144 3291 174 3350 τὸ
188 3291 215 3349 δέ
230 3291 255 3360 ἐξ
270 3283 298 3351 οὔ
321 3290 492 3368 συνίσταται,
515 3290 593 3358 τόπος
608 3292 655 3349 οῦκ
669 3290 747 3350 ἔστιν·
771 3294 788 3362 ή
806 3289 858 3370 ἄρα
875 3287 924 3362 ύλη
972 3290 1046 3362 ἐστι,
1064 3289 1095 3350 τῦ
1109 3289 1136 3348 δέ
1149 3280 1215 3358 είδος
1226 3290 1315 3350 οὐσίαν
1330 3289 1394 3374 φαίη
1407 3290 1438 3350 ἄν
1456 3316 1504 3360 τις.
1547 3291 1602 3352 Καὶ
1615 3289 1645 3351 τθ
1660 3287 1710 3368 μίν
1731 3293 1758 3351 ἐν

143 3381 222 3447 τόπος
237 3383 284 3439 οὔκ
298 3379 376 3440 ἔστιν.
399 3377 464 3439 Ὅτι
486 3377 513 3438 δέ
537 3379 596 3439 οὔτε
615 3369 701 3456 εἶδος,
717 3379 774 3438 οὔτε
790 3377 925 3451 ποιητικὸν
972 3377 1135 3460 ὑποκειμένῳ
1149 3381 1196 3439 οὔκ
1210 3379 1268 3439 ἐστι
1286 3380 1362 3460 μέρος
1375 3385 1420 3439 τοῦ
1430 3381 1570 3456 συνθέτου,
1587 3384 1621 3448 ῶς
1640 3379 1717 3448 αὐτὸς
1730 3381 1757 3438 ἐν

144 3468 204 3527 οὔτε
218 3467 318 3527 τελικὸν
333 3467 415 3526 αἴτιον
428 3471 441 3526 θ
456 3466 549 3542 τόπος,
564 3467 641 3535 αὐτὸς
654 3467 700 3543 μέν
710 3473 813 3548 παρῆκε
827 3467 927 3549 δειικνύ-
970 3468 1139 3549 κατηγορίαις
1149 3467 1263 3549 ὡρίσατο
1287 3470 1381 3550 λέγων·
1396 3467 1449 3530 δέν
1463 3495 1514 3530 τινι
1531 3470 1568 3548 μή
1581 3473 1616 3538 ῶς
1632 3467 1710 3550 μέρος
1727 3467 1755 3529 δν

144 3580 207 3622 ναι,
222 3556 304 3624 δείξας
322 3558 344 3615 θ’
357 3555 389 3614 δν
403 3553 502 3634 ὅτιμὲν
515 3545 581 3623 εἶδος
596 3558 642 3615 οὔκ
656 3553 725 3614 ἔστιν
743 3559 773 3615 ἐκ
790 3561 835 3615 τοῦ
847 3555 926 3618 ἄλλον
973 3557 1098 3616 ἀδύνατον
1115 3545 1181 3616 εἶναι
1196 3557 1277 3639 χειρίς
1288 3563 1334 3618 τοῦ
1344 3563 1371 3619 ἐν
1385 3551 1407 3639 ᾧ
1423 3562 1495 3633 ἐστι,
1509 3559 1538 3618 τδ
1555 3559 1582 3617 δέ
1595 3549 1664 3627 εἶδος
1680 3557 1758 3639 μέρος

145 3642 324 3720 λέγεσθαιτὸν
339 3644 418 3703 τόπον
434 3644 507 3724 παρὰ
523 3643 553 3703 τδ
566 3646 592 3702 ἐν
608 3641 680 3724 τόπῳ
690 3689 698 3716 ,
710 3645 756 3703 καί
770 3646 796 3703 ἐν
812 3644 869 3711 ταῖς
882 3647 926 3702 ἀν·
973 3645 1028 3704 ἐστί
1043 3651 1087 3703 τοῦ
1102 3644 1128 3713 ἐξ
1143 3645 1205 3719 ὔλης
1219 3645 1265 3704 καὶ
1280 3646 1369 3714 εἴδους.
1402 3647 1457 3708 Καί
1473 3645 1596 3723 Εὔδημος
1611 3645 1639 3706 δέ
1654 3644 1757 3710 τούτοις

145 3732 352 3809 τιμεταστοίσεσι
366 3733 399 3792 τθι
414 3733 462 3808 μέν
476 3731 532 3807 εἴδη
549 3733 732 3810 μεθίστασθαι,
746 3736 790 3792 τῖιν
803 3732 830 3792 δὲ
845 3731 923 3794 τόπον
974 3734 1181 3814 παρακολουθῶν
1205 3735 1250 3794 καὶ
1273 3735 1379 3794 εῖπόινε
1396 3735 1483 3802 ἄλλως
1501 3734 1528 3793 δέ
1544 3736 1577 3793 τδι
1591 3733 1662 3807 ποίθη
1673 3733 1717 3792 καί
1730 3737 1757 3792 αί

146 3821 243 3901 μένειν.
274 3823 344 3883 Ἀλλ’
359 3823 416 3882 οὔδέ
431 3821 566 3894 ποιητικὸν
580 3822 662 3882 αἴτιόν
677 3825 746 3881 ἐστιν
763 3820 874 3888 ὁτόπος·
891 3823 929 3882 δε·
973 3821 1038 3892 ἔξεις
1060 3827 1085 3882 ἐν
1099 3831 1157 3890 ταῖς
1176 3824 1290 3898 οὔσίοιις,
1308 3851 1320 3878 ι
1344 3823 1487 3904 ἐπήγαγεν·
1508 3851 1520 3878 ι
1544 3823 1713 3884 ἐπισκεπτέον
1729 3822 1756 3882 δέ

144 3911 232 3978 κτικδς
246 3910 297 3991 γδιρ
307 3916 353 3970 τοῦ
370 3911 421 3984 ήδη
436 3909 569 3989 γεγονότος
581 3909 662 3988 ἐστίν,
678 3909 736 3969 ἀλλ’
754 3909 812 3990 οὐχί
824 3933 927 3982 ποιητι-
973 3915 996 3972 εί
1008 3912 1075 3972 οὔτω
1088 3913 1133 3972 καῖ
1144 3916 1173 3972 τθ
1185 3919 1278 3993 σχῆμα
1293 3913 1338 3974 καί
1353 3915 1419 3980 όλοις
1435 3917 1451 3986 ἡ
1468 3911 1555 3994 μορφή
1572 3914 1598 3972 ἐν
1611 3915 1644 3994 τῇ
1657 3909 1724 3992 θλη,
1741 3937 1753 3965 ι

146 3999 190 4066 κὸς
205 4005 251 4058 τοῦ
268 3999 305 4078 μὴ
320 3998 402 4064 όντος.
444 4001 484 4060 Οὐ
499 4000 587 4076 μέντοι
601 4000 659 4060 οὔτε
674 4009 759 4074 κινεῖ,
774 3999 833 4060 οὔτε
847 4025 928 4078 μετα·
973 4000 1283 4074 καίαῦτὸςδηλονότιτήν
1293 4001 1418 4082 διαφορὰν
1431 3999 1635 4079 ἐνδεικνύμενος.
1649 3998 1756 4062 Ἔοικεν

146 4087 238 4148 ύοίλλει
252 4088 282 4148 τὸ
295 4091 321 4148 ἐν
334 4091 405 4169 αὐτῷ
418 4092 432 4148 δ
443 4089 535 4159 τόπος,
547 4089 615 4149 ἀλλὰ
627 4090 773 4149 τούναντίον
789 4089 862 4170 είπερ
875 4090 927 4168 οῖρα
973 4081 1017 4150 οὔν
1033 4091 1067 4156 ῶς
1082 4086 1108 4146 έν
1125 4088 1271 4166 λαμύοίνειν
1287 4091 1317 4148 τό
1331 4113 1359 4149 τε
1374 4093 1409 4158 ὡς
1424 4079 1489 4157 εἶδος
1503 4091 1530 4148 ἐν
1546 4086 1597 4169 liius,
1610 4087 1655 4148 καί
1668 4087 1699 4148 τδ
1713 4113 1757 4148 κυ-

145 4177 253 4256 ήρεμεῖν
278 4181 357 4236 ποιεῖ·
379 4176 409 4235 τὸ
425 4176 476 4258 γθιρ
489 4180 515 4236 ἐν
531 4181 568 4258 τῷ
589 4178 677 4258 οἰκείῳ
698 4175 770 4258 τόπῳ
790 4177 927 4256 γενόμενον
975 4179 1034 4259 ρίως
1055 4181 1082 4238 ἐν
1097 4178 1261 4260 ὑποκειμένη)
1277 4180 1346 4238 κατὰ
1362 4178 1451 4252 κοινήν
1465 4201 1523 4237 τινα
1539 4177 1616 4261 φύσιν
1632 4183 1678 4237 τοῦ
1694 4203 1757 4260 μορ-

144 4268 248 4342 ἠρεμεῖ,
259 4266 306 4324 Διὸ
322 4263 367 4326 καῖ
381 4271 395 4326 δ
410 4267 532 4343 Εὔδημος
548 4269 574 4327 ἐν
584 4273 622 4349 τῷ
642 4267 720 4349 τρίτῳ
734 4271 786 4326 τῶν
799 4270 927 4328 Φυσικῶν
975 4273 1097 4352 φωτικοῦ·
1111 4269 1191 4352 ἄμφω
1199 4269 1249 4350 γίιρ
1257 4270 1412 4352 μορφωτικδι
1422 4275 1466 4330 τοῦ
1478 4268 1651 4348 ὑποκειμένου
1662 4270 1757 4352 ἐστίν.)

144 4358 349 4434 παρακολουθῶν
365 4356 418 4424 τοῖς
432 4358 542 4415 ἐνταῦθα
556 4357 703 4436 λεγομένοις
719 4357 764 4416 καί
785 4361 819 4424 ὡς
834 4359 927 4435 θμολο·
1013 4379 1048 4419 ιι.
1069 4357 1109 4419 ⁶0
1125 4358 1151 4418 δέ
1175 4359 1267 4432 Ζήνων
1291 4360 1400 4441 ἠπόρει,
1417 4359 1457 4420 ὅτι
1475 4363 1498 4420 εί
1519 4359 1574 4420 ἔστι
1586 4383 1610 4419 τι
1627 4363 1641 4418 δ
1658 4359 1754 4438 τόπος,

145 4441 271 4521 γούμενον
299 4443 407 4504 ἕκαστον
433 4449 485 4504 τῶν
514 4445 604 4504 αίτίοιν
632 4449 751 4527 ἀφαιρῶν
776 4451 822 4505 τοῦ
847 4446 927 4506 τόπου
974 4450 1000 4508 ἐν
1014 4449 1064 4508 τίνι
1075 4448 1163 4522 ἐσται,
1179 4447 1248 4508 λύειν
1263 4451 1292 4509 οὗ
1312 4449 1441 4530 χαλεπόν·
1458 4449 1530 4509 οὐδέν
1550 4449 1601 4530 γθιρ
1617 4451 1715 4510 κωλύει
1729 4453 1756 4508 ἐν

144 4557 159 4588 α
175 4534 234 4590 ἁλλ’
250 4523 302 4613 {pai
325 4557 369 4612 γε,
387 4533 480 4614 φησίν,
493 4536 527 4600 ῶς
542 4535 571 4594 τό
589 4538 713 4608 κινήσανς
737 4534 754 4606 ή
776 4536 830 4593 οὔδ’
846 4534 927 4603 οὔτως
974 4537 1046 4618 οῖλλορ
1063 4537 1110 4614 μέν
1126 4525 1191 4596 εἶναι
1205 4536 1248 4595 τὸν
1271 4543 1374 4616 πρῶτον
1394 4537 1493 4614 τόπον,
1510 4537 1547 4612 μή
1569 4536 1659 4614 μέντοι
1674 4537 1710 4603 ῶς
1730 4539 1756 4594 ἐν

145 4611 333 4700 ἐνδέχεται,ῶ
350 4622 516 4704 Δημόκριτος
533 4623 571 4681 δεῖ
585 4621 635 4703 γθρ
653 4622 785 4696 κινητικόν
803 4611 868 4682 ε’ίναι
883 4623 929 4683 καλ
974 4623 1046 4707 τόπῳ
1062 4625 1169 4706 ἐκείνῳ,
1185 4624 1244 4685 ἀλλ’
1258 4624 1348 4707 ῶσπερ
1366 4630 1382 4698 ἡ
1405 4629 1453 4702 μὲν
1471 4624 1555 4704 ὑγίεια
1578 4628 1604 4683 ἐν
1629 4631 1683 4690 τοῖς
1697 4628 1756 4704 θερ·

180 4845 219 4893 ³9.
236 4844 358 4894 Proeterea
378 4847 507 4906 cujusnam
520 4845 555 4895 rci
566 4859 666 4896 causam
687 4846 768 4898 Ιοουιιι
788 4860 842 4898 esse
854 4847 925 4912 quis·
974 4860 1028 4898 esse
1040 4846 1171 4910 videbitur,
1187 4841 1303 4911 quidnam
1316 4845 1437 4909 sitlocus,
1450 4857 1611 4910 cognoscere,
1624 4845 1646 4896 εἰ
1656 4844 1756 4908 quidem

145 4931 213 4996 piam
227 4934 320 4995 ponet?
331 4933 402 4984 Nulla
412 4933 477 4984 enim
490 4937 607 4996 quattuor
618 4949 748 4986 causarum
761 4935 785 4987 el
796 4935 871 4988 inest.
884 4939 927 4987 Ne·
973 4937 1096 4988 utrumvis
1105 4935 1193 5004 horum
1206 4937 1259 5000 est,
1273 4935 1326 4987 sive
1337 4934 1439 4986 materia
1453 4935 1504 4985 sim
1516 4934 1603 4986 sunna.

145 5035 195 5086 quc
213 5023 279 5074 enlm
298 5027 327 5076 ιιι
339 5025 442 5077 materia
457 5039 541 5076 rerum
553 5028 592 5077 εεί
608 5041 699 5090 causa,
714 5041 791 5092 quum
805 5027 928 5080 cxeoni-
1004 5030 1043 5076 4¹.
1060 5027 1183 5077 Praeterea
1206 5027 1236 5076 ut
1255 5019 1348 5076 unius
1370 5023 1396 5074 in
1416 5023 1502 5074 calidis
1518 5026 1544 5075 ct
1563 5023 1658 5090 lrigldis
1679 5024 1755 5090 alque

146 5113 182 5162 hil
197 5117 302 5175 constet,
322 5129 401 5182 nuque
414 5118 443 5166 ui
461 5117 539 5166 forma
557 5117 654 5168 citatio
673 5131 757 5168 earum
774 5119 828 5181 est,
849 5131 929 5181 neque
973 5113 1073 5164 omuino
1085 5114 1163 5163 forma
1176 5113 1202 5162 ln
1216 5113 1328 5162 materia.

147 5202 176 5250 ul
185 5201 256 5264 suuis,
270 5216 348 5266 neque
359 5207 443 5254 movet
452 5219 481 5256 ea
491 5219 548 5269 quae
559 5208 664 5256 cxslunt.
1004 5205 1042 5251 ιι.
1060 5201 1162 5252 zenonis
1173 5213 1232 5250 τοιο
1243 5199 1420 5265 questionem,
1437 5201 1458 5252 si
1477 5201 1546 5253 locus
1559 5204 1599 5253 cst
1612 5201 1716 5268 aliquid,
1730 5203 1755 5253 iu

176 5292 217 5338 40.
235 5289 324 5341 Merito
343 5295 427 5343 οσίοιιι
450 5305 481 5342 εκ
502 5293 570 5343 hisce
593 5293 805 5344 considerantibus
825 5293 927 5345 difficile
975 5305 1080 5357 quonum
1096 5292 1195 5341 futurus
1208 5291 1255 5356 sit,
1270 5291 1365 5344 σοίιοιε
1379 5307 1428 5344 nun
1442 5293 1597 5347 estdifficilc.
1614 5295 1678 5346 Nihil
1690 5295 1755 5346 cuim
