4020 5950
680 361 731 424 bb
753 362 826 426 DllS
849 362 897 422 ET
919 361 1054 424 MUNDO
1076 360 1200 422 LIBER.
1703 361 1765 432 4¹1,

131 505 236 585 ρεθσεως
257 499 471 578 παλιγγενεσίαις
491 496 536 556 καλ
551 493 680 576 περιόδοις
701 495 917 570 ἀθανατιζόμενος
965 493 1053 575 φύσιν,
1071 496 1110 553 δεῖ
1122 493 1212 572 ἓτάραν
1222 485 1290 552 εἶναι
1301 492 1348 564 τὴν
1362 490 1579 569 μεταύάλλουσαν
1589 495 1633 550 τοῦ
1645 490 1745 566 κόσμου

131 591 256 652 οὐδέποτε
271 587 424 668 ληγούσαις.
445 585 479 645 ln
495 585 614 644 eandem
631 584 803 643 sententiam
824 583 917 661 Didy-
962 581 1009 653 τὴν
1025 580 1119 664 φύσιν,
1131 581 1196 662 ὅπερ
1209 582 1238 640 οὔ
1254 581 1388 662 φαίνεται.
1405 613 1445 626 --
1459 577 1468 616 ¹
1481 577 1610 655 μετίύαλε
1623 581 1746 658 εοεὶμείς

131 701 197 742 mus
210 678 287 758 apud
298 676 457 736 Eusebium
472 673 523 735 lib.
537 672 586 732 XV
600 673 693 752 Praep.
709 675 822 750 Evang.
835 692 917 731 mun·
962 672 1047 733 codd.
1059 670 1215 748 μετίύαλλτ.
1228 671 1371 730 Caeterum
1383 669 1561 728 abocellum
1576 688 1639 747 oap.
1655 669 1667 726 l
1679 672 1696 746 S
1711 672 1744 728 15

130 768 201 828 dum
222 763 362 842 ambigue
376 764 436 822 dici
452 763 586 836 tradens,
597 761 679 820 addit
695 779 703 822 ε
717 761 763 820 καλ
775 759 805 820 τδ
824 761 853 820 ἀκ
866 760 917 820 τά·
962 774 991 819 et
1004 758 1158 819 Philonem
1169 760 1204 818 de
1217 759 1327 818 rnrrndo
1341 778 1400 819 non
1415 758 1572 820 interitum
1586 779 1616 837 p.
1632 758 1700 833 737.
1714 757 1746 820 C.

131 880 180 928 σης
198 860 246 928 τῆς
267 853 358 920 αύσίας
377 849 466 924 ποιόν,
489 851 534 910 καὶ
551 849 580 908 τδ
600 849 648 922 τὴν
673 848 848 926 διακόσμησιν
869 847 916 920 τὴν
963 849 1008 909 ed.
1024 847 1128 907 (λείου.
1145 879 1186 893 -
1200 846 1304 906 Ιιαὐτὸν
1319 853 1385 924 ἡμῖν
1400 846 1531 927 εὐχόμεθα
1542 845 1620 906 ίλεων
1632 845 1675 904 τὸν
1696 847 1746 904 κύ-

131 944 257 1015 τοιαύτην
270 940 318 1002 καλ
337 938 453 1008 διάταξιν
469 937 539 1018 ἔχον.
560 938 607 1000 dd
621 937 690 996 κατὰ
707 936 754 1016 μὲν
768 935 816 1008 ebe
827 936 918 1015 προτέ-
967 961 1034 1012 σμον
1049 935 1167 1016 γενέσθαι
1176 935 1304 1015 ].Simile
1318 948 1417 994 volum
1430 935 1555 1012 legimus
1570 935 1601 995 in
1614 935 1672 993 fine
1684 955 1747 1015 cap.

135 1057 183 1117 ραν
206 1033 330 1092 ἀπόδοσιν
348 1028 431 1088 ἀίδιον
450 1029 494 1088 τδν
509 1029 609 1104 κόσμον
623 1017 692 1087 εἶναί
707 1049 787 1109 φασι·
801 1025 870 1085 κατδι
891 1026 917 1085 δὲ
964 1025 1001 1084 lv
1016 1045 1024 1086 t
1040 1029 1157 1086 τοσαῦτα
1180 1023 1241 1103 περί
1258 1024 1346 1100 μύθων
1369 1026 1487 1082 εἰποῦσιν
1503 1023 1568 1098 ἡμῖν
1590 1023 1665 1083 αύτοί
1680 1047 1709 1081 τε
1724 1025 1748 1082 ol

131 1123 182 1194 τλν
196 1121 384 1197 διακόσμησιν,
403 1116 525 1196 γεννητὸν
549 1117 595 1176 καί
610 1115 788 1194 μεταὸλητόν.
805 1114 848 1175 Cf.
867 1113 918 1172 Li·
964 1113 1017 1172 θεολ
1031 1111 1076 1172 καλ
1096 1115 1148 1170 τῶν
1173 1111 1331 1190 γραψάντων
1348 1109 1407 1179 τοθς
1422 1111 1519 1188 μύθους
1532 1112 1560 1170 αί
1579 1111 1665 1190 ψυχαὶ
1685 1107 1748 1192 ίλειρ

132 1213 217 1292 psius
227 1211 265 1270 de
277 1208 449 1286 Physiolog.
461 1205 552 1267 Stoic.
566 1205 621 1268 lib.
634 1205 663 1264 ll
673 1205 791 1266 dissert.
804 1202 865 1262 XX.
878 1235 919 1249 —
962 1198 1088 1280 γίνοιντο.
1107 1199 1163 1257 Sed
1178 1201 1318 1258 mundum
1338 1221 1354 1258 ει
1371 1202 1510 1280 plurimis
1529 1200 1677 1278 sapientiae
1693 1201 1747 1259 do-

14 1317 19 1328 ·
140 1299 206 1359 ”dre
223 1297 272 1376 μὲν
287 1300 335 1356 οάκ
350 1295 381 1354 διν
395 1293 448 1354 θεολ
465 1295 616 1376 φθεροῦσιν]
633 1293 706 1353 Vide
721 1294 917 1353 Hermannum
965 1289 1094 1348 cunibus
1106 1289 1178 1346 olim
1190 1309 1245 1366 pro
1256 1289 1311 1347 deo
1321 1307 1384 1348 esse
1396 1289 1528 1349 habitum
1540 1289 1612 1348 satis
1625 1301 1747 1347 constat.

132 1391 168 1448 de
183 1387 327 1468 particula
338 1384 370 1444 ἀν
383 1383 464 1445 lib.l
479 1403 543 1463 cap.
559 1385 576 1440 8
591 1384 699 1462 θμυεο.
710 1383 770 1442 vol.
784 1381 821 1440 lv
837 1401 864 1460 p.
881 1384 918 1438 28
964 1378 1012 1436 Sic
1026 1378 1141 1437 Plinius
1155 1378 1242 1436 initio
1257 1377 1403 1438 Naturalis
1417 1379 1545 1438 historiae
1566 1399 1572 1436 :
1589 1377 1747 1449 mundum,

131 1497 213 1555 seqq.
227 1508 267 1524 —
282 1475 328 1532 ‘el
343 1472 391 1550 μὲν
408 1462 453 1530 ode
467 1473 509 1552 ὑφ’
524 1475 618 1532 ἑαυτοῦ
637 1475 651 1529 θ
665 1471 762 1547 κόσμος
774 1475 916 1552 φθείρεται,
964 1465 1077 1543 inquit,
1094 1479 1123 1524 et
1140 1465 1198 1524 hoc
1217 1467 1296 1544 quod
1313 1468 1433 1525 nomine
1452 1467 1511 1526 alio
1528 1467 1633 1526 coelum
1650 1467 1750 1544 appel-

133 1563 187 1622 ἔδει
201 1560 437 1722 κτλχὸὶιιιίλίιεε
452 1557 557 1637 Eurip.
579 1558 674 1636 lphig.
690 1559 758 1619 bul.
785 1567 843 1634 944
865 1557 918 1636 ἐγὼ
964 1555 1025 1612 lare
1038 1553 1146 1627 libuit,
1163 1554 1247 1632 cujus
1263 1555 1457 1615 circumflexu
1474 1569 1612 1633 teguntur
1626 1569 1747 1626 cuncta,

133 1652 259 1718 κάκιστος
292 1672 306 1706 ν
322 1647 363 1727 ἄρ’
375 1647 496 1728 Ἀργείων
513 1645 590 1727 ἀνήρ,
607 1645 659 1726 ἐγὼ
674 1645 704 1705 τδ
720 1645 818 1722 μηδέν,
832 1647 918 1711 illed-
964 1662 1074 1702 numen
1088 1663 1151 1702 esse
1165 1645 1247 1702 credi
1262 1664 1315 1722 par
1329 1658 1373 1704 est
1385 1658 1525 1704 aeternum
1535 1687 1544 1718 ,
1555 1645 1748 1716 immensum,

133 1741 201 1809 λεως
219 1737 243 1798 δ’
256 1740 284 1798 ἀν
299 1735 437 1816 ἀνδράσιν,
452 1739 487 1802 ὡς
502 1735 562 1816 οθχλ
577 1736 704 1812 Πηλέως,
721 1737 779 1794 ἀλλ’
799 1734 918 1794 ἀλάστο-
965 1751 1059 1810 neque
1083 1732 1232 1808 genitum,
1261 1752 1358 1811 neque
1392 1734 1581 1792 interiturum
1609 1753 1749 1810 unquam.

135 1852 179 1908 ρος
204 1824 303 1906 γεγώς,
324 1823 399 1903 είπερ
426 1822 528 1904 φονεύει
548 1823 646 1903 τεθμὸν
670 1822 754 1900 ὄνομα
773 1827 811 1904 σῷ
831 1823 917 1885 πόσει.
965 1819 1029 1888 Οιιει
1047 1821 1084 1878 de
1105 1839 1138 1878 re
1165 1819 1334 1898 Porphyrio
1358 1833 1477 1879 auctore
1492 1820 1611 1878 laudato
1634 1820 1752 1878 disserit

136 1917 223 1976 Plato
234 1913 383 1974 Charmid.
397 1933 425 1991 p,
445 1912 510 1974 εδδ.
524 1913 556 1971 B.
570 1913 594 1970 εἰ
610 1909 658 1988 μίν
674 1933 714 1972 σοι
726 1910 777 1984 ἤδη
793 1909 917 1992 πάρεστιν
964 1907 1108 1968 Eusebius
1121 1908 1215 1987 Praep.
1236 1907 1347 1985 Evang.
1363 1909 1417 1968 lib.
1436 1908 1480 1966 lll
1495 1928 1559 1987 cap.
1576 1929 1595 1984 9
1612 1927 1678 1986 pag.
1697 1909 1750 1966 10³

136 2005 150 2064 8
165 2003 237 2081 λίγει
252 2001 366 2082 Κριτίας
376 2000 439 2076 ὅδε,
460 1999 631 2082 σωφροσύνη,
642 2000 689 2060 καί
703 1991 727 2058 εί
738 1999 849 2080 σώφρων
861 2001 920 2058 ἱκα-
965 1997 1011 2056 ed.
1034 1995 1146 2074 Vigeri.
1160 1997 1242 2056 Adde
1257 1997 1456 2076 Epiphanium
1469 1996 1522 2056 lib.
1537 1997 1550 2056 l
1566 1998 1632 2057 adv.
1650 1996 1718 2055 laaer.
1735 2019 1750 2070 7

136 2099 201 2170 νιῖις,
213 2094 287 2154 οὐδὲν
301 2091 340 2165 ἔτι
349 2115 391 2153 σοι
405 2089 458 2150 ἔδει
471 2089 530 2150 ούτε
544 2092 596 2150 τῶν
609 2087 784 2168 Ζαμόλξιδος,
796 2087 855 2148 ούτε
867 2093 919 2148 τῶν
965 2105 1031 2165 pag.
1046 2107 1080 2144 ar
1098 2099 1127 2144 et
1143 2088 1210 2148 132.
1221 2084 1281 2165 -)

138 2181 275 2261 Ἀάάριδος
296 2183 343 2239 τοῦ
363 2177 467 2258 Ὑπερύ
500 2174 544 2238 ίου
563 2179 671 2260 ἐπῳδῶν
693 2179 753 2236 κτλ.
778 2177 831 2236 ubi
853 2177 921 2236 vide

139 2269 351 2330 lleindorfium.
376 2300 417 2314 -
432 2264 446 2304 ‘¹
463 2201 517 2327 όύον
536 2266 630 2348 φύσις]
646 2264 824 2326 lamblichus
843 2268 922 2346 apud
1288 2247 1356 2324 Κεφ·
1381 2242 1429 2316 ‘b'-

137 2359 284 2418 Stobaeum
305 2356 404 2432 Eelog.
425 2355 509 2416 lib.1
528 2373 591 2434 cap.
613 2354 646 2429 V,
665 2355 701 2412 ιθ
722 2373 787 2432 pag.
806 2355 861 2413 186
876 2353 921 2412 ed.

139 2447 262 2507 Heeren.
278 2443 354 2528 φύσιν
369 2442 477 2522 δὲλέγω
493 2439 541 2513 τὴν
556 2442 702 2524 ἀχώριστον
718 2438 806 2498 αἰτίαν
819 2445 865 2499 τοῦ
880 2439 922 2499 κό·

138 2555 207 2610 σμου
221 2531 267 2591 καλ
282 2530 436 2612 ἀχαρίστως
450 2529 624 2611 περιέχουσαν
640 2526 688 2595 τάς
702 2525 764 2594 δλας
778 2525 863 2594 αἰτίας
877 2531 923 2598 τῆς
1010 2525 1066 2586 Καλ
1083 2523 1159 2602 μὴν·
1180 2523 1239 2584 obal
1254 2524 1285 2586 τδ
1304 2522 1394 2594 ἀθεΐας
1408 2523 1421 2562 ¹³
1435 2522 1497 2604 περί
1510 2547 1582 2591 τινας
1598 2525 1694 2592 τόπους
1707 2529 1754 2598 τῆς

138 2621 279 2700 γενίσιιυς,
294 2620 344 2679 δσα
359 2621 497 2700 χωριστῶς
512 2621 540 2677 αἱ
552 2618 697 2698 κρείττονες
708 2613 796 2674 οὐσίαι
810 2614 856 2673 καλ
868 2615 924 2674 δια·
967 2615 1016 2690 γῆς
1028 2610 1168 2690 γενίσθαι,
1178 2610 1305 2680 πολλάκις
1321 2611 1349 2672 bl
1368 2609 1476 2690 ὕστερον
1486 2609 1609 2686 ἔσεσθαι,
1623 2609 1693 2680 ἀξιον
1707 2635 1754 2670 τοι·

140 2709 284 2788 κοσμήσαις
306 2707 490 2789 συνειλήφασιν
510 2707 537 2764 ἀν
553 2707 670 2770 ἑαυταῖς.
692 2709 758 2750 -⁸
779 2705 802 2762 εί
823 2701 850 2761 δὲ
877 2705 922 2762 ὑπ’
968 2711 1071 2782 ράττειν
1085 2699 1145 2769 τούς
1166 2700 1313 2782 ἔμφρονας·
1335 2699 1376 2760 δτι
1394 2723 1423 2760 τε
1443 2700 1490 2760 οὐκ
1505 2701 1541 2768 είς
1561 2691 1633 2768 θεούς
1652 2699 1753 2780 γίνεται

140 2799 228 2858 ἀλλων
240 2799 371 2874 σωμάτιον
385 2799 400 2856 ὁ
413 2795 510 2874 κόσμος
523 2793 671 2876 φθείρεται,
684 2793 764 2854 πόθεν
778 2791 922 2872 γενομένου
968 2795 1070 2864 ταῦτα,
1086 2789 1177 2869 ὥσπερ
1189 2787 1248 2850 obal
1263 2793 1291 2850 αί
1304 2789 1381 2868 τιμαλ
1396 2789 1509 2856 ἐκείνους
1520 2790 1669 2870 ὧφελοῢσαι
1684 2789 1754 2870 ἐφά-

140 2889 224 2965 κτλ.]
250 2885 325 2964 Lege
347 2885 478 2945 Ocellum
500 2904 564 2963 cap.
588 2881 601 2939 l
623 2881 641 2960 S
671 2903 718 2946 ει.
739 2913 780 2932 -
801 2879 922 2962 ίέτίρα]
969 2886 1090 2950 νησανθ·
1106 2879 1152 2939 καλ
1165 2879 1208 2938 διά
1219 2879 1250 2938 τδ
1265 2880 1402 2940 ἀδυνατεῖν
1417 2880 1500 2958 μέσης
1512 2877 1601 2946 οὐσίας
1615 2870 1695 2938 οὖσαν
1706 2878 1755 2952 τὴν

141 2977 200 3036 scri
213 2977 266 3048 rsi3
283 2975 370 3036 codd.
386 2974 475 3053 ἕτερα.
488 2979 551 3018 -ί
565 2971 604 3029 ότι
617 2972 710 3030 πθίντδ
724 2969 922 3050 φθειρόμενονῆ
968 2967 1056 3048 ψυχὴν
1075 2967 1116 3028 del
1132 2973 1291 3050 κατορθοῦν·
1307 2968 1353 3028 καὶ
1364 2969 1395 3030 εδ
1411 2966 1448 3045 μὴ
1464 2967 1592 3027 δύνασθαι
1607 2967 1695 3030 πάντα
1710 2967 1755 3030 τθν

141 3067 186 3143 ἀφ’
199 2995 237 3123 ἀν
251 3064 419 3142 ἑγένετο,είς
434 3063 519 3120 ἐκεῖνα
534 3060 642 3138 λύεται]
655 3059 782 3118 Consule
793 3057 922 3118 Ocellum
968 3055 1066 3132 κόσμον
1088 3059 1134 3128 τῆς
1157 3059 1208 3114 τῶν
1235 3060 1299 3117 θεῶν
1322 3055 1446 3137 προνοίας
1473 3055 1616 3116 ἀπολαύειν
1641 3056 1755 3135 ὁμοίοις,

142 3171 206 3231 cap.
224 3151 267 3228 ls
285 3173 330 3210 ιο.
349 3151 393 3210 cl.
410 3151 496 3210 Philo
515 3150 550 3208 de
566 3148 675 3208 mundo
695 3168 754 3208 non
770 3147 924 3206 interituro
969 3145 1038 3204 ἀλλὰ
1052 3144 1145 3223 τὰμὲν
1161 3145 1287 3220 αἰωνίως,
1302 3145 1336 3206 τά
1352 3145 1379 3204 δί
1390 3145 1459 3210 κατὰ
1473 3144 1581 3226 χρόνον,
1596 3145 1642 3206 καί
1655 3145 1690 3206 τθι
1705 3145 1753 3224 μὲν

141 3262 173 3319 p.
193 3263 249 3313 7²⁰
266 3240 312 3300 ed.
334 3239 439 3298 Colon.
455 3271 495 3284 -
512 3241 524 3277 θ
539 3236 578 3296 ἔτι
592 3237 695 3316 ἀνάγκη
710 3235 755 3296 τὸν
769 3236 886 3312 κόσμον,
902 3237 924 3295 εί
974 3235 1101 3314 πρώτως,
1118 3233 1152 3294 τά
1164 3235 1191 3294 δὲ
1208 3234 1332 3314 δευτέρως
1345 3234 1468 3316 μετέχειν
1484 3235 1595 3308 ἐκείνης·
1609 3233 1700 3316 ὥσπερ
1711 3235 1756 3294 καί

142 3329 290 3410 φθείρεται,
309 3326 327 3399 ἢ
341 3329 426 3400 κατδ,
435 3326 511 3407 φύσιν
534 3325 684 3406 φθείρεσθαι
707 3325 816 3404 ἢπαρά
837 3322 922 3404 φύσιν.
969 3327 1020 3384 τῶν
1044 3324 1191 3396 αἰσθήσεων
1210 3327 1303 3382 πασῶν
1318 3322 1366 3402 μδν
1380 3329 1398 3396 ἡ
1414 3325 1531 3402 κεφαλή,
1548 3333 1611 3403 μιᾶς
1624 3324 1652 3384 δὲ
1667 3323 1727 3384 ὅλον
1742 3321 1756 3360 ⁴

142 3415 226 3497 Παρδ
241 3415 318 3496 φύσιν
334 3415 362 3475 δὲ
377 3415 528 3495 φθείρεσθαι
542 3412 621 3472 αύτδν
637 3412 772 3472 ἀδύνατον.
788 3411 858 3473 Οὖδί
875 3411 924 3493 γάρ
972 3412 1000 3472 τὸ
1023 3414 1101 3486 σῶμα
1117 3412 1283 3474 αἰσθάνεται.
1302 3412 1357 3474 Kal
1375 3411 1418 3472 δεδι
1432 3418 1526 3486 τοῦτο,
1549 3416 1584 3481 ὡς
1607 3411 1706 3494 άοικιν,
1732 3415 1756 3476 ol

140 3505 171 3564 τθ
182 3504 257 3584 παρὰ
272 3503 350 3584 φύσιν
366 3501 486 3584 προτερεῖ
495 3505 541 3573 τῆς
553 3501 667 3582 φύσεως·
682 3504 705 3561 εί
718 3499 745 3560 δὲ
761 3499 829 3560 κατά
839 3499 925 3582 φύσιν,
972 3499 1019 3568 τδς
1039 3499 1131 3581 ίορτδις
1148 3501 1379 3579 καταστησάμενοι
1403 3502 1449 3562 καλ
1466 3503 1621 3585 ἀποφράδας
1637 3509 1650 3538 ⁰
1665 3503 1756 3577 ἀποίη-

141 3595 181 3653 δεῖ
205 3593 295 3674 ίτίραν
312 3581 378 3652 εἶναι
398 3593 447 3664 τὴν
464 3589 682 3669 μεταύάλλουσαν
697 3595 741 3649 τοῦ
761 3589 860 3667 κόσμου
875 3589 923 3662 τὴν
971 3611 1036 3662 σαν,
1050 3593 1077 3649 ἐν
1091 3578 1132 3657 αἷς
1147 3588 1182 3648 rb
1196 3588 1244 3667 μὲν
1260 3588 1335 3670 ἥργει
1350 3593 1401 3650 τῶν
1417 3593 1511 3672 ἱερῶν,
1527 3590 1561 3650 rb
1575 3591 1602 3650 δὲ
1622 3593 1755 3671 ἀκλείετο,

140 3681 237 3762 φύσιν,
263 3681 328 3758 ὅπερ
346 3681 375 3739 ού
399 3677 518 3758 φαίνεται
529 3675 602 3760 isio
622 3677 775 3736 emendavi
798 3695 832 3736 ao
855 3697 923 3754 sup·
970 3682 1022 3738 τῶν
1038 3678 1065 3738 δὲ
1081 3679 1184 3738 καὶτὸν
1199 3679 1299 3756 κόσμον
1317 3679 1454 3760 ἀφῄρουν,
1474 3677 1522 3751 τὴν
1537 3678 1675 3741 ἀοθίνιιαν
1690 3679 1756 3754 ίτῆς

141 3767 223 3847 plevi
250 3768 344 3826 locum
372 3779 542 3844 corruptum
572 3779 602 3824 et
626 3766 769 3826 mutilum.
803 3764 925 3824 Codices
970 3771 987 3840 η
1024 3767 1102 3850 τέρας
1115 3767 1299 3850 ἀφοσιούμενοι
1309 3768 1419 3846 φύσεως.
1434 3767 1488 3828 Καλ
1501 3769 1633 3836 κολάσεως
1647 3767 1675 3827 δὲ
1691 3759 1757 3836 εἶδος

141 3857 221 3914 enim
237 3853 420 3914 bechehem
434 3871 441 3914 :
457 3853 495 3912 ίτι
509 3853 611 3930 ἀνάγκη
625 3853 669 3912 τὸν
683 3853 801 3930 κόσμον,
815 3853 838 3912 εί
853 3852 922 3933 φθεί·
971 3791 1039 3916 dile
1055 3856 1145 3917 ἀθείαν
1160 3859 1209 3916 οὐκ
1225 3856 1346 3924 ἀπεικός·
1360 3855 1420 3923 τοθς
1432 3855 1484 3936 γάρ
1500 3855 1609 3934 γνόντας
1623 3854 1696 3924 θεοὺς
1710 3855 1755 3915 καλ

143 3965 236 4024 ρεται,
253 3941 271 4014 ἢ
289 3941 357 4001 κατδι
373 3941 451 4024 φύσιν
465 3940 615 4026 φθείρεσθαι
629 3940 647 4014 ἢ
662 3941 736 4023 παρά
751 3939 839 4022 φύσιν.
853 3941 922 4002 Οὐδὲ
972 3943 1222 4026 καταφρονήσαντας
1243 3941 1350 4022 ιύλογον
1365 3944 1392 4002 ίν
1406 3941 1488 4023 ίτίριρ
1504 3943 1554 4024 βίιρ
1567 3943 1614 4002 καλ
1624 3948 1671 4016 τῆς
1685 3941 1756 4023 γνύ-

140 4034 172 4091 τδ
184 4029 259 4112 παρὰ
278 4030 354 4112 φύσιν
367 4029 492 4111 πρότερον
512 4029 569 4110 ἔχει
581 4035 628 4099 τῆς
642 4029 755 4110 φύσεως·
769 4033 792 4089 εἰ
807 4029 834 4089 δὲ
848 4029 921 4111 παρδι
971 4055 1036 4098 σεως
1056 4032 1211 4112 στέρεσθαι,
1234 4030 1280 4092 καλ
1294 4029 1353 4099 τούς
1368 4033 1469 4090 ἑαυτῶν
1487 4030 1614 4110 βασιλίας
1629 4033 1665 4098 ὣς
1684 4030 1757 4098 θεοθς

1031 2403 1077 2451 Διάι
1089 2401 1112 2450 τί
1126 2401 1204 2451 διθείαι
1216 2400 1335 2464 γίνονται·
1351 2400 1439 2450 καθότι
1452 2401 1502 2456 θεθς
1514 2399 1542 2448 ού
1553 2397 1690 2462 βλάπτεται.

453 4225 512 4288 cap,
530 4227 616 4276 xvm,
972 4199 1085 4263 quedam
1098 4199 1195 4265 priore,
1210 4199 1334 4251 nonnulle
1346 4199 1708 4264 posterioraloooprovidenlia
1717 4214 1756 4252 re·

972 4291 1061 4352 guntur
1075 4309 1082 4340 ι
1095 4287 1304 4352 quemadmodum
1313 4291 1339 4340 et
1351 4287 1378 4340 ln
1389 4288 1469 4354 oaplte
1479 4299 1565 4340 omnes
1578 4301 1665 4340 sensus
1681 4293 1755 4354 aunt,

142 4368 190 4409 ⁰¹¹³
200 4363 300 4409 'mm
310 4363 507 4421 mmmmm
517 4363 682 4416 'mmmm‘
695 4375 722 4411 ³⁰
732 4365 801 4412 dnm
810 4377 857 4412 ¹¹⁰⁰
865 4362 925 4417 ffl-
971 4378 996 4428 ln
1015 4381 1069 4430 loto
1081 4391 1182 4444 corpore
1195 4391 1261 4430 unus
1274 4379 1347 4430 inest.
1380 4379 1547 4439 Quamobrem
1559 4378 1602 4444 qul
1615 4377 1669 4430 dies
1681 4375 1757 4430 leutos

174 4497 260 4561 daque
270 4509 332 4548 vero
343 4495 450 4549 aurora
464 4497 597 4562 impietatis
609 4497 698 4562 plena,
711 4511 768 4562 que
781 4499 926 4563 quibusdam
971 4467 1143 4544 immeruit,
1157 4471 1187 4518 Ul
1197 4479 1239 4532 Pil
1249 4469 1301 4531 0⁵1·
1314 4467 1389 4520 etiem
1398 4467 1452 4520 (110⁵
1461 4467 1569 4520 nem
1580 4466 1756 4534 lfoefinlefflnb

142 4588 346 4642 mmmm
369 4589 431 4641 φωρ,
449 4594 503 4640 pum
524 4589 654 4641 commissa
670 4591 739 4654 sunt,
762 4591 816 4643 tum
836 4593 927 4658 ΜΡΝ,
971 4557 1125 4621 quibusque
1141 4553 1617 4620 sacrificiorumouralnlermittebalur,
1633 4557 1756 4623 quatem

142 4677 228 4742 ροείοε
246 4677 440 4742 committantur,
455 4678 522 4728 viros
542 4677 677 4741 prudentes
693 4679 796 4731 turbare
813 4679 925 4730 debent:
972 4649 1012 4712 δὴ
1028 4647 1068 4699 '⁶¹
1082 4646 1263 4699 ⁰h⁵⁶¹⁸b⁸¹¹m¹
1275 4647 1315 4698 '⁰¹
1334 4649 1424 4699 (ΜΠ
1436 4647 1598 4712 Ρήίάῧάῃίίίῐ
1616 4647 1649 4698 ἀί)
1667 4647 1697 4698 ῑίῦ
1713 4648 1756 4710 ‘lui

141 4764 233 4829 partlm
244 4767 301 4830 qula
314 4765 663 4818 beonoucommittuuturin
677 4765 751 4828 deos,
764 4769 924 4831 quemadmo-
971 4739 1065 4788 mm
1090 4737 1181 4787 ΝΜ
1208 4734 1401 4786 mammem
1430 4735 1567 4800 mmm·
1599 4735 1649 4787 Μ
1675 4749 1754 4799 9⁰³⁰oe

142 4851 205 4904 dom
217 4865 248 4903 ne
259 4853 341 4905 uultus
353 4853 454 4918 quidem
476 4853 524 4905 illis
544 4853 661 4919 prodesse
674 4855 744 4906 visus
758 4857 797 4906 est
809 4876 816 4908 ε
836 4857 926 4922 parlim
971 4838 1069 4888 qu⁰q¹¹⁰
1081 4823 1188 4888 wem
1197 4823 1347 4888 impiemem
1359 4835 1427 4886 ⁸⁸⁵⁶*
1439 4823 1570 4875 'emim
1578 4825 1625 4875 ωδ·
1658 4822 1753 4873 mmm

143 4937 203 5004 (puis
223 4940 317 4992 mmm
335 4941 417 4994 medi„
430 4945 519 4993 „atum
536 4943 658 5007 praeffim
677 4957 726 4994 non
744 4946 828 5008 potest
844 4945 925 4996 omnia
973 4913 1017 4978 qui
1037 4913 1096 4964 deos
1110 4917 1261 4978 agnovemnl
1279 4915 1513 4976 eteontemserum,
1534 4928 1577 4965 eos
1595 4915 1621 4963 in
1640 4913 1689 4964 alia
1702 4913 1753 4962 vilo

143 5041 242 5095 ,emper
262 5043 374 5096 pm
386 5046 487 5098 gerere,
502 5032 596 5096 etqui„
610 5035 679 5085 totus
701 5033 809 5086 mun-dus
823 5035 925 5086 deomm
971 5003 1154 5054 illommeliam
1165 5003 1399 5068 cognitionaoerere
1416 5001 1541 5066 probabile
1554 5005 1601 5053 est.
1634 5001 1751 5066 llemqul

142 5117 296 5184 providem
311 5119 397 5172 eodm
409 5119 484 5172 Μ,
503 5119 668 5174 mmmm
689 5121 788 5187 nm,
809 5123 852 5175 „d
870 5123 924 5175 ,φῶ
972 5089 1081 5156 proprios
1092 5104 1162 5156 reges
1175 5091 1205 5142 ut
1222 5089 1282 5142 deos
1294 5089 1403 5141 venerati
1422 5091 1496 5154 suot,
1507 5102 1550 5140 οοε
1560 5102 1609 5139 non
1621 5087 1668 5140 elia
1679 5103 1752 5154 puna

146 5205 201 5270 eju,
211 5210 297 5274 partes
313 5211 444 5276 mmo,
467 5209 520 5262 ,μω
533 5211 598 5264 ,ωηο
609 5215 734 5276 tempore,
749 5215 822 5276 atquo
839 5227 937 5265 emm·
972 5191 1047 5244 quam
1060 5177 1162 5232 deorum
1174 5179 1306 5230 arnissione
1318 5177 1382 5228 allici
1396 5175 1502 5242 oportet.
