3958 5942
835 407 1087 474 FRAGMENTAt
1594 413 1597 422 ’
1701 416 1761 480 253

145 549 193 614 κα)
207 547 334 627 μανθάνοι
346 519 407 624 ιἅμα
421 543 467 606 καλ
482 543 583 624 θγιέζοι
605 542 651 603 καλ
674 544 751 621 ὑγιαῖζ
752 567 807 603 οιτο
821 542 912 614 τήν’
883 569 933 603 uu·
980 545 994 602 8
1018 541 1153 622 Εὔδημος,
1178 541 1261 611 οὕτως
1282 538 1381 622 ἥξομέν
1398 562 1463 604 ποτε
1484 545 1520 612 τῖς
1541 543 1575 604 el
1594 570 1616 605 π
1617 545 1705 625 ρώτοις
1722 573 1763 609 xt-

145 641 194 714 τὴν
209 639 316 718 ῦγίειαν,
332 635 426 715 ἅπερθ
440 635 592 746 Εὔδημοςῦ
578 631 667 693 ιθ
631 658 683 694 των
695 637 780 693 αυτων
796 634 933 708 ὀνομάτων
980 639 1087 694 νοῦντα·
1099 655 1184 691 ταυτα
1197 633 1224 691 οε
1216 623 1356 705 ηνθ
1319 656 1356 710 μη
1370 655 1422 692 τινι
1435 631 1525 707 ἐκίνει,
1544 633 1603 694 ἀλλ’
1618 637 1666 696 ὅλα
1679 639 1762 706 ὅλοις

146 729 279 840 ααρέστερ
266 724 582 808 ραπεποέηκενγρᾶρων
598 724 723 792 οῦτωςπ
711 715 789 805 «ἆρ’
804 715 847 783 οῦν
864 721 933 782 ε’νδ-έ
979 726 1007 782 οὗ
1031 720 1117 804 γὰρ’
1105 747 1132 782 εν
1135 723 1241 802 δέχεται
1265 721 1314 794 τὴν
1338 721 1520 803 ἀνταναέρεσιν
1550 723 1611 782 ἄπει
1614 749 1693 804 ορνε
1682 717 1763 786 ε·Ῑναι

144 841 223 900 χεται
241 817 330 928 ρέρειν
344 815 404 878 θλον
419 813 478 874 ὅλον
500 816 582 872 εἰπεῖν
598 812 642 872 ἐπὶ
658 819 703 872 τοῦ
719 811 793 890 ὤμου
815 812 860 870 καλ
875 809 931 889 ἅμα
978 837 1007 874 ου
996 813 1073 894 ’γθρ
1087 811 1119 873 ἂν
1133 815 1245 872 κινοῖντο
1259 813 1327 892 [leg.
1343 814 1452 926 κινοῖτρ]
1464 839 1501 888 μη
1491 812 1583 881 “ὅντος
1595 839 1615 872 π
1618 817 1710 894 ρώτου,
1722 819 1763 879 δέ·

145 909 175 970 τὸ
190 904 346 968 αὐτὸκαὶ
332 931 360 965 εν
375 904 419 966 ἐπὶ
435 909 481 964 τοῦ
498 900 573 981 ὤμου
588 903 636 985 ρέρ
623 907 722 980 ρεσθαι,
737 904 782 962 καὶ
805 890 872 960 εἶναι
887 902 932 960 καλ
978 905 1080 962 δεικται
1097 902 1124 962 88
1138 899 1177 962 ὅτι
1191 901 1278 962 θ’λον’
1268 925 1321 962 οπο
1308 901 1434 962 *800³
1419 903 1547 964 αθύνατον
1561 905 1689 965 κινεῖσθαι
1702 909 1759 969 iau·

146 997 189 1058 lul
205 1003 250 1057 τοῦ
267 993 343 1074 ιθμου
359 993 447 1076 φέρειν
463 990 509 1051 καλ
523 990 611 1072 έχειν;
626 989 644 1063 ἢ
660 997 736 1051 τοῦτο
751 989 798 1069 μ.ν
810 993 860 1070 οὐχ
878 982 930 1051 οἶόν
977 999 1036 1068 τοῦ,
1052 991 1121 1055 ὥστε
1141 991 1284 1108 ἀνάγκη“
1259 1015 1290 1052 το
1305 994 1416 1073 πρώτως
1428 1000 1514 1054 κινοῦν
1532 995 1653 1070 ἀκίνητον
1674 995 1702 1058 θν
1717 1023 1763 1060 κι-

146 1111 186 1158 τε,
202 1084 389 1166 θερμαίνεσθαι
402 1081 430 1142 88
449 1080 510 1140 ὅλον
524 1083 567 1161 eq
583 1080 662 1160 ὅλον)
681 1081 726 1139 καλ
745 1086 851 1156 πιῦς;τ
836 1078 931 1157 τθμὲν
975 1091 1039 1142 νεῖν.
1057 1083 1162 1145 »Οὕτω
1167 1073 1562 1196 μλνοῦνθθῖὔδημοςδιαιρεῖ.
1606 1085 1675 1147 ‘08⁸
1690 1088 1762 1170 ἰ-Αρ

145 1176 197 1256 γθρ
217 1182 357 1255 θερμαῖνον
381 1180 408 1232 θε
411 1169 528 1282 ρμαθνει,
544 1168 640 1251 θερμὸν
653 1126 774 1243 ’δηλονότι
791 1169 875 1243 8r,⁸
851 1193 881 1230 το
902 1167 930 1228 88
978 1172 1102 1245 στοτέλης
1128 1175 1232 1254 πρῶτον
1255 1173 1409 1253 ἀναιρεῖ“το
1434 1173 1522 1254 μόριον
1548 1175 1596 1253 μέν
1620 1201 1646 1236 τι
1671 1187 1760 1253 κινεῖν,

145 1264 348 1343 θερμαινόμενον
363 1260 438 1330 ste*
414 1283 444 1320 το
457 1260 550 1340 θερμὸν
566 1259 742 1338 μεταῦοὶλλει·
761 1257 822 1327 εἰςθ
837 1258 864 1318 88
878 1283 932 1336 με·
977 1263 1068 1343 μόριον
1085 1262 1113 1322 δέ
1129 1286 1154 1321 τι
1150 1196 1297 1322 ίὶκινείἀθοιι
1316 1261 1436 1331 08rm<⁰
1418 1287 1487 1322 ωστε
1502 1289 1549 1323 και
1562 1265 1592 1324 τὸ
1611 1266 1761 1340 κινούμενον

146 1355 286 1428 ταῦάλλει,
310 1352 384 1415 οὕτω
401 1349 471 1410 ἐστὶν
491 1349 590 1422 ἐκεῖνο,
612 1348 669 1426 ἅμα
684 1346 711 1408 88
733 1340 799 1408 εἶναι
823 1348 853 1408 τὸ
867 1348 931 1408 αὐτὸ
976 1361 1058 1411 κινεῖν
1073 1352 1154 1412 πάλιν
1171 1350 1236 1411 αὐτὸ
1250 1352 1296 1410 καλ
1311 1351 1341 1410 τὸ
1353 1359 1439 1412 κινοῦν
1455 1355 1583 1413 κινεῖσθαι
1598 1354 1649 1414 ὑπὸ
1663 1361 1709 1416 τοῦ
1721 1381 1759 1416 κι·

146 1443 242 1522 θερμόν
252 1466 280 1500 τε
295 1443 339 1502 καλ
355 1439 392 1516 μὴ
405 1437 499 1519 θερμὸν
512 1437 650 1497 ἀδύνατον.
664 1463 676 1488 υ
696 1435 739 1496 Cf.
753 1435 930 1496 Themistius
975 1443 1102 1520 νουμένου
1125 1442 1169 1500 ὑπ’
1193 1443 1286 1500 αὐτοῦε
1304 1442 1443 1519 συμῦαῖνει
1460 1442 1510 1522 γὰρ
1531 1443 1612 1512 οὕτως
1634 1447 1757 1523 ἑκάτερον

147 1533 199 1593 sol.
226 1535 280 1611 60,
295 1531 326 1590 b.
342 1529 391 1608 qui
408 1527 476 1586 inde
491 1547 508 1585 a
522 1525 621 1584 verbis
636 1528 739 1605 πρῶτον
757 1524 784 1584 88
806 1524 931 1584 ἁπάντων
975 1532 1018 1610 ὑφ’
1034 1529 1160 1611 ἑκατέρου
1177 1535 1314 1604 κινεῖσθαι,
1326 1531 1377 1591 θπό
1389 1557 1418 1591 τε
1432 1539 1476 1592 τοῦ
1492 1536 1643 1608 κινουμένου
1656 1540 1760 1596 81:¹88-

147 1619 291 1701 διαιρετέον
321 1620 414 1697 ipsum
441 1617 562 1674 sortasse
596 1615 727 1692 sequitur
755 1614 927 1676 Eudemum.
974 1628 1020 1680 τοῦ
1036 1621 1080 1680 κο)
1096 1621 1140 1700 ὑφ’
1157 1624 1261 1682 ἑαυτοῦ.
1307 1623 1339 1680 El
1355 1621 1407 1701 γὰρ
1419 1623 1448 1682 τὸ
1465 1627 1488 1682 Α
1506 1633 1573 1682 κινεῖ
1593 1625 1622 1684 τὸ
1641 1630 1671 1700 ll,
1686 1632 1715 1686 τὸ
1731 1627 1757 1685 δέ

145 1711 279 1770 Plutonis
292 1722 319 1768 et
335 1707 497 1767 Aristotelis
508 1706 545 1764 de
559 1725 594 1764 eo
607 1704 685 1780 quod
699 1723 730 1762 se
742 1703 837 1782 ipsum
851 1724 928 1762 com·
977 1709 1000 1766 B
1016 1714 1084 1769 κινεῖ
1097 1709 1126 1769 τὸ
1145 1715 1180 1787 A,
1195 1711 1241 1769 κοιλ
1258 1711 1301 1791 ὑφ’
1319 1713 1414 1770 ἑαυτοῦ
1428 1712 1461 1790 8
1464 1736 1479 1768 α
1494 1714 1605 1772 κινεῖται
1619 1719 1649 1774 τὸ
1667 1719 1700 1778 A.
1717 1721 1759 1775 κο)

143 1813 240 1858 moret
260 1799 414 1858 sententias
433 1798 508 1855 inter
527 1814 558 1854 se
574 1807 756 1874 comparatus
769 1793 836 1853 ride
850 1793 929 1874 apud
976 1798 1145 1876 μᾶλλονῆθ
1147 1798 1182 1858 τὸ
1197 1802 1294 1860 τοῦθ.
1338 1737 1461 1858 Μαῑλλονρ
1465 1801 1515 1879 γὰρ
1531 1803 1582 1860 ὑπο
1596 1827 1641 1862 του
1656 1805 1762 1885 πρώτου

142 1889 326 1967 Simplicium
346 1887 393 1944 tot.
417 1906 487 1962 ²9⁰·
491 1889 499 1963 )
975 1896 1106 1956 κινοῦντος
1120 1889 1232 1948 κινεῖται
1248 1889 1278 1949 τὸ
1292 1887 1444 1964 κινούμενον
1456 1889 1495 1962 ἢ
1486 1890 1537 1950 υπθ
1548 1897 1594 1950 τοῦ
1605 1901 1762 1974 προσεχοῦς,

183 1999 219 2039 εν.
241 1976 379 2038 ’ΌτιδΗ
353 1999 401 2035 ουκ
412 1973 531 2034 ἔστιν
502 1997 566 2034 αυτο
553 1971 642 2032 αυτθ
658 1995 739 2032 κινειν
752 1969 878 2046 οὕτως,
859 1995 929 2031 ωστε
975 1979 1157 2046 υιςδοεικται
1171 1981 1267 2058 προτε
1270 2003 1309 2040 ον.
1351 1981 1482 2060 Exponit
1496 1983 1668 2043 Aristoteles
1684 1985 1761 2064 quod

143 2067 298 2146 ἑκάτερον
288 2089 323 2146 υφ
324 2063 471 2145 ’ἑκατέρου
497 2065 634 2136 κινεῖσθαι,
653 2064 682 2121 ἰκ
703 2063 784 2120 τῶνδε
805 2083 886 2144 ρανερ
873 2062 928 2143 ρό.ν
974 2088 1072 2149 perse
1091 2083 1242 2128 moveatur
1260 2067 1306 2148 (τὸ
1323 2070 1759 2149 u8rcxquror)edu0busc0n-

142 2155 216 2217 Οὔτε
234 2154 314 2236 γθρ
299 2177 410 2214 εσται
389 2176 494 2235 ρωτον
510 2176 596 2213 κινουν
611 2153 697 2226 ουδεν,
720 2151 744 2212 εἴ
762 2175 793 2231 γε
807 2151 929 2232 ἑκττερον
975 2157 1489 2237 srarwemembriqquorumatterum
1500 2177 1626 2232 moveat,
1639 2165 1757 2224 alterurn

143 2245 245 2316 κινήσει
264 2244 402 2324 ίκέτερον·
427 2242 458 2302 πθ
480 2242 532 2324 γὰρ
558 2241 684 2323 πρότερον
712 2239 864 2324 αἰτιώτερον
884 2250 929 2304 τοῦ
974 2261 1137 2313 moveatur.
1181 2247 1324 2317 Quocirca
1344 2248 1408 2307 fieri
1428 2263 1534 2328 potest,
1550 2263 1583 2308 ut
1604 2267 1652 2309 aut
1668 2267 1759 2312 totum

141 2339 326 2396 κινεῖσθαιτοῦ
340 2331 466 2414 ἐχομένου
480 2331 525 2391 καλ
536 2331 639 2404 κινήσει
650 2334 761 2410 μᾶλλον.
776 2335 864 2414 Διχῶς
878 2333 930 2415 γθρ
977 2337 1022 2414 (τὸ
1039 2335 1113 2414 ὅλον)
1132 2349 1247 2395 moreat
1261 2349 1290 2394 et
1311 2357 1379 2413 pars
1398 2338 1505 2415 (μέρος)
1528 2353 1693 2416 moveatur,
1712 2357 1762 2401 aut

143 2417 176 2497 ἦν
193 2433 283 2498 κινεῖν,
301 2423 331 2482 τὸ
349 2421 397 2498 μὲν
411 2420 442 2480 τὸ
464 2423 509 2480 ὑπ’
530 2419 611 2480 ἄλλου
635 2419 786 2496 κινούμενον
802 2420 875 2492 αὐτό,
899 2420 929 2480 τθ
975 2437 1170 2506 parsmoveat
1181 2437 1209 2482 et
1224 2436 1317 2481 totum
1334 2438 1496 2498 moveatur,
1508 2439 1556 2482 aut
1569 2446 1635 2504 pars
1646 2443 1759 2488 moveat

143 2513 211 2570 δ’
183 2517 271 2572 αυτιῦ·
288 2510 425 2589 ἐγγύτερον
443 2533 470 2568 σε
485 2531 515 2567 το
502 2507 697 2592 πορρώτερον
711 2515 756 2570 τοῦ
777 2507 929 2588 κινουμένου
974 2528 1003 2573 et
1025 2534 1093 2594 pars
1115 2525 1277 2572 morentur.
1322 2513 1499 2572 Excluditur
1520 2529 1663 2591 quartum.
1690 2517 1761 2585 Quis

353 2595 492 2672 ομεταξύ.
924 2625 926 2632 ·
974 2606 1052 2663 enim
1074 2617 1167 2663 totum
1190 2603 1277 2661 simul
1303 2623 1424 2661 movere
1450 2617 1479 2662 et
1505 2607 1616 2664 moveri
1644 2607 1760 2681 dixerit,

185 2691 371 2767 (Aristoteles
385 2688 475 2766 Plrys
493 2687 544 2746 lib.
559 2687 629 2746 Vlll
650 2708 714 2767 cap.
735 2686 765 2764 5,
781 2707 812 2766 p·
826 2687 882 2761 257
898 2686 929 2749 b.
975 2693 1053 2771 quod
1080 2691 1240 2752 absurdum
1255 2691 1432 2768 estPNeque
1455 2695 1555 2771 priora
1576 2694 1635 2752 duo
1652 2696 1760 2754 admit·

147 2784 182 2840 13
203 2781 250 2841 ed.
264 2779 383 2838 Bekker.
408 2779 576 2856 Simplicius
591 2778 641 2835 sol.
658 2779 725 2851 287.
746 2777 775 2836 b.
796 2801 929 2858 συμπεοα·
975 2795 1038 2856 tas3
1053 2784 1170 2841 tertium
1182 2781 1272 2855 igitur
1285 2782 1480 2860 probandum.
1526 2785 1567 2842 Eo
1579 2797 1689 2861 spectat
1706 2786 1761 2845 Eu-

143 2869 254 2948 νάμενυς
274 2867 325 2946 [ὅτι
347 2867 382 2946 εἰ)
396 2867 452 2926 ἔστι
475 2890 500 2924 τι
521 2867 701 2940 αὐτοκίνητον,
719 2865 821 2944 ἀνάγκη
837 2866 867 2926 τὸ
882 2866 929 2942 μέν
975 2871 1051 2930 demi
1081 2873 1284 2946 fragmentum.
1327 2869 1423 2939 Quum
1455 2871 1530 2929 enim
1566 2871 1761 2951 philosophus

142 2982 170 3016 τι
191 2959 271 3018 αὐτοῦ
293 2967 386 3026 κινεῖν,
404 2953 478 3014 τὸδὲ
500 2959 640 3028 κινεῖσθαι,
656 2956 753 3014 δέδωκε
769 2959 850 3015 πάλιν
866 2956 929 3033 ἡμῖν
974 2961 1104 3020 membra
1124 2961 1181 3019 istu
1205 2980 1263 3017 nun
1284 2959 1408 3018 invicem
1428 2980 1459 3018 se
1481 2981 1599 3020 movere
1622 2962 1760 3042 (ἑκάτερον

141 3047 188 3106 καλ
204 3044 296 3106 τούτου
313 3047 361 3117 τὴν
384 3043 511 3125 διαίρεσιν
533 3043 644 3102 ἐννοεῖν·
661 3046 683 3102 el
707 3044 759 3124 γθιρ
781 3042 811 3102 τὸ
833 3044 881 3120 μέν
903 3069 929 3102 τι
976 3053 1019 3128 ὑφ’
1039 3047 1164 3128 ἑκατέρου
1188 3048 1332 3123 κινεῖσθαι)
1351 3047 1487 3122 affirmet,
1509 3051 1633 3108 alterum
1657 3051 1761 3110 immo·

141 3139 213 3195 κινεῖ
233 3135 307 3194 τὸδὲ
327 3143 449 3208 κινεῖται,
472 3132 489 3204 ἢ
511 3132 589 3212 μέρος
612 3133 660 3210 μὲν
682 3136 758 3210 κινεῖ,
782 3131 812 3192 τὸ
827 3131 854 3191 88
869 3131 929 3194 ὅλον
973 3137 1034 3197 bile
1052 3136 1207 3215 (ἀκίνητον)
1224 3157 1294 3208 esse,
1308 3136 1429 3194 alterum
1442 3138 1556 3196 moveri
1573 3137 1760 3216 (κινούμενον)

140 3229 262 3295 κινεῖται,
287 3225 304 3296 ἢ
331 3224 361 3282 τὸ
386 3222 433 3300 μὲν
460 3220 521 3280 θλον
547 3227 622 3296 κινεῖ,
646 3221 723 3301 μέρος
749 3220 776 3280 88
806 3229 926 3283 κινεῖται.
974 3227 1111 3288 efficitur,
1125 3225 1239 3284 Etenim
1251 3226 1391 3302 quoniam
1406 3238 1518 3284 naturae
1532 3247 1583 3304 per
1599 3247 1629 3286 se
1645 3227 1760 3287 mobilis

142 3321 250 3394 Διαιρεῑ
265 3312 292 3372 δὲ
309 3313 443 3373 καὶτοῦτο
460 3314 473 3368 ὁ
491 3308 614 3387 Εὔδημος
628 3309 725 3377 οὕτως·
748 3337 760 3361 τ
775 3307 806 3369 τὸ
820 3309 871 3388 γὰρ
888 3333 928 3371 κι-
977 3318 1036 3394 (τοῦ
1052 3312 1239 3394 αὐτοκινήτου)
1255 3315 1378 3373 alterum
1401 3314 1563 3375 membrum
1581 3329 1624 3374 est
1639 3336 1761 3376 movens

141 3410 216 3476 νοῦν,
229 3403 304 3484 φησί,
316 3403 394 3482 μέρος
409 3401 427 3472 θ,
445 3401 567 3472 αἰκῖνηταν
580 3398 608 3460 θν
623 3399 753 3472 κινήσειῆ
768 3399 928 3477 κινούμενον.
977 3404 1023 3483 (τὸ
1038 3403 1086 3482 μὲν
1101 3403 1179 3483 μέρος
1200 3405 1322 3478 κινοῦν),
1346 3403 1467 3462 alterum
1489 3417 1598 3463 morum
1617 3403 1663 3480 (τὸ
1678 3405 1704 3465 δὲ
1719 3429 1760 3464 κς.

142 3492 215 3553 Ἀλλ’
237 3495 259 3551 εἰ
275 3493 322 3569 μὲν
337 3491 470 3566 ἀκίνητον,
487 3490 648 3549 δέδεικταιὸ
666 3489 823 3570 βουλόμεθα,
844 3487 929 3548 ὅτιτὸ
974 3492 1141 3572 νούμενον)τ
1166 3493 1250 3571 prius
1272 3491 1347 3550 illud
1373 3491 1418 3568 (τὸ
1430 3497 1516 3551 κινοῦν
1538 3491 1632 3572 μέρος)
1650 3508 1759 3567 movet,

143 3581 312 3655 αὐτοκίνητον
336 3582 470 3658 σύγκειται
498 3581 528 3638 tx
552 3578 704 3656 κινουμένου
733 3577 779 3638 καλ
803 3577 927 3650 ἀκινήτου
974 3595 1024 3641 aut
1046 3582 1165 3660 quando
1182 3581 1305 3660 quiescit
1323 3579 1463 3660 (ἀκίνητον
1486 3580 1552 3658 ὄν),
1569 3594 1618 3639 ant
1642 3583 1759 3659 qnando

142 3678 189 3733 τοῦ
213 3677 356 3740 κινοῦντος·
374 3673 396 3730 εἰ
413 3669 439 3729 88
456 3669 487 3729 τὸ
505 3675 591 3728 κινοῦν
614 3669 692 3750 μέρος
712 3666 863 3745 κινούμενον
885 3668 927 3727 καλ
975 3683 1107 3730 moretur
1131 3667 1328 3747 (κινούμενον).
1371 3669 1402 3726 si
1425 3669 1560 3745 quiescit,
1576 3669 1758 3727 demonstra-

143 3762 209 3821 αὐτὸ
229 3763 307 3834 κινεῖ,
331 3759 423 3832 ἐπειδὴ
440 3767 493 3817 πᾶν
508 3757 538 3817 τὸ
560 3757 712 3836 κινούμενον
734 3755 785 3817 ὑπό
801 3779 870 3823 τινος
891 3780 929 3815 >tt-
975 3775 1036 3820 tum
1055 3761 1189 3838 estquod
1211 3759 1366 3830 volumus3
1383 3757 1407 3815 si
1423 3777 1495 3815 vero
1515 3759 1602 3834 pulsu
1620 3759 1759 3832 agitatum

142 3855 237 3924 νεῖται,
263 3851 309 3910 καὶ
332 3855 410 3910 τοῦτο
432 3849 483 3908 ὑπό
507 3873 574 3917 τινος
603 3849 782 3921 κινηθήσεται.
825 3851 928 3908 Οὐκοῦν
976 3849 1165 3928 (κινούμενον)
1183 3859 1350 3908 commovet
1368 3865 1489 3904 movens
1504 3845 1576 3903 illud
1597 3845 1759 3904 membrum

145 3939 302 4018 έξωθενμῖν
321 3941 371 4020 οὐχ
390 3931 487 3999 οἷόντε
504 3929 613 3998 εἶναιτὸ
632 3944 719 3998 κινοῦν
735 3939 859 3996 αὐτό-οὖ
878 3936 930 4015 γὰρ
976 3937 1021 4017 )τθ
1043 3943 1131 3996 κινοῦν
1157 3935 1261 4014 μέρος),
1276 3956 1334 3994 ποτε
1360 3934 1477 3992 aliunde
1500 3936 1615 4010 agitari,
1634 3937 1683 3994 sed
1708 3959 1761 3996 suo

143 4033 174 4090 θν
195 4029 235 4089 ἔτι
255 4029 298 4107 ὑφ’
325 4032 419 4088 ἑαυτοῦ
440 4027 544 4106 λέγοιτο
566 4033 694 4088 κινεῖσθαι
718 4026 747 4084 τὸ
771 4025 844 4102 ὅλον,
870 4026 929 4083 ἀλλ’
975 4039 1055 4086 motu
1068 4027 1139 4084 cieri
1152 4024 1248 4083 debet.
1291 4023 1476 4101 Quapropter
1488 4044 1605 4102 semper
1616 4025 1646 4083 in
1662 4027 1761 4085 eadem

143 4123 188 4179 ὑπ’
204 4120 285 4180 ἄλλον
299 4125 346 4179 τοῦ
361 4119 391 4178 τὸ
406 4123 493 4177 κινοῦν
510 4117 574 4176 αὐτὸ
585 4119 663 4196 μέρος
676 4119 815 4180 κινοῦντος.
860 4113 931 4174 Ὑπό
975 4115 1134 4195 quaestione
1158 4134 1205 4172 res
1230 4113 1406 4172 versabitur.
1450 4112 1499 4172 Sic
1520 4127 1614 4172 nutem
1638 4135 1761 4193 progre-

143 4232 212 4274 τινος
232 4209 283 4289 ἄρα
297 4211 350 4266 τῶν
365 4209 392 4267 ἐν
406 4210 444 4266 τῦ
461 4209 625 4286 αῦτοκινέτω
637 4205 783 4276 κινήσεται.
825 4201 864 4264 Ἣ
885 4195 930 4263 οῦν
976 4205 1088 4264 dientes
1105 4203 1313 4283 perveniemus
1338 4203 1374 4260 ad
1398 4202 1580 4281 principium
1598 4217 1694 4262 motus
1715 4204 1761 4274 (τὸ

143 4297 195 4359 θπό
219 4299 362 4364 cuderim
386 4267 481 4356 tudae
505 4296 604 4375 μορίων
628 4293 764 4367 κινήσεται
791 4292 820 4354 τὸ
842 4298 929 4352 κινοῦν
975 4291 1087 4375 πρώτως
1108 4292 1225 4367 κινοῦν),
1246 4291 1324 4368 quod
1347 4289 1499 4349 immobile
1521 4311 1584 4350 esse
1611 4293 1761 4372 apparet).

146 4385 234 4466 μέρος,
257 4383 343 4457 ήῦπθ
364 4388 408 4442 τοῦ
433 4382 595 4460 κινουμένου
639 4381 694 4444 Καὶ
709 4387 785 4444 τοῦτο
801 4381 879 4442 πάλιν
899 4380 929 4440 τὸ
1015 4401 1054 4442 αο.
1078 4379 1158 4440 llll&
1175 4377 1273 4455 μὴν
1248 4403 1270 4437 ει
1292 4379 1323 4457 γέ
1346 4377 1402 4437 ἐστί
1426 4401 1452 4437 τι
1474 4378 1514 4438 8cl
1532 4385 1659 4492 τοιοῦτον,
1674 4386 1762 4439 κινοῦν

143 4471 258 4546 κινοῦνή
274 4469 928 4551 ἀκίνητονθνκινεῖκαλἔσταιτὸπρώτοιςκινοῦν
977 4473 1026 4550 μέν
1046 4493 1081 4544 τι,
1098 4469 1254 4542 ἀκίνητονδ
1240 4467 1348 4527 δὲαθιὸ
1363 4469 1409 4527 καὶ
1426 4463 1508 4526 ἀΐδιον
1519 4469 1646 4547 ,ἀνάγκη
1667 4468 1756 4528 καλ“
1732 4493 1761 4527 το

144 4563 325 4638 dulmen*
311 4589 328 4636 η
348 4562 519 4638 κινούμενον,
546 4561 592 4621 καὶ
614 4560 694 4619 πάλιν
718 4557 736 4632 ἢ
760 4559 810 4620 tat
837 4559 929 4639 μέρους
975 4562 1080 4640 πρῶτον
1097 4557 1149 4616 ῦπῦ
1165 4557 1257 4616 τούτου
1274 4556 1426 4632 κινούμενον
1444 4512 1526 4614 ἀΐδιοι)
1542 4545 1620 4615 εἶναι.

142 4651 271 4724 {aevom
286 4645 336 4710 θπθ
346 4657 391 4710 τοῦ
404 4649 590 4726 κινουμένου·’
575 4653 792 4729 ανταναιρυῦντες
801 4647 838 4722 δέ,
850 4647 929 4728 ρησλν
1020 4647 1203 4724 (Aristoteles
1214 4645 1439 4724 Phys.lib.lllll
1448 4645 1539 4722 cap.6
1544 4688 1551 4716 ,
1562 4665 1593 4721 p.
1605 4643 1672 4720 259.
1682 4643 1711 4702 b.
1721 4645 1759 4702 32

144 4785 1758 4812 Μ

174 4879 214 4927 79.
230 4875 263 4925 At
274 4887 324 4924 uon
332 4872 408 4924 licere
419 4871 503 4938 ipsum
519 4885 546 4924 se
556 4871 591 4923 ita
603 4884 772 4932 commorere,
788 4873 818 4922 ut
828 4873 930 4922 utrum·
975 4869 1098 4936 siquidem
1112 4868 1181 4920 uliud
1197 4867 1297 4920 aliunde
1312 4866 1429 4930 agitatur,
1445 4864 1514 4915 aliud
1527 4879 1554 4916 ee
1566 4865 1648 4929 ipsum
1664 4867 1760 4916 moret,

139 4979 192 5032 que
216 4963 247 5015 ab
264 4966 374 5028 utroque
392 4965 531 5022 mereatur.
551 4975 584 5014 ex
603 4961 671 5013 hisce
696 4974 755 5012 sane
771 4959 928 5022 intelligitur.
975 4961 1100 5013 Gruterum
1114 4958 1141 5010 id
1159 4957 1227 5024 quod
1239 4955 1336 5020 longius
1349 4957 1380 5006 ab
1399 4968 1429 5005 ec
1441 4953 1531 5014 distet,
1549 4951 1617 5018 quod
1629 4955 1699 5002 motu
1711 4951 1762 5004 cic-

140 5058 204 5107 ltam
220 5051 243 5105 εἰ
258 5055 395 5119 utrumque
413 5051 526 5104 movebit
543 5055 694 5117 utrumque,
711 5050 775 5102 nibil
794 5050 842 5101 erit
861 5047 930 5115 quud
974 5053 1025 5109 tur,
1049 5047 1152 5114 propius
1185 5049 1224 5097 est
1244 5043 1365 5110 principio
1380 5045 1477 5104 motus.
1498 5055 1575 5107 quam
1595 5039 1622 5092 id
1645 5040 1715 5107 quod
1734 5039 1762 5095 in

141 5149 243 5198 moreat
267 5145 386 5212 primum.
405 5143 435 5196 ld
463 5145 529 5197 enim
548 5144 617 5210 quod
637 5145 707 5210 prius
731 5145 828 5204 moret,
855 5156 930 5193 caum
974 5137 1057 5189 medio
1070 5136 1204 5187 iuvenitur.

142 5237 222 5299 magis
241 5239 280 5288 ml
293 5239 322 5286 ut
335 5237 466 5286 mereatur
479 5233 506 5286 id
522 5233 590 5300 quod
606 5235 678 5285 motu
694 5231 782 5291 cietur.
805 5244 882 5296 quam
903 5229 930 5281 id
1007 5231 1045 5278 80.
1064 5226 1097 5276 At
1107 5223 1203 5275 verosi
1221 5221 1283 5288 quid
1303 5233 1401 5286 semper
1416 5219 1466 5272 lale
1477 5221 1529 5279 est,
1541 5221 1571 5270 ut
1589 5221 1690 5272 moreat
1700 5220 1761 5286 qul-

142 5325 214 5394 qmd
230 5325 269 5378 illi
280 5326 400 5378 adltaeret.
416 5324 516 5391 Duplex
527 5323 594 5376 enim
605 5325 644 5376 eet
656 5323 753 5384 motus.
767 5322 797 5372 ut
808 5319 927 5382 diximus,
975 5315 1033 5370 dem
1049 5311 1158 5380 aliquid.
1172 5311 1303 5366 immobile
1318 5311 1403 5364 autem
1413 5311 1440 5364 et
1455 5311 1604 5376 perpetuum
1617 5310 1663 5373 eit,
1685 5308 1761 5362 etiam
