3958 5942
781 465 1030 530 nraaounnnn.
1647 480 1705 538 οη

109 620 164 665 στις
179 585 246 656 εἷναί
260 595 350 672 τινας,
376 599 423 656 οὐκ
436 595 468 657 δν
486 605 573 679 σχοῖιν
586 597 617 658 ab
632 596 765 679 κριτήριον
783 599 888 658 καὶτὸν
934 599 979 657 καί
994 599 1154 679 μεμφόμεθα
1173 599 1268 667 πάντες
1286 599 1328 658 lari
1340 604 1392 659 τῶν
1410 601 1534 661 τοιούτοιν
1549 605 1577 662 οὐ
1591 605 1635 662 τὸν
1649 615 1708 666 νοῦν

111 687 207 747 κανόνα
234 685 355 766 βέόαιον,
381 685 434 745 οὐδ’
450 686 587 768 ίχίγγυον.
612 688 673 768 Οὐχ
696 690 777 766 δρῶσι
791 687 886 759 δί,ῶς
934 691 1029 763 ἡμῶν,
1054 687 1122 747 ἀλλά
1136 689 1183 759 τῆν
1202 689 1355 767 φαντασίαν.
1384 689 1505 770 Ἰθλίγχει
1526 691 1576 773 γδιρ
1602 695 1704 774 όλόγος

110 779 157 836 ούκ
182 775 214 834 ἀν
231 774 349 854 φθάνοιεν
375 773 443 834 οὕτω
466 797 513 852 γε,
540 775 586 834 καί
611 775 656 842 τίς
686 773 759 844 δόξας
780 775 886 842 ἁπάσας
935 775 1227 846 obsicianensium
1244 777 1448 850 όπασανάληθῆ
1465 781 1611 860 φαντασίαν
1628 773 1704 845 εἶναι.
1732 803 1734 810 ·

112 864 215 936 ἀληθεῖς
227 861 423 942 ἀποφαίνοντες·
438 863 524 923 πολλδι
538 861 589 943 γὰρ
599 861 630 935 δὴ
647 861 754 930 ταύταις
768 859 885 943 πεφύκει·
934 865 992 937 Τὴν
1009 866 1059 945 γάρ
1079 867 1227 945 ἡμετέραν,
1243 867 1275 924 δι’
1288 865 1321 938 ῆν
1336 869 1384 924 οῦκ
1398 869 1505 946 οἰόμεθα
1529 878 1617 928 πᾶσαν
1643 858 1710 928 ε’ίναι

113 977 161 1030 μεν
173 951 280 1032 κρίνειν,
295 949 342 1011 καί
360 951 434 1010 οὐδὲν
448 943 526 1023 ἧττον
540 950 653 1020 ἀξιοῦσιν
675 953 760 1010 αὐτῶν
779 952 825 1018 τδς
842 951 890 1029 μὲν
934 953 1076 1028 τοιαύτην,
1089 954 1172 1034 ψευδῆ
1187 953 1291 1022 πάντως
1303 955 1450 1034 ἀποφαίνει.
1464 955 1610 1033 Συμύαίνει
1626 959 1709 1016 τοίνυν

113 1041 217 1114 ἀληθεῖς
234 1028 320 1118 εἶναι,
344 1037 391 1106 τδις
407 1040 435 1100 δὲ
453 1042 566 1120 ψευδεῖς.
588 1037 702 1100 Ἔπειτα
729 1039 756 1098 δὲ
780 1045 888 1099 σκοπῶν
935 1046 1023 1108 αὐτοῖς
1049 1039 1154 1100 ἅπασαν
1173 1042 1318 1122 φαντασίαν
1340 1045 1425 1115 ἀληθῆ
1452 1044 1496 1102 καί
1519 1045 1601 1123 ψευδῆ
1624 1045 1709 1126 λέγειν

114 1131 163 1189 ἷδοί
177 1151 216 1196 τίς
230 1127 278 1198 ἄν,
293 1126 352 1186 ῡῦδὲ
367 1131 419 1185 τῶν
438 1125 524 1186 ἄλλων
549 1124 689 1206 *nimphali
708 1125 759 1184 αἶῑί
781 1125 826 1185 καί
845 1125 888 1185 διὰ
936 1124 1012 1192 εἶναι.
1027 1128 1149 1190 Καθόλου
1162 1130 1188 1188 δὲ
1204 1131 1417 1211 ἁμαρτάνουσιν,
1434 1130 1579 1205 ἀξιοῦντες,
1591 1137 1667 1193 όποῖα
1681 1133 1711 1194 διν

113 1217 208 1285 παντὸς
229 1215 337 1298 ἀψευδὲς
352 1213 442 1286 οὐδέν,
460 1206 513 1274 οἷον
528 1216 595 1293 λέγω
610 1215 704 1292 ζυγόν,
719 1212 736 1284 ἡ
751 1213 855 1294 τόρνον,
871 1215 888 1287 ἤ
935 1225 1000 1298 ἡμῖν
1016 1217 1182 1300 φαίνηταιτδι
1197 1219 1349 1299 πράγματα,
1364 1225 1475 1280 τοιαῦτα
1490 1219 1534 1279 καί
1549 1212 1626 1284 εἶναι.
1642 1225 1710 1282 Τοῦ·

114 1310 203 1368 τιτῶν
218 1305 351 1365 τοιούτοιν·
365 1305 425 1362 ἀλλ’
447 1303 557 1365 ἕκαστον
572 1303 731 1377 αύτῶν,ὡδ“·.
746 1304 794 1382 μὲν
816 1305 889 1384 ἔχον,
936 1310 1037 1368 ναντίον
1064 1307 1124 1386 γάρ,
1140 1310 1219 1368 θποῑα
1238 1307 1353 1388 πίφυκε,
1375 1314 1483 1368 τοιαῦτα
1509 1310 1646 1390 φαίνεται,
1666 1311 1711 1369 καὶ

114 1394 183 1474 {citit
197 1397 274 1455 ἐστίν·
287 1393 335 1454 ὡδὶ
351 1392 393 1468 δέ,
406 1393 550 1473 μοχθηρόν·
566 1393 611 1450 καί
635 1392 735 1452 τουτονί
753 1392 800 1469 μὲν
822 1416 892 1473 χρω·
937 1400 986 1477 οὐχ
999 1400 1075 1472 ἡμεῖς
1092 1393 1158 1454 αὐτόν
1173 1399 1298 1472 ποιοῦμεν
1313 1394 1394 1462 οὕτως
1408 1393 1491 1475 ἔχειν,
1507 1399 1565 1455 ἀλλ’
1582 1398 1625 1454 ὑπ’
1638 1399 1711 1457 ἐκεί-

116 1485 201 1560 μένειν
216 1482 258 1542 τόν
273 1483 386 1561 τρόπον,
405 1475 542 1550 Ιἀληθεύει·
565 1481 665 1540 τουτονί
684 1479 728 1559 δέ,
750 1481 884 1562 ψεύδεται.
937 1509 987 1544 νων
1002 1485 1076 1545 αὐτοὶ
1091 1481 1259 1559 διατιθίμεθά
1270 1505 1337 1552 πως.
1353 1482 1432 1543 Ἐπεί
1448 1484 1492 1542 καί
1506 1486 1605 1561 γελοῖον
1620 1485 1659 1556 είη
1672 1486 1712 1557 άν,

119 1570 174 1632 Καὶ
190 1571 241 1648 μὴν
257 1570 311 1648 είγε
334 1579 406 1631 πᾶσα
430 1568 549 1642 αἴσθησις
572 1569 670 1643 ἀληθὴς
699 1561 747 1642 ῆν,
771 1573 817 1630 οὔκ
837 1570 889 1629 ἔδει
937 1575 960 1631 εἰ
976 1571 1172 1646 διανοηθείημεν
1188 1574 1277 1646 ἡμεῖς,
1290 1568 1379 1648 ῶσπερ
1392 1574 1414 1630 ul
1433 1571 1563 1652 ζωγράφοι
1585 1573 1629 1631 καί
1644 1573 1711 1631 πλά·

115 1664 238 1719 τυσοῦτον
262 1657 391 1739 διαφέρειν
413 1658 504 1724 αὗτύς.
526 1655 618 1718 Ἄλλοι
636 1656 689 1738 γάρ
703 1660 767 1716 εἰσιν
784 1657 890 1735 ἐγγύθεν
938 1685 998 1722 σται
1014 1661 1146 1726 σκύλακας
1159 1658 1176 1730 ἡ
1190 1658 1335 1738 χιμαίρας,
1352 1659 1437 1727 ἀξιοῦν
1453 1659 1525 1726 εύθθς
1540 1651 1606 1720 εῖναι
1619 1667 1711 1733 ταῦτα,

116 1747 161 1806 καί
178 1746 331 1828 πόρρωθεν,
351 1744 396 1804 καί
414 1745 558 1804 νοσούντων
582 1744 628 1804 καί
651 1743 829 1826 ἐῤῥωμίνων,
845 1747 891 1804 καὶ
938 1750 983 1810 καί
997 1748 1039 1808 διὰ
1054 1754 1129 1807 τοῦτο
1143 1747 1335 1828 φαντάζεσθαι,
1358 1747 1475 1826 καθάπερ
1491 1750 1605 1827 εὐτρεπῆ
1629 1749 1711 1829 παρέ·

116 1837 242 1914 τεχνιτῶν
260 1835 305 1892 καὶ
322 1832 456 1913 ἀτέχνων,
471 1835 516 1894 καὶ
532 1833 665 1914 φρονίμων
689 1834 735 1891 καί
759 1833 890 1914 ἀφρόνων.
939 1861 1007 1897 σται.
1025 1835 1098 1897 Διότι
1119 1836 1165 1911 μὲν
1179 1827 1223 1894 ούν
1239 1838 1287 1894 οὐκ
1300 1838 1380 1916 ὀρθῶς
1396 1836 1532 1911 λέγουσιν,
1550 1839 1574 1895 οῖ
1597 1838 1713 1916 φάσκεν-

115 1923 172 1990 Τδις
191 1921 217 1981 δὲ
231 1924 263 1996 δὴ
277 1926 328 1980 τῶν
342 1922 496 1998 μεμηνότων
512 1922 680 1982 παντάπασιν
696 1921 727 1979 ἃν
742 1921 782 1994 είη
798 1921 893 1982 ἄτοπον
938 1949 979 1994 τες
991 1915 1057 1983 εἶναι
1070 1932 1158 1983 πᾶσαν
1167 1923 1286 1996 αἴσθησιν
1298 1925 1343 1982 καί
1357 1933 1445 1982 πᾶσαν
1459 1925 1604 2004 φαντασίαν
1619 1927 1714 1998 ἀληθῆ,

116 2011 199 2090 λέγειν
218 2011 323 2084 ἀληθεῖς
339 2001 424 2084 εἶναι,
444 2011 489 2070 καί
513 2012 559 2076 τὰς
583 2014 634 2069 τῶν
657 2010 833 2090 παρορώντων
851 2011 894 2070 καί
940 2013 1018 2084 δῆλον
1035 2014 1065 2070 ἐκ
1080 2010 1188 2072 τούτων.
1211 2011 1289 2072 Ἀλλὰ
1306 2013 1357 2093 γάρ
1373 2011 1528 2071 καὶτούτων
1546 2012 1626 2080 οὕτως
1639 2011 1716 2091 ἐχόν·

117 2101 329 2181 παρακυυύντων.
359 2099 457 2172 Εύηθες
480 2100 531 2180 γδρ
545 2099 576 2158 διν
591 2090 623 2171 ῆν
641 2097 670 2157 τθ
684 2099 839 2176 λεγόμενον,
860 2105 894 2166 ῶς
941 2125 1006 2174 των,
1017 2092 1090 2167 αύθις
1110 2103 1133 2160 ol
1148 2100 1208 2181 περί
1233 2099 1276 2159 τδν
1293 2100 1450 2180 Ἐπίκουρον
1467 2103 1497 2159 ἐκ
1516 2105 1562 2174 τῆς
1579 2101 1717 2180 Ἀριστίπ-

116 2194 131 2248 ὁ
156 2192 277 2270 παρορῶν
292 2187 351 2261 ῆτοι
367 2186 448 2268 θρᾷὴ
470 2189 521 2268 οὐχ
536 2193 593 2268 ὁρᾷ.
616 2187 691 2260 Φαίη
709 2187 759 2266 γὰρ
781 2188 812 2245 άν
839 2212 895 2263 τις,
941 2213 990 2248 που
1005 2191 1129 2268 διαδοχῆς
1148 2188 1312 2268 ὁρμώμενοι,
1332 2188 1417 2247 πάντα
1438 2190 1531 2260 ἡδονῆς
1549 2189 1659 2261 ἐξῆπτεν
1672 2190 1718 2248 καί

117 2279 217 2358 ότιθρῦΙ
234 2276 533 2356 μίν,άλλόὐκθρθῶς.
554 2275 674 2335 Ὁπόταν
692 2274 780 2351 μέντοι
799 2279 893 2356 φῶσιν,
942 2278 1103 2354 αἰσθήσεως,
1132 2278 1200 2354 μόνα
1228 2277 1262 2334 τά
1293 2277 1364 2350 πάθη
1390 2277 1549 2349 καταληπτόν
1576 2277 1621 2336 καὶ
1646 2276 1719 2344 τέλος

117 2371 186 2438 όνςὴ
212 2367 259 2445 μὲν
277 2365 397 2436 αἴσθησις
421 2355 488 2424 οὖσα
515 2363 607 2442 οῖλογος
628 2361 700 2423 οὐδόν
714 2363 896 2443 προστίθησιν,
942 2370 1045 2443 ἀγαθῶν
1061 2366 1107 2436 τὴν
1133 2363 1226 2436 ἡδονὴν
1244 2353 1312 2422 ε’ίναι
1341 2363 1497 2443 όριζόμενοι.
1524 2366 1638 2442 Λέγεται
1663 2362 1718 2420 itt

118 2456 172 2513 οὐδ’
190 2455 311 2536 ἀφαιρεῖ,
330 2453 465 2535 φαίνονται
477 2452 618 2527 τάμποδῶν
631 2454 681 2530 οὐχ
692 2456 811 2529 δρῶντες.
834 2451 896 2512 Ἐπί
943 2451 1099 2532 Ἐπίκουρος
1114 2451 1165 2510 iai
1183 2449 1229 2528 μίν
1244 2475 1320 2508 τινων
1342 2452 1451 2528 μηδενὸς
1467 2450 1629 2525 ἀκηκοέναι,
1648 2453 1719 2508 ἐντυ-

118 2542 172 2623 γάρ
187 2550 232 2602 τοῦ
245 2545 354 2622 ἐρετμοῦ
373 2545 417 2599 τοῦ
438 2543 463 2598 ἐν
476 2545 514 2620 τῷ
533 2539 627 2616 ίίάατι,
642 2539 708 2598 κάπὶ
723 2545 775 2599 τῶν
789 2543 896 2620 γραφῶν
943 2549 999 2620 χεῖν
1016 2540 1043 2601 δὲ
1058 2549 1110 2606 ταῖς
1125 2542 1175 2598 τῶν
1188 2541 1307 2598 παλαιῶν
1328 2539 1549 2618 συγγράμμασιν,
1572 2538 1622 2598 ὑπό
1643 2561 1720 2596 τινων

122 2633 169 2690 καί
182 2630 279 2710 μυρίων
295 2631 382 2689 ἀλλων
397 2633 414 2700 ἡ
432 2628 549 2702 αἴσθησίς
568 2631 668 2699 ἐστινὴ
693 2631 833 2687 ἀπατῶσιν.
850 2627 897 2687 Διὸ
945 2629 966 2685 δ’
983 2627 1021 2688 ότι
1036 2627 1115 2699 ῆκουε
1135 2625 1327 2705 Ξενοκράτους,
1349 2626 1457 2707 ύστερον
1475 2627 1501 2686 di
1523 2627 1569 2686 καί
1585 2623 1721 2704 Ναυσιφά-

118 2934 184 2984 ίιίειιι
199 2932 272 2998 probi
281 2932 355 2983 sirnrd
365 2933 390 2982 et
399 2931 504 2996 improbi
519 2935 590 2982 ernnt
605 2949 610 2980 ι
626 2931 690 2982 iilam
701 2931 789 2980 nitirrm
801 2945 830 2980 ac
848 2932 897 2981 vir·
943 2929 1062 2979 Nimirum
1087 2927 1245 2992 respondeas,
1266 2926 1348 2976 sirlere
1373 2926 1443 2976 iilum
1468 2925 1582 2989 quidem,
1608 2923 1653 2974 scd
1674 2937 1723 2974 nou

117 3025 161 3071 tus
184 3021 240 3071 erit.
282 3019 426 3082 Cuiusmodi
443 3019 559 3084 pleraque
582 3019 630 3068 alia
655 3017 757 3082 proferri
779 3018 897 3081 possint:

119 3111 163 3160 sai
183 3109 293 3173 pluribus
316 3107 436 3159 arlvcrsus
457 3107 518 3158 istos
538 3105 671 3157 rationibus
690 3105 726 3156 uti
748 3119 897 3170 supervaca-

121 3212 195 3248 neam
212 3199 258 3260 sit,
272 3199 316 3261 nui
326 3209 352 3248 se
362 3209 407 3248 nec
418 3198 502 3248 mente
513 3209 558 3246 nec
572 3197 667 3246 ratione
680 3195 716 3245 uti
729 3194 894 3246 arbitrantur.

122 3291 182 3337 llaec
195 3287 250 3348 iiie,
265 3287 307 3349 ηιιί
328 3286 442 3351 deinceps
464 3285 632 3350 supinioribus
647 3285 732 3336 hacce
753 3284 897 3348 subirrngit:

125 3381 155 3427 Et
171 3376 302 3440 quoniam,
317 3376 411 3441 inquit,
425 3374 535 3426 nonnulli
553 3379 610 3424 srrnt
627 3375 795 3434 etiamnunc,
814 3373 858 3438 ιμιί
873 3388 901 3422 o·

122 3477 205 3514 rnncna
220 3476 319 3514 sensiam
335 3476 364 3512 ac
377 3463 459 3513 risrrm
472 3476 543 3512 onmc
553 3473 702 3512 verumesse
717 3461 854 3524 aibrment;
871 3462 903 3510 de

123 3553 162 3604 bis
181 3552 256 3604 etiam
278 3565 356 3615 panea
378 3551 499 3604 dicamus.
530 3550 616 3602 Vereri
636 3552 702 3602 enirn
725 3551 847 3612 ridentur,
871 3563 902 3600 ne

124 3642 203 3702 torte,
216 3641 237 3690 si
256 3653 355 3692 sensum
376 3640 481 3703 aliquem
499 3641 588 3690 laisum
601 3653 656 3691 esse
672 3638 794 3700 dixerint,
810 3641 903 3689 certam

56 3747 60 3756 ·
124 3743 153 3779 ea
172 3730 204 3779 de
225 3741 300 3779 eausa
320 3729 411 3778 niallam
431 3742 460 3778 nc
480 3728 529 3779 side
547 3728 644 3792 dignam
658 3727 782 3792 §radicandi
795 3740 904 3778 normam

125 3817 235 3868 balritnri
247 3817 318 3868 sint:
338 3830 383 3867 nec
398 3817 492 3867 interea
511 3817 613 3878 rident,
629 3814 677 3866 boc
694 3817 765 3880 plane
780 3815 859 3880 sequi,
878 3816 906 3864 nt

125 3905 254 3970 opiniones
267 3917 351 3954 omncs
363 3918 433 3955 veras
448 3917 502 3955 esse
514 3903 665 3966 detondent,
681 3918 759 3968 qunm
778 3903 803 3954 in
817 3917 902 3954 earum

125 3993 248 4057 plen'sqne
266 3993 386 4056 indicium
400 3993 468 4056 εεηιιί
483 3993 608 4043 soleamus
623 4011 630 4042 e
643 3993 669 4042 et
682 3995 764 4042 tamem
784 3989 905 4041 nibilomi-

125 4091 174 4130 nus
195 4093 268 4130 aeras
291 4079 368 4141 alias,
390 4080 452 4130 alias
472 4081 557 4130 contra
580 4079 654 4130 falsas
676 4091 731 4129 esse
755 4078 904 4128 existiment.

128 4170 225 4220 Deinde
233 4169 277 4233 qui
287 4169 346 4220 talia
357 4169 484 4234 diligenter
504 4170 658 4221 considerare
667 4169 747 4228 votet,
763 4169 783 4218 is
801 4180 832 4217 ne
844 4167 907 4216 inter

126 4263 229 4309 caeteras
240 4259 340 4322 quidem
361 4259 458 4323 regulas
469 4297 476 4322 ,
489 4258 581 4324 quibus
604 4271 646 4308 res
655 4257 816 4319 ,iradimntun
831 4255 907 4306 ullam

126 4359 181 4398 essa
194 4347 327 4413 cnrnperiet
341 4359 439 4412 semper
456 4351 482 4398 et
501 4348 600 4398 omnino
611 4351 722 4406 cartam,
741 4344 809 4396 verbi
831 4357 907 4394 carisa

126 4436 232 4500 jugum,
247 4440 345 4486 tornum
365 4437 390 4486 et
411 4435 506 4500 reliqna
520 4435 544 4485 id
568 4448 656 4498 gennas.
692 4431 825 4493 Quodlibet
843 4432 908 4482 enim

128 4525 217 4574 borum
233 4523 466 4588 instrumentorum,
490 4523 550 4574 darm
575 4525 643 4574 certo
666 4523 740 4573 medo
764 4535 791 4572 se
817 4519 908 4581 babet,

126 4625 217 4662 sanum
236 4612 371 4664 artadum
391 4625 477 4675 socna,
499 4625 603 4677 pravium
625 4630 632 4660 ι
653 4625 682 4661 ec
695 4611 755 4662 dum
768 4610 804 4660 sic
817 4609 908 4668 uteris,

127 4717 216 4754 verum
231 4706 271 4754 est
288 4724 295 4755 ε
313 4704 373 4754 dum
385 4703 469 4766 aliter,
484 4703 583 4753 laisum.
616 4701 712 4762 Quodsi
730 4714 817 4752 sensrrs
828 4699 910 4750 eminis

127 4805 205 4842 verua
214 4794 293 4854 meet,
308 4793 401 4842 tantum
413 4791 478 4842 inter
489 4804 532 4841 eos
544 4789 691 4840 discriminis
701 4801 755 4840 esse
768 4802 816 4838 nnn
833 4787 910 4838 debe-

127 4881 177 4931 ret.
211 4881 309 4945 Quippe
327 4879 441 4930 cominus
449 4879 490 4930 alli
504 4879 578 4939 sunt,
595 4877 690 4929 eminus
703 4877 744 4928 alii
762 4877 910 4941 egrotorum

127 4971 156 5020 et
171 4967 324 5030 valentium,
337 4968 472 5032 parilemm
495 4969 521 5018 at
541 4967 727 5030 imperitorum,
750 4963 910 5029 prudentium

128 5061 156 5106 et
168 5057 309 5109 stationam.
322 5059 385 5108 ttarn
400 5056 551 5106 furiosorum
565 5057 631 5106 certe
642 5055 756 5118 quidem,
771 5057 816 5104 ant
827 5067 912 5104 eonrm

134 5145 179 5206 qui
191 5159 319 5210 perperam
334 5145 426 5209 alimrid
438 5145 523 5196 rident
531 5143 664 5194 audiuntne
681 5157 769 5194 sensus
785 5155 858 5194 veros
869 5155 911 5204 ap·

132 5232 239 5297 peltana,
261 5233 333 5297 plane
355 5233 466 5298 ineptum
489 5232 572 5284 inerit.
605 5233 698 5296 Nempe
720 5231 804 5281 fatuus
826 5232 909 5291 esset,

131 5321 175 5382 nni
189 5335 261 5374 secus
272 5321 395 5374 videntem
408 5325 451 5371 aut
464 5321 547 5371 nidere
560 5319 667 5380 diceret,
690 5321 733 5370 ant
753 5331 801 5367 non
816 5315 909 5367 ridere.

946 3021 1019 3069 recte.
1052 3017 1156 3076 Quande
1165 3021 1249 3067 autem
1262 3016 1399 3076 alienant,
1412 3027 1511 3064 sensum
1524 3027 1537 3063 a
1552 3013 1645 3063 ratione
1654 3026 1721 3063 arur·

945 3096 1001 3158 euru
1023 3107 1083 3157 nihil
1106 3105 1209 3165 addere,
1229 3103 1289 3154 uitali
1314 3103 1425 3163 demere;
1449 3114 1506 3164 quae
1524 3101 1631 3151 maxime
1649 3099 1724 3150 clavia

946 3197 1019 3258 suunt,
1039 3210 1068 3246 ea
1087 3209 1114 3246 se
1130 3207 1179 3244 non
1200 3193 1285 3244 ridere
1299 3191 1379 3256 pulani
1400 3185 1549 3242 ostendunt'
1574 3193 1685 3253 Namque
1698 3190 1722 3238 in

947 3297 1015 3335 remo
1025 3322 1031 3344 ,
1043 3297 1116 3348 quern
1128 3283 1152 3333 in
1165 3295 1229 3346 arrpua
1240 3282 1366 3332 cernimus
1378 3317 1384 3340 ,
1396 3279 1420 3328 in
1436 3278 1540 3342 picturis
1555 3276 1658 3340 aliisque
1668 3291 1723 3327 sen-

947 3373 1127 3424 cenassemus
1144 3373 1195 3435 ipso
1219 3383 1264 3420 nos
1287 3368 1359 3419 tellit.
1392 3367 1513 3426 Quocirca
1534 3366 1559 3415 in
1579 3367 1722 3415 bocrerum

947 3473 1034 3525 genere
1047 3473 1093 3510 nnn
1107 3460 1228 3518 mentem,
1242 3457 1286 3507 sad
1300 3457 1379 3506 nisum
1397 3456 1443 3518 ipsi
1464 3457 1575 3504 riostrum
1592 3453 1724 3516 repreben-

948 3550 1007 3600 dera
1024 3547 1204 3600 censuerimus.
1238 3544 1335 3596 Etenim
1357 3557 1414 3608 quae
1439 3541 1610 3604 cogitationem
1628 3553 1725 3590 omncrn

949 3651 1031 3688 veram
1046 3635 1173 3700 perhibet,
1191 3648 1220 3685 ea
1241 3633 1362 3696 seipsam
1377 3631 1502 3692 redarguit
1511 3628 1598 3679 oratio.
1613 3629 1726 3677 Nostram

950 3728 1033 3788 nerto,
1049 3725 1238 3790 propterquam
1261 3735 1308 3770 non
1331 3716 1452 3782 ejusmodi
1471 3713 1608 3779 ‹puamlibet
1621 3725 1675 3763 csse
1686 3725 1725 3761 ar·

951 3811 1078 3872 bitremur,
1091 3821 1193 3872 prorsus
1206 3806 1293 3856 salsam
1311 3817 1365 3855 esse
1378 3802 1495 3854 declarat.
1529 3800 1592 3849 Hinc
1609 3796 1728 3860 contingit

951 3900 994 3960 iis,
1007 3901 1035 3948 ut
1054 3910 1126 3947 omne
1136 3896 1216 3945 visum
1229 3893 1302 3944 simul
1314 3905 1401 3941 νετιιιιι
1421 3903 1451 3938 ac
1469 3887 1555 3938 laisum
1571 3899 1625 3936 esse
1638 3885 1726 3934 alcien-

951 3987 1018 4036 dant.
1051 3987 1175 4036 (interum
1185 3981 1250 4046 ηιιοιί
1267 3981 1330 4032 tales
1342 3993 1380 4032 ras
1393 3990 1448 4028 esse
1458 3976 1549 4037 relint,
1562 3973 1647 4038 quales
1658 3972 1728 4022 nobis

951 4075 1082 4135 videratur,
1096 4074 1149 4122 tota
1163 4071 1203 4122 via
1224 4071 1329 4122 errant:
1349 4069 1434 4118 contra
1447 4065 1527 4126 enim,
1539 4063 1626 4128 qualos
1643 4064 1730 4124 suapte

951 4168 1038 4214 natura
1054 4163 1112 4212 sunt
1123 4200 1130 4224 ,
1143 4160 1206 4211 tales
1218 4158 1298 4210 rideri
1317 4158 1394 4208 solent
1414 4176 1421 4205 ι
1442 4167 1520 4217 aeque
1542 4165 1587 4203 nos
1600 4163 1673 4202 causa
1685 4164 1727 4198 su·

953 4267 1017 4312 mus,
1030 4266 1075 4303 cur
1084 4252 1119 4303 ita
1130 4265 1158 4302 se
1168 4249 1291 4310 habeant,
1304 4247 1348 4298 sed
1363 4245 1394 4298 ab
1406 4245 1436 4296 iis
1446 4245 1529 4309 potius
1539 4241 1647 4307 ηαοθιιτιι
1656 4239 1730 4290 modo

952 4341 1083 4392 afficimur.
1114 4338 1254 4390 Ridiculum
1272 4335 1336 4387 enim
1358 4334 1446 4393 inerit,
1462 4333 1483 4383 si
1498 4345 1543 4382 nos
1557 4331 1678 4395 pictorum
1700 4325 1731 4376 tr-

953 4433 1099 4493 etornmque
1120 4426 1197 4477 instar
1214 4423 1308 4475 cetratos
1329 4423 1373 4472 aut
1393 4433 1480 4485 capras
1499 4417 1680 4482 excogitamus,
1704 4425 1733 4462 ca

954 4521 1069 4571 coratinuo
1081 4531 1135 4569 esse
1147 4515 1278 4574 arbitrari,
1293 4513 1399 4578 ideoque
1419 4511 1520 4561 illorum
1541 4507 1670 4570 imaginem
1683 4517 1729 4552 nu·
1769 4500 1771 4514 '

954 4609 1028 4660 meris
1051 4607 1104 4658 suis
1126 4605 1265 4655 absolutam
1286 4600 1434 4664 cogitatione
1455 4597 1554 4658 lingere.
1599 4595 1626 4643 ln
1649 4603 1730 4640 errore

954 4697 1028 4762 igitur
1044 4694 1136 4746 versari
1151 4707 1208 4750 eos,
1228 4691 1272 4754 qui
1290 4701 1391 4740 omnem
1410 4698 1510 4762 sensum
1530 4684 1554 4733 et
1570 4692 1641 4730 omne
1654 4678 1732 4727 risum

955 4799 1042 4838 rerum
1055 4795 1110 4834 asae
1126 4780 1289 4838 contendunt,
1303 4790 1334 4828 ενι
1349 4775 1388 4826 bis
1403 4771 1554 4835 intelligitur.
1578 4773 1728 4826 Quanquam

956 4875 992 4926 ita
1003 4874 1069 4935 sint,
1083 4874 1167 4922 umen
1178 4867 1300 4933 Epicurus
1309 4865 1341 4915 ab
1354 4860 1468 4924 nnsrtppt
1481 4857 1589 4908 electrina
1600 4853 1733 4918 proiectus,

956 4976 988 5014 ex
1006 4961 1134 5026 voluptate
1153 4969 1276 5020 sensuque
1295 4952 1377 5005 omnia
1407 4959 1526 5013 suspensa
1546 4955 1601 4996 esse
1623 4939 1733 5002 volebat,

957 5048 1023 5113 quod
1034 5049 1089 5099 tum
1108 5059 1137 5098 ea
1148 5059 1203 5110 τινα
1213 5042 1321 5108 patimur
1337 5038 1389 5088 sola
1402 5031 1576 5100 comprehendi
1588 5041 1669 5094 possa,
1681 5029 1735 5078 tum

958 5134 1032 5184 duem
1047 5133 1169 5184 bonorum
1182 5128 1335 5193 voluptatem
1352 5137 1408 5176 esse
1421 5123 1549 5174 statueret.
1592 5120 1663 5168 itane
1678 5113 1735 5178 qui·

958 5223 1016 5272 dam
1027 5219 1135 5285 produnt
1147 5225 1325 5283 praeceptorem
1335 5212 1451 5263 habuisse
1475 5209 1605 5270 neminem,
1618 5205 1661 5258 aad
1675 5202 1736 5254 ann-

960 5325 1067 5378 quorum
1076 5311 1151 5362 libros
1164 5309 1270 5373 legissee
1284 5305 1326 5358 aiii
1335 5304 1414 5370 primo
1426 5301 1585 5373 tenueratis,
1600 5300 1656 5363 post
1667 5297 1733 5346 Nau·
