3958 5942
826 428 1079 492 FRAGMENTA.
1686 435 1747 496 273

146 563 296 646 ίγρείφησάν
308 587 337 624 τι
348 562 460 641 πρώτως
477 565 523 622 καί
534 563 602 622 κατδι
616 561 712 642 τρόπον
724 561 813 632 ἔδοξαν
829 563 924 622 ἀποδο-
968 562 1029 640 περί
1043 561 1090 633 τὴν
1106 555 1232 638 μεγίστην
1247 563 1327 621 αὐτού
1341 561 1459 643 πλιυρδιν
1472 561 1564 641 δμοιον
1577 568 1674 640 τμῆμα
1696 589 1748 624 πε-

145 661 231 728 θῆναι,
245 653 333 732 διόπερ
348 652 393 710 ὀπί
403 649 482 710 πλέον
497 650 626 731 δψώμεθά
640 675 668 711 τε
684 651 730 710 καί
745 651 888 728 διέλθωμεν
901 677 923 708 ι.
971 648 1097 728 ριγράψας
1106 655 1159 715 τοῖς
1169 647 1220 708 ὑπδ
1231 651 1283 707 τῶν
1292 647 1356 707 ἴσων
1372 651 1451 728 τριῶν
1463 649 1684 728 ἀποτεμνομένοις
1696 654 1748 710 ἀπὸ

145 741 239 821 Ἀρχὴν
256 739 303 812 μέν
319 731 363 799 οὐν
374 737 516 808 ὀποιήσατο
531 739 577 796 καί
591 742 693 818 πρῶτον
708 741 781 799 ἔθετο
794 744 846 798 τῶν
861 739 924 819 πρὸς
970 742 1015 794 τοῦ
1031 736 1138 796 κύκλου.
1184 736 1239 796 Καὶ
1254 737 1294 796 δτι
1309 737 1357 814 μὲν
1373 737 1598 819 περιληφθήσεται
1616 738 1705 823 κύκλῳ
1719 741 1749 799 τδ

144 827 236 895 αὐτούς
260 829 415 907 χρησίμων,
438 827 478 885 ὅτι
500 827 545 885 τὸν
570 827 648 886 αὐτδν
669 827 745 907 λόγον
769 829 825 907 ἔχει
841 827 874 887 τά
896 851 924 886 τε
969 825 1120 905 τραπέζιον,
1130 823 1219 893 δείξεις
1229 825 1297 884 οὑτω
1310 825 1488 905 διχοτομήσας
1501 825 1596 894 τδιςτοῦ
1609 827 1749 906 τραπεζίου

143 921 219 993 ὅμοια
240 921 292 975 τῶν
317 916 422 976 κύκλων
436 914 565 993 τμήματα
580 915 642 994 πρὸς
658 915 761 988 ἄλληλα
776 917 820 976 καί
835 921 861 976 αί
876 917 924 996 βοί-
968 912 1063 989 γωνίας
1083 910 1153 970 κατίι
1173 913 1203 972 τὸ
1218 912 1308 972 ἔνατον
1335 919 1381 972 τοῦ
1408 912 1512 993 πρώτου
1535 917 1587 973 τῶν
1614 916 1749 995 στοιχείων

143 1025 198 1069 σεις
219 1005 306 1063 αὐτῶν
331 1004 455 1080 δυνάμει·
475 1009 552 1062 τοῦτο
572 1003 599 1062 δὲ
622 1003 749 1063 ἐδείκνυεν
766 1007 796 1062 ἐκ
809 1010 855 1064 τοῦ
877 1004 923 1070 τδις
968 999 1014 1059 καὶ
1027 999 1161 1070 ὀπιζεύξας
1174 999 1220 1067 τάς
1236 1002 1400 1079 διαγωνίους,
1416 1003 1491 1082 ἀρεῖς,
1508 1002 1594 1074 ίπεὶὴ
1618 1006 1699 1082 βατῇ
1714 1026 1749 1081 αγ

143 1089 296 1172 διαμέτρους
321 1091 404 1160 δεῖξαι
425 1090 468 1149 τὸν
489 1089 565 1148 αὐτὸν
588 1091 663 1168 λόγον
686 1090 795 1170 ἐχούσας
815 1089 924 1167 δυνάμει
969 1089 1012 1168 ἴση
1033 1088 1107 1160 κοινὴ
1128 1093 1144 1160 ἡ
1163 1091 1190 1146 δε
1216 1088 1261 1148 καὶ
1275 1089 1370 1167 γωνίαι
1396 1089 1442 1148 καί
1465 1087 1499 1148 τδι
1521 1089 1588 1160 έζῆς.
1631 1085 1697 1149 Ὀτι
1721 1089 1750 1150 ὀί

142 1186 195 1243 τοῖς
215 1179 331 1251 κύκλοις,
347 1179 412 1258 άπερ
427 1177 570 1250 Εὐκλείδης
586 1177 703 1257 δεύτερον
716 1178 829 1238 τέθεικεν
845 1182 871 1237 ἐν
886 1182 924 1258 τῷ
969 1176 1056 1251 μεῖζόν
1083 1179 1154 1236 ἐστιν
1182 1177 1340 1253 ἡμικυκλίου
1371 1177 1401 1235 τδ
1432 1178 1524 1258 λεχθὲν
1544 1182 1649 1253 τμῆμα,
1671 1177 1751 1250 δῆλον

143 1265 281 1346 δωδεκάτῳ
295 1271 346 1325 τῶν
360 1266 499 1348 στοιχείων
519 1265 614 1346 βιθλίῳ
628 1265 675 1337 τήν
694 1266 820 1346 πρότασιν
845 1265 923 1324 είπὼν
969 1263 1092 1342 ἀχθείσης
1108 1267 1134 1324 ἐν
1153 1267 1191 1344 τῷ
1212 1265 1342 1346 τραπεζίῳ
1357 1265 1509 1346 διαμέτρου.
1555 1266 1670 1345 Ἀνάγκη
1696 1267 1748 1345 γὰρ

142 1352 237 1421 οὑτως·
250 1357 274 1414 οί
287 1355 378 1414 κύκλοι
393 1355 457 1434 πρὸς
472 1353 602 1424 ἀλλήλους
617 1352 693 1428 εἰσίν,
708 1357 742 1420 ώς
757 1353 790 1411 τά
805 1353 856 1412 ἀπὸ
871 1357 924 1412 τῶν
968 1351 1066 1422 ταύτην
1082 1351 1132 1409 ὑπδ
1143 1351 1189 1409 δύο
1203 1354 1316 1433 πλευράς
1330 1353 1515 1412 ὑποτείνουσαν
1535 1360 1580 1413 τοῦ
1606 1357 1751 1434 τραπεζίου

144 1444 291 1525 διαμέτρων
301 1444 466 1524 τετράγωνα·
477 1445 512 1509 ώς
523 1441 574 1522 γάρ
585 1447 609 1501 οἱ
622 1441 714 1501 κύκλοι
724 1443 787 1521 πρὸς
797 1442 924 1514 ἀλλήλους
968 1442 1014 1510 τῆς
1025 1440 1168 1498 ὑπολοίπου
1179 1450 1240 1516 μιᾶς
1254 1441 1360 1518 μείζονα
1370 1440 1388 1512 ἡ
1403 1440 1543 1500 διπλασίαν
1553 1433 1619 1500 εἶναι
1630 1441 1748 1519 δυνάμει.

143 1531 262 1612 ἔχουσιν,
281 1533 347 1591 οὑτω
368 1531 458 1590 καίτθι
478 1530 556 1608 ὅμοια
576 1529 714 1606 τμήματα.
756 1529 859 1606 Ὅμοια
873 1530 923 1610 γάρ
969 1525 1110 1604 Ἐπείγίιρ
1126 1526 1221 1602 μείζων
1237 1528 1306 1588 ἐστίν
1323 1532 1340 1600 ἡ
1358 1531 1391 1608 βδ
1412 1533 1458 1600 τῆς
1481 1531 1567 1608 αγ,αί
1585 1529 1616 1610 δγ
1632 1535 1667 1610 βα
1690 1530 1747 1590 ίσαι

143 1603 274 1696 τμήματά
289 1621 343 1678 ἐστι
354 1619 387 1678 τίι
397 1617 424 1677 ιδ
438 1619 501 1678 αὐτὸ
521 1617 597 1697 μέρος
609 1617 671 1676 ὄντα
681 1623 727 1676 τοῦ
740 1617 850 1692 κύκλου,
866 1611 921 1678 οἷον
968 1605 1043 1672 οὐσαι
1055 1613 1100 1674 καί
1111 1617 1291 1692 ἐπιζευγνῦσαι
1305 1619 1386 1682 αὐτάς
1403 1616 1599 1694 ἐκόαλλόμεναι
1610 1623 1753 1696 ἐμπεσοῦν-

143 1705 300 1783 ἡμικύκιιιον
324 1705 472 1784 ἡμικυκλίῳ
491 1705 536 1764 καί
558 1705 725 1786 τριτημόριον
746 1709 922 1788 τριτημορίῳ·
968 1725 1012 1760 ται
1028 1701 1177 1771 κατάτόζ.
1222 1706 1253 1762 Εί
1272 1705 1322 1783 γάρ
1337 1706 1504 1782 παράλληλοί
1527 1707 1592 1764 εἶσιν
1613 1710 1640 1764 αί
1657 1712 1693 1785 βα
1719 1709 1751 1785 δγ

142 1795 181 1854 διὸ
199 1796 244 1854 καί
257 1795 352 1874 γοινίας
368 1793 427 1862 ἴσας
441 1794 546 1874 δέχεται
559 1792 594 1852 τδι
609 1794 686 1870 δμοια
705 1794 845 1872 τμήματα.
888 1799 921 1857 Αί
968 1789 1024 1850 ἶσαι
1037 1783 1123 1864 θύσαι,
1141 1795 1168 1850 αῖ
1185 1791 1213 1850 δέ
1224 1793 1270 1859 τὰς
1284 1791 1381 1860 {were
1391 1798 1436 1852 καὶ
1448 1796 1634 1874 παραλλήλους
1648 1799 1752 1866 ἐπιζευ·

140 1889 201 1960 γοῦν
222 1885 275 1941 τῶν
299 1883 463 1960 ἡμικυκλίοιν
488 1883 592 1941 πάντων
620 1880 695 1961 ὀρθαί
719 1885 770 1941 εἶσι
799 1884 844 1942 καί
871 1888 923 1944 τῶν
968 1884 1065 1956 γνὺσαι
1076 1881 1122 1938 καί
1143 1870 1221 1938 αὑται
1235 1878 1291 1938 ίσαι
1305 1881 1350 1939 καί
1367 1881 1535 1960 παράλληλοί
1549 1886 1626 1961 είσιν,
1642 1883 1751 1956 ίσταιὴ

143 1971 266 2048 μειζόνων
278 1971 416 2040 ἐλάττονες
432 1973 527 2051 ὀρθῶν,
542 1973 588 2030 καί
604 1969 732 2051 τοσούτῳ,
748 1971 801 2052 ὅσῳ
817 1972 923 2048 μείζονα
969 1991 1003 2044 αγ
1016 1968 1105 2048 ίσητῇ
1122 1969 1154 2048 βδ
1166 1967 1231 2049 ὅπερ
1243 1967 1381 2031 ἀδύνατον,
1427 1973 1642 2048 Συμπιπτουσῶν
1657 1973 1685 2031 δέ
1699 1976 1751 2032 τῶν

145 2061 308 2137 ἡμικυκλίοιν
320 2059 354 2120 τδι
376 2060 521 2139 τμήματα,
534 2061 579 2119 καὶ
594 2063 621 2119 αί
640 2063 691 2118 τῶν
708 2055 851 2120 ἐλαττόνων
866 2060 923 2138 μεί·
970 2060 1004 2135 βα
1019 2058 1051 2134 δγ
1074 2057 1144 2116 κατδι
1158 2057 1188 2116 τδ
1203 2059 1235 2136 ζ,
1248 2062 1275 2117 αί
1287 2057 1337 2117 ὑπὸ
1351 2061 1401 2136 ζαγ
1417 2064 1471 2138 γαβ
1486 2060 1579 2138 γωνίαι
1597 2059 1644 2119 δύο
1662 2062 1753 2138 ὀρθαῖς

143 2152 228 2222 ζονες,
251 2149 296 2207 καὶ
321 2147 438 2228 τοσούτῳ
468 2147 522 2229 ὀσῳ
546 2148 673 2208 ἐλάττονα
704 2149 868 2224 ἡμικυκλίων
891 2147 925 2207 τδι
969 2145 1025 2204 ίσαι
1042 2145 1146 2206 έσονται
1171 2145 1216 2204 διδι
1232 2147 1261 2205 τδ
1282 2147 1498 2226 τρισκαιδέκατον
1516 2153 1562 2206 τοῦ
1579 2147 1685 2229 πρώτου
1698 2154 1751 2209 τῶν

142 2235 288 2312 τμήματα·
316 2235 460 2314 δειχθέντος
481 2237 508 2294 δὲ
533 2239 604 2316 αὐτῷ
630 2235 723 2296 τούτου
751 2238 922 2315 πρῶτονμὲν
971 2233 1126 2294 Εὐκλείδου.
1171 2236 1276 2303 Μείζων
1291 2235 1319 2294 δέ
1338 2237 1419 2308 ἡὺπδ
1445 2237 1499 2314 γαύ
1519 2242 1566 2310 τῆς
1593 2237 1644 2296 ὑπὸ
1668 2242 1750 2314 γαζὴ

144 2321 255 2404 ἔγραφεν
272 2323 397 2398 μηνίσκον
409 2323 457 2394 τὴν
473 2325 638 2404 περιφέρειαν
656 2323 750 2402 ἔχοντα
765 2324 923 2398 ἡμικυκλίου
969 2321 1042 2389 ἐκτδς
1058 2327 1103 2380 τοῦ
1118 2322 1245 2400 τριγώνου
1259 2327 1306 2394 τῆς
1325 2327 1395 2391 ἐντὸς
1410 2323 1454 2383 διδι
1466 2325 1498 2384 τὸ
1513 2325 1667 2406 τριακοστὸν
1692 2327 1752 2386 δεύ-

145 2411 205 2490 περί
223 2412 347 2492 τρίγωνον
363 2412 516 2490 ὀρθογώνιον
530 2414 576 2471 καί
596 2411 728 2477 ἰσοσκελές
744 2412 806 2470 αὐτὸ
819 2413 848 2470 τὸ
862 2417 924 2489 ἡμι-
952 2432 1042 2488 -τερον
1066 2416 1112 2468 τοὺ
1129 2409 1244 2490 πρώτου.
1289 2409 1418 2488 Ἥμίσεια
1440 2412 1492 2491 άρα
1507 2419 1524 2485 ἡ
1539 2413 1591 2472 ὑπὸ
1606 2419 1656 2493 γαζ
1669 2417 1753 2494 γωνία

142 2499 250 2558 κύκλιον
262 2501 427 2582 περιγράψας
438 2501 482 2559 καί
494 2501 554 2580 περί
568 2500 615 2572 τήν
630 2499 705 2579 βάσιν
721 2504 813 2576 τμῆμα
827 2498 923 2560 κύκλου
968 2503 1014 2568 τῆς
1023 2502 1105 2576 βαγ,ἡ
1116 2498 1168 2579 ιίρα
1184 2504 1218 2577 βγ
1231 2503 1318 2575 μεῖζον
1328 2499 1345 2571 ἡ
1356 2500 1495 2560 διπλάσιον
1512 2502 1620 2562 δύναται
1626 2504 1752 2586 ἑκατέρας

142 2591 195 2652 τοῖς
218 2589 269 2646 ὑπὸ
296 2593 349 2646 τῶν
378 2591 588 2668 ὑποζευχθεισῶν
616 2585 816 2666 ἀφαιρουμένοις
835 2588 923 2664 ὀμοιον
968 2591 1019 2647 τῶν
1036 2593 1071 2668 βα
1093 2610 1143 2664 αγ,
1159 2588 1287 2648 ώσττκαί
1306 2595 1353 2661 τῆς
1369 2590 1404 2668 γό
1418 2591 1463 2648 καὶ
1487 2591 1536 2662 τὴν
1553 2593 1680 2668 μεγίστην
1701 2594 1752 2674 ἀρα

142 2673 208 2756 ὅπερ
222 2675 367 2747 Εὐκλείδης
383 2676 406 2733 λ’
422 2677 508 2756 τρίτον
533 2677 605 2736 ἔθετο
628 2675 755 2754 θεώρημα
771 2681 817 2733 τοῦ
836 2675 923 2755 τρίτου
968 2682 1020 2736 τῶν
1034 2681 1080 2735 τοῦ
1096 2677 1236 2755 τραπεζίου
1263 2679 1381 2758 πλευρῶν
1391 2680 1533 2757 ἀναγκαῖον
1548 2677 1657 2739 ἔλαττον
1668 2683 1752 2742 δύνα-

144 2763 249 2842 βιόλίου
263 2763 399 2843 προτείνας
414 2765 510 2832 οὑτως·
526 2791 538 2817 ο
559 2764 602 2822 ἐπὶ
616 2767 661 2834 τῆς
687 2763 804 2833 δοδείσης
826 2753 924 2831 εὐθείας
969 2769 1083 2836 σθαιτῆς
1093 2787 1120 2822 τε
1134 2764 1273 2844 διαμέτρου
1283 2765 1328 2822 καί
1338 2770 1390 2824 τῶν
1402 2766 1495 2845 ἑτέρων
1504 2768 1624 2847 πλευρῶν
1636 2770 1749 2850 ἐκείνης,

142 2851 246 2933 γράψαι
262 2855 358 2929 τμῆμα
380 2852 476 2910 κύκλου
488 2853 628 2931 δεχόμενον
643 2850 739 2927 γωνίαν
754 2849 813 2920 ἴσην
828 2854 861 2927 τῇ
877 2852 922 2910 δο-
969 2856 1010 2928 ὑφ’
1026 2852 1058 2925 ἡν
1078 2851 1205 2911 ὑποτείνει
1223 2853 1290 2930 μετὰ
1305 2858 1353 2925 τῆς
1368 2855 1509 2934 διαμέτρου
1527 2859 1542 2926 ἡ
1562 2857 1704 2935 λεχθεῖσα·
1722 2864 1751 2919 οιί

142 2940 216 3018 θείσῃ
237 2939 319 3018 γωνίορ
331 2939 516 3018 εὐθυγράμμῳ.
534 2963 549 2994 υ
567 2938 658 3016 Είγδιρ
673 2937 702 2996 τδ
715 2937 775 3015 περὶ
786 2937 833 3008 ιὴν
847 2939 923 3018 βάσιν
968 2939 1019 3018 γάρ
1032 2941 1108 3019 βγγδ
1125 2944 1212 3016 μεῖζον
1228 2938 1245 3010 ἡ
1258 2941 1412 3018 τριπλάσιον
1426 2941 1551 3000 δύνανται
1565 2947 1611 3013 τῆς
1629 2946 1673 3021 γδ,
1690 2949 1748 3018 ἡδί

141 3026 211 3085 οὑτω
239 3029 405 3108 περιγράφει,
432 3030 468 3092 ὡς
483 3028 541 3096 ἴσην
568 3026 690 3094 δέξασθαι
710 3025 806 3103 γωνίαν
823 3031 875 3085 τῶν
897 3029 924 3084 ἀν
971 3030 1216 3108 βδτετραπλάσιον.
1261 3028 1351 3096 Ὀξεῖα
1366 3030 1417 3108 άρα
1432 3029 1527 3100 ἐστίνὴ
1543 3029 1589 3088 ἐπί
1603 3036 1648 3103 τῆς
1664 3038 1723 3108 μείζ
1739 3071 1752 3082 -

143 3123 196 3182 τοῖς
207 3115 331 3192 τμήμασι
345 3123 398 3180 τοῖς
416 3115 467 3194 ὑπὸ
480 3117 532 3172 τῶν
554 3117 751 3194 ἐπιζευχθεισῶν
767 3116 925 3196 ἀοαιρουμέ·
970 3138 1009 3180 νος
1024 3121 1069 3174 τοῦ
1087 3115 1226 3195 τραπεζίου
1242 3119 1356 3195 πλευρᾶς
1372 3115 1502 3196 βεὸηκυῑα
1516 3117 1607 3194 γωνία.
1650 3123 1751 3191 Μεῖζον

142 3225 206 3275 νοις,
227 3203 317 3276 ὅμοιον
340 3202 413 3261 ἔσται
435 3200 556 3264 ἐκείνοις·
571 3200 649 3277 ὅμοια
662 3200 712 3279 γάρ
732 3199 860 3276 τμήματα
877 3203 924 3262 κύ·
970 3203 1023 3284 ἀρα
1047 3204 1203 3281 ἡμικυκλίου
1223 3205 1280 3265 ἐστί
1302 3207 1332 3266 τὸ
1354 3211 1464 3284 τμῆμα,
1480 3211 1507 3266 ίν
1531 3199 1552 3286 ᾧ
1572 3209 1661 3286 ίστιν,
1685 3211 1752 3293 ὀπερ

141 3295 212 3350 κλων
226 3296 240 3351 ὑ
256 3290 399 3362 Εὐκλείδης
414 3289 528 3367 ύνρίσατο
542 3293 568 3348 ἐν
582 3295 619 3370 τῷ
633 3290 920 3371 τρισκαιδεκάτῳίίεμ.
970 3295 1039 3353 ε’στὶν
1055 3298 1073 3366 ἡ
1089 3293 1137 3362 ἔξω
1149 3294 1302 3375 περιφέρεια
1316 3301 1361 3355 τοὺ
1387 3297 1525 3373 μηνίσκον.
1571 3297 1624 3358 Τδν
1652 3298 1679 3360 δέ
1703 3309 1749 3362 τοῦ

142 3381 242 3461 τρίτῳ)
262 3379 406 3458 βιύλίῳτδι
422 3378 551 3458 δεχόμενα
566 3377 660 3453 γωνίας
675 3377 743 3444 ίσας.
787 3379 882 3446 Ὂντος
897 3382 924 3440 δὲ
969 3381 1099 3460 μηνίσκον
1122 3381 1214 3442 τούτου
1237 3385 1451 3464 τετραγωνισμὸν
1477 3389 1597 3464 παρῆκεν
1614 3386 1749 3468 Εὔδημος,

143 3475 191 3528 τοὺ
205 3470 266 3547 περὶ
276 3468 323 3540 τήν
338 3467 414 3546 βάσιν
428 3467 566 3544 τμήματος
576 3466 632 3526 ίσυυ
643 3465 762 3544 τοῖςπερὶ
776 3470 822 3535 τὰς
836 3467 924 3550 ίτέρας
969 3475 1003 3540 ὡς
1018 3477 1104 3552 σαφῆ,
1125 3463 1211 3544 οίμαι.
1257 3471 1309 3545 Εἶη
1335 3473 1363 3532 δέ
1378 3473 1409 3533 δν
1424 3473 1536 3534 τοιόσδε.
1581 3475 1688 3548 Ἐπειδὴ
1706 3479 1750 3538 ίσα

143 3557 292 3636 ἀμφοτέρας
321 3555 399 3632 διότι,
428 3557 463 3621 ὡς
489 3555 618 3613 δέδεικται
638 3557 664 3612 ἐν
679 3558 717 3634 τῷ
737 3558 924 3638 παρατελεύτῳ
969 3564 1091 3634 ἀλλήλοις
1112 3565 1183 3624 ἐστίν
1200 3567 1214 3622 ὑ
1231 3565 1357 3642 μηνίσκος
1371 3567 1439 3642 μετὰ
1455 3573 1500 3627 τοῦ
1517 3567 1560 3627 ἐπί
1575 3573 1620 3640 τῆς
1633 3571 1750 3645 μείζονος

144 3642 309 3718 (Euclid.1‚
326 3651 360 3716 Ιςφ
370 3645 379 3718 )
390 3647 435 3702 τοὺ
448 3640 553 3722 πρώτου
568 3647 619 3701 τῶν
635 3641 778 3700 Εὐκλείδου
789 3646 922 3724 στοιχείων
970 3658 1015 3711 τοῦ
1031 3653 1175 3731 τραπεζίου
1197 3655 1312 3733 πλευρᾶς
1331 3655 1472 3732 τμήματος
1495 3659 1532 3735 τῷ
1550 3660 1680 3740 τραπεζίῳ
1706 3663 1752 3720 χαὶ

144 3730 306 3810 θεωρήματι,
318 3733 343 3788 ἔν
354 3729 572 3809 τοῖιόρθυγιιιιίοιι
582 3729 715 3810 τριγώνοις
725 3735 742 3802 ἡ
753 3733 923 3792 ὑποτείνουσα
965 3749 1021 3808 Ιτοῖς
1034 3741 1083 3800 ὑπὸ
1099 3745 1152 3800 τῶν
1169 3745 1247 3820 τριῶν
1265 3742 1329 3800 ίσων
1350 3744 1430 3800 αὐτοῦ
1444 3745 1549 3800 εὐθειῶν
1566 3745 1751 3820 ἀποτεμνομέ-

143 3818 199 3877 ἴσοι
210 3819 318 3879 δύναται
330 3827 387 3886 ταῖς
396 3819 443 3890 τὴν
457 3816 536 3898 ὀρθὴν
553 3817 736 3898 περιεχούσαις
751 3819 921 3900 ἀμφοτέραις.
969 3849 1021 3894 νοις
1037 3830 1185 3906 τρήμασιν,
1199 3820 1236 3888 ῶν
1256 3829 1286 3887 τὸ
1301 3827 1345 3886 ἐπί
1356 3833 1403 3900 τῆς
1416 3828 1532 3906 μείζονος
1546 3835 1594 3888 τοῦ
1610 3832 1750 3908 τραπεζίου

143 3905 194 3973 Ὧι
209 3905 236 3965 δέ
250 3906 283 3964 τί(
299 3907 350 3964 άπὸ
361 3909 412 3964 τῶν
425 3909 528 3965 ῑῦθῑῑῶι
546 3905 709 3986 τετράγωνα,
724 3906 806 3973 οὕτως
820 3908 875 3986 ἔχει
890 3911 923 3967 τά
969 3917 1083 3995 πλευρᾶς
1096 3921 1191 3992 τμῆμα
1210 3917 1266 3976 ἴσον
1282 3916 1341 3974 ίστί
1354 3926 1407 3982 τοῖς
1428 3919 1478 3975 ὑπὸ
1495 3920 1547 3974 τῶν
1566 3916 1630 3977 ἴσων
1645 3921 1750 3980 εὐθειῶν

143 3995 221 4073 δμοια
234 4000 286 4054 τῶν
301 3995 403 4054 κύκλων
417 3993 544 4072 τμήματα
560 3993 624 4071 πρὸς
647 3996 766 4068 άλληλα,
780 3995 922 4056 καίκοινοῶ
968 4003 1171 4084 ἀφαιρουμένοις
1194 4010 1239 4062 τοῦ
1271 4004 1368 4062 κύκλου
1394 4005 1464 4082 τρισὶ
1495 4006 1643 4082 σμήμασιν,
1677 4009 1750 4091 εἴπερ

145 4083 327 4163 πριπιθὲιτθι
346 4088 393 4142 τοῦ
415 4081 509 4162 μέρους
526 4089 571 4142 τοῦ
595 4081 722 4160 τριγώνου
736 4087 781 4141 τοῦ
807 4083 871 4162 ὖπίρ
893 4086 923 4144 τὸ
967 4090 1023 4149 ἴσον
1038 4099 1096 4158 ταῖς
1109 4092 1178 4169 τρισί
1192 4094 1317 4152 δύνασθαι
1332 4093 1498 4164 ὑπύκιιταιὴ
1515 4093 1611 4172 μείζων
1626 4105 1671 4158 τοῦ
1683 4123 1749 4178 τρα.

143 4178 239 4249 τμῆμα
252 4171 282 4231 τό
297 4171 357 4246 περί
382 4169 429 4242 τήν
447 4171 527 4250 βάσιν
542 4170 598 4236 ἴσοι
622 4170 699 4229 ἔσται
719 4170 871 4247 ὃμηιίσιιθι
885 4178 922 4255 τῷ
968 4178 1056 4247 πεζίον
1076 4179 1191 4260 πλευρά,
1223 4180 1257 4238 τίς
1273 4179 1300 4239 δέ
1320 4181 1399 4258 ὅμοια
1416 4181 1543 4258 τμήματα
1566 4185 1631 4264 πρὸς
1647 4188 1751 4262 ἄλληλά

143 4260 276 4341 τριγώνῳ·
317 4257 389 4326 ¹¹⁶⁰<
406 4248 450 4317 ⁰3⁹
465 4262 479 4317 ὅ
493 4257 620 4334 μηνίσκος
631 4261 669 4338 τῷ
682 4257 802 4339 τριγώνῳ
815 4261 923 4339 διιχθελς
967 4267 1047 4340 ἀστιν,
1062 4269 1097 4334 ῶς
1110 4267 1143 4325 τά
1156 4267 1208 4326 ἀπὸ
1219 4273 1271 4327 τῶν
1279 4271 1382 4328 εὐθειῶν
1395 4269 1557 4350 τετράγωνα.
1575 4271 1640 4334 Ἐἀν
1659 4276 1687 4334 δέ
1697 4279 1750 4338 ἀπὸ

143 4349 356 4428 τετραγωνίζοιτο
381 4348 424 4410 ἀν.
468 4347 605 4408 Δέδεικται
620 4346 670 4426 γάρ
691 4348 717 4404 ίν
739 4351 777 4427 τῷ
793 4349 923 4431 ἑνδεκάτῳ
966 4352 1031 4412 ίσων
1043 4353 1087 4413 ίσα
1102 4357 1241 4437 ἀφαιρεθῇ,
1256 4357 1289 4416 τίι
1307 4359 1518 4436 καταλειπόμενά
1530 4365 1600 4421 ἐστιν
1619 4361 1675 4442 ίσα,
1695 4365 1751 4433 ’ίσος

144 4439 219 4516 (leg.
243 4435 527 4517 τεοσαρσκαιδεκάτιρ)
559 4435 711 4515 θεωρήματι
729 4439 775 4494 τοῦ
804 4437 923 4517 δευτέρου
968 4441 1047 4521 ἀραδ
1070 4443 1195 4520 μηνίσκος
1210 4448 1247 4525 τῷ
1260 4448 1401 4528 τραπεζίῳ.
1416 4446 1457 4508 Ἢ
1470 4448 1516 4508 καί
1537 4449 1605 4512 οὑτω
1615 4453 1750 4529 συντόμως

144 4525 248 4603 βιόλίου
261 4529 313 4584 τῶν
329 4523 469 4585 Εὐκλείδου
480 4523 627 4603 στοιχείων,
643 4528 698 4590 πῶς
711 4524 765 4602 χρὴ
776 4527 813 4604 τῷ
826 4525 923 4584 δοθέντι
968 4533 1040 4610 έρεῑς,
1056 4533 1145 4604 ἐπειδή
1162 4533 1216 4592 ίσον
1231 4536 1287 4594 ίστί
1298 4535 1329 4594 τὸ
1338 4537 1398 4617 περί
1410 4539 1457 4608 τήν
1472 4538 1577 4614 μείζονα
1588 4546 1634 4597 τοῦ
1649 4564 1749 4619 xpm.

144 4613 323 4696 εὐθυγράμμῳ
343 4613 400 4672 ίσον
415 4612 575 4692 τετράγωνον
593 4611 768 4683 ἐνστήσασθαι
782 4611 921 4689 (Ευσίῐά.,
967 4617 1021 4686 ζίου
1032 4621 1146 4699 πλευράν
1158 4624 1253 4697 τμῆμα
1270 4627 1322 4690 τοῖς
1334 4623 1394 4703 περί
1405 4623 1452 4690 τάς
1467 4631 1536 4702 τρεῖς
1551 4622 1598 4694 τάς
1610 4626 1749 4706 ίσαςπιρι-

144 4701 353 4782 συστήσασθαι).
376 4701 456 4762 Οὐτω
470 4703 517 4778 μίν
528 4703 572 4759 οὐν
582 4700 737 4778 ἡμικυκλίου
751 4699 799 4771 τήν
812 4700 861 4769 έζω
877 4709 923 4760 τοῦ
967 4710 1100 4784 γραφεῖσι,
1112 4707 1177 4764 διότι
1186 4709 1267 4767 καὶτὸ
1282 4709 1327 4768 ἀπ’
1337 4713 1586 4790 αὐτῆςτετροίγωνον
1594 4715 1749 4794 τριπλάσιον

144 4801 273 4866 μηνίσκον
284 4789 448 4870 περιφέρειαν
458 4789 613 4865 ὑποθέμενος
624 4788 848 4869 ἐτετραγώνισενδ
863 4789 924 4850 Ἱπ-
967 4801 1012 4853 τοὺ
1024 4794 1076 4852 ἀπὸ
1088 4795 1212 4868 ἑκάστης,
1223 4795 1268 4853 ἐδιν
1282 4797 1366 4855 κοινὸν
1378 4803 1510 4877 προστεθῇ
1522 4798 1551 4856 τδ
1563 4801 1749 4880 περιεχόμενον

142 4877 281 4957 ποκριίτης
293 4878 338 4936 τδν
354 4877 480 4954 μηνίσκον
495 4877 627 4952 εὐκόλως,
644 4866 701 4936 εἶτα
725 4877 813 4958 ίφεξῆς
837 4883 923 4953 μεῖζον
968 4882 1089 4942 ἐπίπεδον
1106 4883 1157 4942 ὑπό
1170 4907 1201 4943 τε
1217 4888 1269 4943 τῶν
1292 4889 1369 4966 τριῶν
1384 4885 1450 4945 ίσων
1466 4890 1570 4946 εὐθειῶν
1585 4890 1630 4946 καί
1645 4893 1690 4962 τῆς
1703 4899 1750 4951 τοῦ

146 4963 307 5036 ἡμικυιοιιιι
332 4961 482 5016 ὓιιιτιθιιαι
504 4979 701 5034 συῦῑτισαμιιυς
719 4966 856 5046 τραπέζιον
879 4967 925 5034 τδις
970 4970 1084 5046 μείζονος
1097 4971 1235 5048 τμήματος
1247 4973 1421 5054 περιφερείας,
1437 4972 1538 5032 ἔσταιδ
1554 4975 1678 5052 μηνίσκος
1692 4977 1747 5050 ίσος

144 5052 276 5130 μὲντρεῗς
294 5050 356 5134 ἔχον
368 5050 482 5130 πλευράς
508 5049 568 5120 ίσας
589 5052 726 5127 ἀλλήλαις,
752 5054 800 5124 τήν
813 5053 840 5113 δέ
861 5058 923 5132 μίαν
968 5059 1005 5136 τῷ
1017 5059 1160 5138 τραπεζίῳ,
1176 5051 1204 5119 οὐ
1218 5059 1483 5140 τετραγωνισθέντος,
1501 5063 1566 5123 διότι
1585 5061 1680 5144 ἔχομεν
1694 5075 1747 5128 πίίν

142 5138 191 5210 τὴν
208 5139 289 5216 μείζω
303 5142 356 5198 τῶν
376 5139 555 5217 παραλλήλων
570 5140 727 5218 τριπλασίαν
742 5143 847 5202 ἐκείνων
861 5142 923 5202 ἑκά·
969 5146 1151 5224 εὐθύγραμμον
1165 5149 1370 5228 τετραγωνίσαι,
1387 5151 1658 5228 τετραγοινισθήσεται
1673 5155 1748 5218 καίό

144 5248 208 5298 στης
220 5227 330 5305 δυνάμει
341 5228 385 5288 καί
393 5229 424 5288 τό
433 5251 461 5287 τε
471 5227 610 5310 τραπέζιον
618 5229 769 5310 περιλαόών
779 5231 868 5314 κύκλῳ
879 5232 924 5292 καί
970 5231 1075 5309 μείζονα
1089 5236 1249 5312 ἡμικυκλίου
1268 5237 1314 5310 τήν
1339 5239 1412 5308 ίκτδς
1431 5238 1597 5322 περιφέρειαν
1612 5243 1681 5324 ίχων
1697 5269 1748 5326 μη·

238 5339 329 5377 νιιιιοε.
347 5339 423 5378 cnm.
441 5340 476 5378 ιιι.
1624 5345 1652 5394 ιθ
