<?xml version="1.0" encoding="UTF-8"?>
<!DOCTYPE html PUBLIC "-//W3C//DTD XHTML 1.0 Transitional//EN"
    "http://www.w3.org/TR/xhtml1/DTD/xhtml1-transitional.dtd">
<html xmlns="http://www.w3.org/1999/xhtml" xml:lang="en" lang="en">
 <head>
  <title>
</title>
<meta http-equiv="Content-Type" content="text/html;charset=utf-8" />
  <meta name='ocr-system' content='tesseract 3.04.00' />
  <meta name='ocr-capabilities' content='ocr_page ocr_carea ocr_par ocr_line ocrx_word'/>
</head>
<body>
  <div class='ocr_page' id='page_1' title='image "./fragmentaphilos01mullgoog/fragmentaphilos01mullgoog_0221.png"; bbox 0 0 3958 5942; ppageno 0'>
   <div class='ocr_carea' id='block_1_1' title="bbox 480 562 1746 850">
    <p class='ocr_par' dir='ltr' id='par_1_1' title="bbox 480 562 1746 850">
     <span class='ocr_line' id='line_1_1' title="bbox 552 562 1609 656; baseline -0.007 -1"><span class='ocrx_word' id='word_1_1' title='bbox 552 563 828 656; x_wconf 86' lang='grc' dir='ltr'><strong>ΣΕΒΗΡΟΥ</strong></span> <span class='ocrx_word' id='word_1_2' title='bbox 1413 562 1609 652; x_wconf 83' lang='lat' dir='ltr'>SEVERI</span> 
     </span>
     <span class='ocr_line' id='line_1_2' title="bbox 480 750 1746 850; baseline -0.007 -18"><span class='ocrx_word' id='word_1_3' title='bbox 480 767 569 850; x_wconf 78' lang='lat' dir='ltr'><strong>ror</strong></span> <span class='ocrx_word' id='word_1_4' title='bbox 593 763 894 832; x_wconf 82' lang='lat' dir='ltr'><strong>naarnmnor</strong></span> <span class='ocrx_word' id='word_1_5' title='bbox 1262 750 1483 822; x_wconf 74' lang='lat' dir='ltr'><strong>monumen</strong></span> <span class='ocrx_word' id='word_1_6' title='bbox 1509 751 1746 823; x_wconf 78' lang='lat' dir='ltr'><strong>unraosunu</strong></span> 
     </span>
    </p>
   </div>
   <div class='ocr_carea' id='block_1_2' title="bbox 513 935 1647 998">
    <p class='ocr_par' dir='ltr' id='par_1_2' title="bbox 513 935 1647 998">
     <span class='ocr_line' id='line_1_3' title="bbox 513 935 1647 998; baseline -0.004 0"><span class='ocrx_word' id='word_1_7' title='bbox 513 939 857 998; x_wconf 69' lang='lat' dir='ltr'><strong>allozlllblm&#39;rlori.</strong></span> <span class='ocrx_word' id='word_1_8' title='bbox 1371 935 1647 996; x_wconf 80' lang='lat' dir='ltr'><strong>FRAGMENTUM.</strong></span> 
     </span>
    </p>
   </div>
   <div class='ocr_carea' id='block_1_3' title="bbox 597 1103 1598 1131">
    <p class='ocr_par' dir='ltr' id='par_1_3' title="bbox 597 1103 1598 1131">
     <span class='ocr_line' id='line_1_4' title="bbox 597 1103 1598 1131; baseline -0.006 1"><span class='ocrx_word' id='word_1_9' title='bbox 597 1103 774 1131; x_wconf 60' lang='lat' dir='ltr'><strong>arom-—</strong></span> <span class='ocrx_word' id='word_1_10' title='bbox 1418 1103 1598 1130; x_wconf 68' lang='grc' dir='ltr'>-οοκοι-</span> 
     </span>
    </p>
   </div>
   <div class='ocr_carea' id='block_1_4' title="bbox 213 1325 1854 2993">
    <p class='ocr_par' dir='ltr' id='par_1_4' title="bbox 213 1325 1854 2993">
     <span class='ocr_line' id='line_1_5' title="bbox 338 1325 1851 1411; baseline -0.002 -22"><span class='ocrx_word' id='word_1_11' title='bbox 338 1333 406 1410; x_wconf 86' lang='grc' dir='ltr'>Περῖ</span> <span class='ocrx_word' id='word_1_12' title='bbox 428 1329 517 1403; x_wconf 70' lang='grc' dir='ltr'>δῖτῆς</span> <span class='ocrx_word' id='word_1_13' title='bbox 534 1327 603 1388; x_wconf 76' lang='grc' dir='ltr'>κατά</span> <span class='ocrx_word' id='word_1_14' title='bbox 627 1328 758 1388; x_wconf 86' lang='grc' dir='ltr'>Πλάτωνα</span> <span class='ocrx_word' id='word_1_15' title='bbox 781 1333 884 1411; x_wconf 80' lang='grc' dir='ltr'>ψυχῆς,</span> <span class='ocrx_word' id='word_1_16' title='bbox 900 1333 932 1400; x_wconf 81' lang='grc' dir='ltr'><strong>ῆν</strong></span> <span class='ocrx_word' id='word_1_17' title='bbox 952 1352 1029 1409; x_wconf 80' lang='grc' dir='ltr'>φησιν</span> <span class='ocrx_word' id='word_1_18' title='bbox 1046 1329 1073 1396; x_wconf 76' lang='grc' dir='ltr'><strong>ἐξ</strong></span> <span class='ocrx_word' id='word_1_19' title='bbox 1118 1329 1233 1394; x_wconf 82' lang='grc' dir='ltr'>θπαθοῦς</span> <span class='ocrx_word' id='word_1_20' title='bbox 1248 1325 1293 1386; x_wconf 78' lang='grc' dir='ltr'><strong>καί</strong></span> <span class='ocrx_word' id='word_1_21' title='bbox 1315 1331 1433 1399; x_wconf 76' lang='grc' dir='ltr'>παθητῆς</span> <span class='ocrx_word' id='word_1_22' title='bbox 1453 1326 1539 1395; x_wconf 81' lang='grc' dir='ltr'>οὐσίας</span> <span class='ocrx_word' id='word_1_23' title='bbox 1560 1326 1691 1407; x_wconf 81' lang='grc' dir='ltr'>γεγονέναι</span> <span class='ocrx_word' id='word_1_24' title='bbox 1707 1331 1851 1400; x_wconf 79' lang='grc' dir='ltr'>ὑποκείσεται,</span> 
     </span>
     <span class='ocr_line' id='line_1_6' title="bbox 296 1413 1851 1495; baseline -0.003 -17"><span class='ocrx_word' id='word_1_25' title='bbox 296 1422 409 1484; x_wconf 78' lang='grc' dir='ltr'>ἀπαθοῦς</span> <span class='ocrx_word' id='word_1_26' title='bbox 424 1415 469 1476; x_wconf 83' lang='grc' dir='ltr'><strong>καῖ</strong></span> <span class='ocrx_word' id='word_1_27' title='bbox 483 1419 604 1488; x_wconf 80' lang='grc' dir='ltr'>παθητῆς</span> <span class='ocrx_word' id='word_1_28' title='bbox 619 1414 707 1483; x_wconf 74' lang='grc' dir='ltr'>οὐσίας</span> <span class='ocrx_word' id='word_1_29' title='bbox 720 1421 845 1489; x_wconf 80' lang='grc' dir='ltr'>συστῆναι</span> <span class='ocrx_word' id='word_1_30' title='bbox 868 1415 919 1476; x_wconf 76' lang='lat' dir='ltr'><strong>tab</strong></span> <span class='ocrx_word' id='word_1_31' title='bbox 937 1422 982 1476; x_wconf 89' lang='grc' dir='ltr'><strong>τοῦ</strong></span> <span class='ocrx_word' id='word_1_32' title='bbox 999 1421 1072 1488; x_wconf 88' lang='grc' dir='ltr'>θεοῦ,</span> <span class='ocrx_word' id='word_1_33' title='bbox 1119 1413 1219 1491; x_wconf 79' lang='grc' dir='ltr'>ἀνάγκη</span> <span class='ocrx_word' id='word_1_34' title='bbox 1241 1416 1276 1482; x_wconf 81' lang='grc' dir='ltr'>είις</span> <span class='ocrx_word' id='word_1_35' title='bbox 1291 1415 1322 1473; x_wconf 84' lang='grc' dir='ltr'><strong>τθ</strong></span> <span class='ocrx_word' id='word_1_36' title='bbox 1344 1414 1423 1489; x_wconf 80' lang='grc' dir='ltr'>μέσον</span> <span class='ocrx_word' id='word_1_37' title='bbox 1447 1417 1560 1495; x_wconf 83' lang='grc' dir='ltr'>χρῶμα,</span> <span class='ocrx_word' id='word_1_38' title='bbox 1583 1417 1651 1476; x_wconf 85' lang='grc' dir='ltr'>οῦτω</span> <span class='ocrx_word' id='word_1_39' title='bbox 1672 1417 1714 1478; x_wconf 85' lang='grc' dir='ltr'><strong>καῖ</strong></span> <span class='ocrx_word' id='word_1_40' title='bbox 1736 1421 1816 1490; x_wconf 87' lang='grc' dir='ltr'>ταύτην</span> <span class='ocrx_word' id='word_1_41' title='bbox 1834 1423 1851 1478; x_wconf 83' lang='grc' dir='ltr'>ἐι</span> 
     </span>
     <span class='ocr_line' id='line_1_7' title="bbox 297 1501 1850 1584; baseline -0.001 -18"><span class='ocrx_word' id='word_1_42' title='bbox 297 1509 372 1575; x_wconf 79' lang='grc' dir='ltr'>ὡςέκ</span> <span class='ocrx_word' id='word_1_43' title='bbox 385 1509 477 1565; x_wconf 79' lang='grc' dir='ltr'>λευκοῦ</span> <span class='ocrx_word' id='word_1_44' title='bbox 496 1505 541 1564; x_wconf 81' lang='grc' dir='ltr'><strong>καῖ</strong></span> <span class='ocrx_word' id='word_1_45' title='bbox 565 1503 676 1582; x_wconf 86' lang='grc' dir='ltr'>μέλανος</span> <span class='ocrx_word' id='word_1_46' title='bbox 691 1509 742 1564; x_wconf 82' lang='grc' dir='ltr'><strong>τῶν</strong></span> <span class='ocrx_word' id='word_1_47' title='bbox 758 1506 845 1581; x_wconf 87' lang='grc' dir='ltr'>μέσων</span> <span class='ocrx_word' id='word_1_48' title='bbox 868 1529 894 1566; x_wconf 92' lang='grc' dir='ltr'><strong>τε</strong></span> <span class='ocrx_word' id='word_1_49' title='bbox 908 1507 1072 1584; x_wconf 80' lang='grc' dir='ltr'>χρωμάτων,</span> <span class='ocrx_word' id='word_1_50' title='bbox 1117 1501 1203 1584; x_wconf 79' lang='grc' dir='ltr'>χρόνῳ</span> <span class='ocrx_word' id='word_1_51' title='bbox 1234 1501 1310 1584; x_wconf 82' lang='grc' dir='ltr'>ρότεε</span> <span class='ocrx_word' id='word_1_52' title='bbox 1333 1505 1522 1584; x_wconf 75' lang='grc' dir='ltr'>ἀφανισθῆναι,</span> <span class='ocrx_word' id='word_1_53' title='bbox 1537 1509 1588 1564; x_wconf 84' lang='grc' dir='ltr'><strong>τῶν</strong></span> <span class='ocrx_word' id='word_1_54' title='bbox 1610 1507 1636 1562; x_wconf 76' lang='grc' dir='ltr'><strong>ἐν</strong></span> <span class='ocrx_word' id='word_1_55' title='bbox 1658 1507 1850 1584; x_wconf 71' lang='lat' dir='ltr'><strong>r&#39;sp&#39;aruorrirsrri⁴</strong></span> 
     </span>
     <span class='ocr_line' id='line_1_8' title="bbox 297 1590 1850 1674; baseline 0 -20"><span class='ocrx_word' id='word_1_56' title='bbox 297 1598 381 1654; x_wconf 90' lang='grc' dir='ltr'>έκεῖνα</span> <span class='ocrx_word' id='word_1_57' title='bbox 394 1593 489 1674; x_wconf 81' lang='grc' dir='ltr'>ῖχομεν</span> <span class='ocrx_word' id='word_1_58' title='bbox 503 1593 648 1653; x_wconf 80' lang='grc' dir='ltr'>εἰπεῖνότι</span> <span class='ocrx_word' id='word_1_59' title='bbox 663 1591 783 1668; x_wconf 73' lang='grc' dir='ltr'>ἀνάγκη,</span> <span class='ocrx_word' id='word_1_60' title='bbox 804 1593 891 1674; x_wconf 83' lang='grc' dir='ltr'>χρόνῳ</span> <span class='ocrx_word' id='word_1_61' title='bbox 908 1592 1073 1659; x_wconf 75' lang='grc' dir='ltr'>διαστάσεως</span> <span class='ocrx_word' id='word_1_62' title='bbox 1118 1593 1164 1660; x_wconf 84' lang='grc' dir='ltr'><strong>τῆς</strong></span> <span class='ocrx_word' id='word_1_63' title='bbox 1188 1590 1310 1650; x_wconf 70' lang='grc' dir='ltr'>ἐναντίων</span> <span class='ocrx_word' id='word_1_64' title='bbox 1343 1591 1387 1650; x_wconf 72' lang='lat' dir='ltr'><strong>tert</strong></span> <span class='ocrx_word' id='word_1_65' title='bbox 1415 1590 1463 1664; x_wconf 78' lang='grc' dir='ltr'><strong>τῆν</strong></span> <span class='ocrx_word' id='word_1_66' title='bbox 1489 1593 1588 1651; x_wconf 78' lang='grc' dir='ltr'>οἰκείαν</span> <span class='ocrx_word' id='word_1_67' title='bbox 1610 1593 1682 1672; x_wconf 83' lang='grc' dir='ltr'>ρόσεν</span> <span class='ocrx_word' id='word_1_68' title='bbox 1705 1595 1850 1674; x_wconf 70' lang='grc' dir='ltr'>ἐπειγομένων,</span> 
     </span>
     <span class='ocr_line' id='line_1_9' title="bbox 298 1668 1851 1763; baseline -0.002 -21"><span class='ocrx_word' id='word_1_69' title='bbox 298 1685 381 1742; x_wconf 80' lang='grc' dir='ltr'>αὐτῶν</span> <span class='ocrx_word' id='word_1_70' title='bbox 404 1683 571 1760; x_wconf 82' lang='grc' dir='ltr'>γιγνομένης,</span> <span class='ocrx_word' id='word_1_71' title='bbox 587 1684 763 1763; x_wconf 74' lang='grc' dir='ltr'>ἀφανισθῆναι</span> <span class='ocrx_word' id='word_1_72' title='bbox 786 1681 884 1757; x_wconf 80' lang='grc' dir='ltr'>αθτῆν,</span> <span class='ocrx_word' id='word_1_73' title='bbox 905 1685 940 1749; x_wconf 79' lang='grc' dir='ltr'><strong>ὥς</strong></span> <span class='ocrx_word' id='word_1_74' title='bbox 964 1682 1011 1752; x_wconf 83' lang='grc' dir='ltr'><strong>τῆν</strong></span> <span class='ocrx_word' id='word_1_75' title='bbox 1026 1685 1071 1739; x_wconf 87' lang='grc' dir='ltr'><strong>τοῦ</strong></span> <span class='ocrx_word' id='word_1_76' title='bbox 1117 1668 1163 1738; x_wconf 79' lang='grc' dir='ltr'>Ἦ</span> <span class='ocrx_word' id='word_1_77' title='bbox 1192 1677 1243 1759; x_wconf 74' lang='grc' dir='ltr'><strong>γάρ</strong></span> <span class='ocrx_word' id='word_1_78' title='bbox 1267 1680 1317 1759; x_wconf 79' lang='grc' dir='ltr'>οὐχ</span> <span class='ocrx_word' id='word_1_79' title='bbox 1341 1681 1441 1758; x_wconf 79' lang='grc' dir='ltr'>ὁρῶμεν</span> <span class='ocrx_word' id='word_1_80' title='bbox 1463 1680 1507 1738; x_wconf 83' lang='grc' dir='ltr'><strong>καὶ</strong></span> <span class='ocrx_word' id='word_1_81' title='bbox 1531 1681 1561 1740; x_wconf 82' lang='grc' dir='ltr'><strong>τὸ</strong></span> <span class='ocrx_word' id='word_1_82' title='bbox 1585 1681 1659 1760; x_wconf 80' lang='grc' dir='ltr'>φύσει</span> <span class='ocrx_word' id='word_1_83' title='bbox 1675 1681 1751 1762; x_wconf 84' lang='grc' dir='ltr'>βαρό,</span> <span class='ocrx_word' id='word_1_84' title='bbox 1774 1679 1851 1761; x_wconf 69' lang='grc' dir='ltr'>εῆνίρ’</span> 
     </span>
     <span class='ocr_line' id='line_1_10' title="bbox 296 1759 1852 1850; baseline -0.004 -19"><span class='ocrx_word' id='word_1_85' title='bbox 296 1771 377 1850; x_wconf 80' lang='grc' dir='ltr'>μέσου</span> <span class='ocrx_word' id='word_1_86' title='bbox 389 1771 529 1850; x_wconf 85' lang='grc' dir='ltr'>χρώματος</span> <span class='ocrx_word' id='word_1_87' title='bbox 543 1767 732 1842; x_wconf 74' lang='grc' dir='ltr'>σάστασιν,ίπῖ</span> <span class='ocrx_word' id='word_1_88' title='bbox 743 1767 864 1828; x_wconf 82' lang='grc' dir='ltr'>τθοίκεῖα</span> <span class='ocrx_word' id='word_1_89' title='bbox 876 1768 987 1828; x_wconf 78' lang='grc' dir='ltr'>ἑκάστου</span> <span class='ocrx_word' id='word_1_90' title='bbox 1000 1768 1025 1836; x_wconf 80' lang='grc' dir='ltr'><strong>έῖ</strong></span> <span class='ocrx_word' id='word_1_91' title='bbox 1036 1759 1072 1827; x_wconf 66' lang='grc' dir='ltr'><strong>ὧν</strong></span> <span class='ocrx_word' id='word_1_92' title='bbox 1118 1769 1213 1842; x_wconf 80' lang='grc' dir='ltr'>ἡμῶν,</span> <span class='ocrx_word' id='word_1_93' title='bbox 1232 1765 1249 1838; x_wconf 85' lang='grc' dir='ltr'>ῆ</span> <span class='ocrx_word' id='word_1_94' title='bbox 1263 1790 1330 1833; x_wconf 89' lang='grc' dir='ltr'>τινος</span> <span class='ocrx_word' id='word_1_95' title='bbox 1349 1767 1440 1837; x_wconf 71' lang='grc' dir='ltr'>ἔξωθεν</span> <span class='ocrx_word' id='word_1_96' title='bbox 1460 1773 1574 1849; x_wconf 76' lang='grc' dir='ltr'>φυσικῆς</span> <span class='ocrx_word' id='word_1_97' title='bbox 1595 1771 1785 1850; x_wconf 76' lang='grc' dir='ltr'>προσγενομένης</span> <span class='ocrx_word' id='word_1_98' title='bbox 1802 1771 1852 1846; x_wconf 75' lang='grc' dir='ltr'>αὐτῷ</span> 
     </span>
     <span class='ocr_line' id='line_1_11' title="bbox 296 1851 1852 1938; baseline -0.006 -19"><span class='ocrx_word' id='word_1_99' title='bbox 296 1859 407 1930; x_wconf 84' lang='grc' dir='ltr'>συνίστη</span> <span class='ocrx_word' id='word_1_100' title='bbox 419 1902 427 1933; x_wconf 91' lang='grc'>,</span> <span class='ocrx_word' id='word_1_101' title='bbox 441 1859 468 1915; x_wconf 79' lang='grc' dir='ltr'><strong>έν</strong></span> <span class='ocrx_word' id='word_1_102' title='bbox 480 1855 565 1938; x_wconf 82' lang='grc' dir='ltr'>χρόνῳ</span> <span class='ocrx_word' id='word_1_103' title='bbox 575 1855 651 1938; x_wconf 85' lang='grc' dir='ltr'>ρόσεε</span> <span class='ocrx_word' id='word_1_104' title='bbox 663 1856 847 1938; x_wconf 81' lang='grc' dir='ltr'>χωριζομένου.</span> <span class='ocrx_word' id='word_1_105' title='bbox 885 1859 919 1918; x_wconf 81' lang='lat' dir='ltr'><strong>Et</strong></span> <span class='ocrx_word' id='word_1_106' title='bbox 939 1855 966 1916; x_wconf 78' lang='grc' dir='ltr'><strong>δὲ</strong></span> <span class='ocrx_word' id='word_1_107' title='bbox 979 1861 1055 1916; x_wconf 90' lang='grc' dir='ltr'>τοῦτο</span> <span class='ocrx_word' id='word_1_108' title='bbox 1064 1903 1072 1928; x_wconf 93' lang='grc'>,</span> <span class='ocrx_word' id='word_1_109' title='bbox 1119 1851 1293 1934; x_wconf 80' lang='grc' dir='ltr'>κουφότητος,</span> <span class='ocrx_word' id='word_1_110' title='bbox 1308 1855 1362 1916; x_wconf 82' lang='grc' dir='ltr'>εῖνω</span> <span class='ocrx_word' id='word_1_111' title='bbox 1379 1855 1507 1937; x_wconf 79' lang='grc' dir='ltr'>φέρηται,</span> <span class='ocrx_word' id='word_1_112' title='bbox 1523 1861 1558 1924; x_wconf 70' lang='lat' dir='ltr'><strong>tn</strong></span> <span class='ocrx_word' id='word_1_113' title='bbox 1577 1857 1639 1916; x_wconf 81' lang='grc' dir='ltr'>αθτθ</span> <span class='ocrx_word' id='word_1_114' title='bbox 1658 1857 1745 1934; x_wconf 75' lang='grc' dir='ltr'>ὁμοίως</span> <span class='ocrx_word' id='word_1_115' title='bbox 1768 1857 1802 1915; x_wconf 74' lang='lat' dir='ltr'><strong>int</strong></span> <span class='ocrx_word' id='word_1_116' title='bbox 1820 1855 1852 1926; x_wconf 79' lang='grc' dir='ltr'><strong>τῆν</strong></span> 
     </span>
     <span class='ocr_line' id='line_1_12' title="bbox 297 1941 1852 2028; baseline -0.003 -22"><span class='ocrx_word' id='word_1_117' title='bbox 297 1945 412 2028; x_wconf 80' lang='grc' dir='ltr'>ρθαρτῆν</span> <span class='ocrx_word' id='word_1_118' title='bbox 428 1945 627 2023; x_wconf 63' lang='grc' dir='ltr'>ἀποφανοῦμεν,</span> <span class='ocrx_word' id='word_1_119' title='bbox 641 1947 698 2003; x_wconf 79' lang='grc' dir='ltr'>ἀλλ’</span> <span class='ocrx_word' id='word_1_120' title='bbox 710 1949 755 2004; x_wconf 87' lang='grc' dir='ltr'><strong>οιέκ</strong></span> <span class='ocrx_word' id='word_1_121' title='bbox 771 1945 898 2004; x_wconf 81' lang='grc' dir='ltr'>ἀθάνατον</span> <span class='ocrx_word' id='word_1_122' title='bbox 914 1945 960 2015; x_wconf 76' lang='grc' dir='ltr'><strong>τῆν</strong></span> <span class='ocrx_word' id='word_1_123' title='bbox 973 1946 1069 2025; x_wconf 83' lang='grc' dir='ltr'>ψυχήν.</span> <span class='ocrx_word' id='word_1_124' title='bbox 1119 1941 1215 2002; x_wconf 76' lang='grc' dir='ltr'>οἰκείαν</span> <span class='ocrx_word' id='word_1_125' title='bbox 1231 1943 1307 2020; x_wconf 83' lang='grc' dir='ltr'>φύσιν</span> <span class='ocrx_word' id='word_1_126' title='bbox 1321 1945 1393 2003; x_wconf 90' lang='grc' dir='ltr'>κάτω</span> <span class='ocrx_word' id='word_1_127' title='bbox 1409 1945 1544 2024; x_wconf 81' lang='grc' dir='ltr'>βεάζεταε;</span> <span class='ocrx_word' id='word_1_128' title='bbox 1564 1945 1662 2022; x_wconf 70' lang='grc' dir='ltr'>ὁμοίως</span> <span class='ocrx_word' id='word_1_129' title='bbox 1676 1945 1702 2004; x_wconf 72' lang='lat' dir='ltr'><strong>dd</strong></span> <span class='ocrx_word' id='word_1_130' title='bbox 1713 1945 1753 2004; x_wconf 82' lang='grc' dir='ltr'><strong>καῖ</strong></span> <span class='ocrx_word' id='word_1_131' title='bbox 1764 1943 1788 2002; x_wconf 82' lang='lat' dir='ltr'><strong>ro</strong></span> <span class='ocrx_word' id='word_1_132' title='bbox 1800 1943 1852 2023; x_wconf 81' lang='grc' dir='ltr'>ρίου</span> 
     </span>
     <span class='ocr_line' id='line_1_13' title="bbox 298 2031 1854 2116; baseline -0.004 -21"><span class='ocrx_word' id='word_1_133' title='bbox 298 2039 331 2096; x_wconf 78' lang='lat' dir='ltr'><strong>Et</strong></span> <span class='ocrx_word' id='word_1_134' title='bbox 340 2034 391 2114; x_wconf 83' lang='grc' dir='ltr'>γῖιρ</span> <span class='ocrx_word' id='word_1_135' title='bbox 398 2039 475 2094; x_wconf 88' lang='grc' dir='ltr'>τοῦτο</span> <span class='ocrx_word' id='word_1_136' title='bbox 483 2035 657 2110; x_wconf 79' lang='grc' dir='ltr'>ὁμολογεῖται,</span> <span class='ocrx_word' id='word_1_137' title='bbox 670 2033 751 2110; x_wconf 73' lang='grc' dir='ltr'>μηδὲν</span> <span class='ocrx_word' id='word_1_138' title='bbox 765 2037 816 2092; x_wconf 84' lang='grc' dir='ltr'><strong>τῶν</strong></span> <span class='ocrx_word' id='word_1_139' title='bbox 826 2035 892 2114; x_wconf 80' lang='grc' dir='ltr'>ίντῆ</span> <span class='ocrx_word' id='word_1_140' title='bbox 904 2032 980 2116; x_wconf 84' lang='grc' dir='ltr'>ρόσεε</span> <span class='ocrx_word' id='word_1_141' title='bbox 991 2033 1071 2092; x_wconf 87' lang='grc' dir='ltr'>όντων</span> <span class='ocrx_word' id='word_1_142' title='bbox 1118 2033 1231 2109; x_wconf 78' lang='grc' dir='ltr'>κοῦρον,</span> <span class='ocrx_word' id='word_1_143' title='bbox 1247 2031 1316 2092; x_wconf 78' lang='grc' dir='ltr'>κατά</span> <span class='ocrx_word' id='word_1_144' title='bbox 1339 2031 1386 2099; x_wconf 82' lang='grc' dir='ltr'><strong>τθς</strong></span> <span class='ocrx_word' id='word_1_145' title='bbox 1400 2032 1490 2108; x_wconf 80' lang='grc' dir='ltr'>ὁμοίας</span> <span class='ocrx_word' id='word_1_146' title='bbox 1506 2031 1601 2101; x_wconf 79' lang='grc' dir='ltr'>ἔξωθεν</span> <span class='ocrx_word' id='word_1_147' title='bbox 1626 2033 1709 2101; x_wconf 88' lang='grc' dir='ltr'>α1τίας</span> <span class='ocrx_word' id='word_1_148' title='bbox 1722 2035 1784 2092; x_wconf 89' lang='grc' dir='ltr'>κάτω</span> <span class='ocrx_word' id='word_1_149' title='bbox 1801 2031 1854 2110; x_wconf 70' lang='lat' dir='ltr'><strong>pepl-</strong></span> 
     </span>
     <span class='ocr_line' id='line_1_14' title="bbox 297 2112 1853 2202; baseline -0.003 -19"><span class='ocrx_word' id='word_1_150' title='bbox 297 2125 358 2184; x_wconf 90' lang='grc' dir='ltr'>άνευ</span> <span class='ocrx_word' id='word_1_151' title='bbox 369 2127 412 2182; x_wconf 91' lang='grc' dir='ltr'><strong>τοῦ</strong></span> <span class='ocrx_word' id='word_1_152' title='bbox 425 2121 542 2182; x_wconf 72' lang='grc' dir='ltr'>ἐναντίου</span> <span class='ocrx_word' id='word_1_153' title='bbox 553 2112 631 2196; x_wconf 80' lang='grc' dir='ltr'>εἶναι,</span> <span class='ocrx_word' id='word_1_154' title='bbox 642 2121 676 2180; x_wconf 88' lang='grc' dir='ltr'><strong>τά</strong></span> <span class='ocrx_word' id='word_1_155' title='bbox 689 2144 717 2180; x_wconf 91' lang='grc' dir='ltr'><strong>τε</strong></span> <span class='ocrx_word' id='word_1_156' title='bbox 733 2124 760 2180; x_wconf 73' lang='grc' dir='ltr'><strong>ἐν</strong></span> <span class='ocrx_word' id='word_1_157' title='bbox 774 2123 811 2201; x_wconf 77' lang='grc' dir='ltr'><strong>τῷ</strong></span> <span class='ocrx_word' id='word_1_158' title='bbox 823 2121 913 2202; x_wconf 77' lang='grc' dir='ltr'>κόσμῳ</span> <span class='ocrx_word' id='word_1_159' title='bbox 926 2126 955 2182; x_wconf 83' lang='grc' dir='ltr'><strong>έκ</strong></span> <span class='ocrx_word' id='word_1_160' title='bbox 964 2127 1010 2192; x_wconf 86' lang='grc' dir='ltr'><strong>τῆς</strong></span> <span class='ocrx_word' id='word_1_161' title='bbox 1021 2127 1073 2181; x_wconf 88' lang='grc' dir='ltr'><strong>τῶν</strong></span> <span class='ocrx_word' id='word_1_162' title='bbox 1119 2140 1210 2194; x_wconf 88' lang='grc' dir='ltr'>μενον,</span> <span class='ocrx_word' id='word_1_163' title='bbox 1226 2121 1261 2187; x_wconf 80' lang='grc' dir='ltr'><strong>ὣς</strong></span> <span class='ocrx_word' id='word_1_164' title='bbox 1276 2121 1339 2180; x_wconf 77' lang='grc' dir='ltr'>αὐτὸ</span> <span class='ocrx_word' id='word_1_165' title='bbox 1352 2121 1449 2199; x_wconf 82' lang='grc' dir='ltr'>ὁμοίως</span> <span class='ocrx_word' id='word_1_166' title='bbox 1467 2121 1511 2180; x_wconf 80' lang='grc' dir='ltr'>ἐπὶ</span> <span class='ocrx_word' id='word_1_167' title='bbox 1525 2121 1562 2179; x_wconf 78' lang='grc' dir='ltr'><strong>τά</strong></span> <span class='ocrx_word' id='word_1_168' title='bbox 1577 2121 1631 2180; x_wconf 86' lang='grc' dir='ltr'><strong>άνω</strong></span> <span class='ocrx_word' id='word_1_169' title='bbox 1645 2121 1765 2200; x_wconf 77' lang='grc' dir='ltr'>βεάζεταις</span> <span class='ocrx_word' id='word_1_170' title='bbox 1778 2115 1853 2194; x_wconf 78' lang='grc' dir='ltr'>Τῖγθρ</span> 
     </span>
     <span class='ocr_line' id='line_1_15' title="bbox 297 2204 1852 2291; baseline -0.006 -18"><span class='ocrx_word' id='word_1_171' title='bbox 297 2209 530 2291; x_wconf 79' lang='grc' dir='ltr'>έναντίωνρόσεως</span> <span class='ocrx_word' id='word_1_172' title='bbox 544 2208 594 2268; x_wconf 78' lang='grc' dir='ltr'>ὑπὸ</span> <span class='ocrx_word' id='word_1_173' title='bbox 607 2214 663 2268; x_wconf 92' lang='grc' dir='ltr'>θεοῦ</span> <span class='ocrx_word' id='word_1_174' title='bbox 676 2213 870 2286; x_wconf 85' lang='grc' dir='ltr'>κεκοσμῆσθαι,</span> <span class='ocrx_word' id='word_1_175' title='bbox 905 2209 971 2268; x_wconf 87' lang='grc' dir='ltr'>ιλίαν</span> <span class='ocrx_word' id='word_1_176' title='bbox 984 2211 1072 2277; x_wconf 78' lang='grc' dir='ltr'>αὐτοῖς</span> <span class='ocrx_word' id='word_1_177' title='bbox 1118 2206 1148 2262; x_wconf 70' lang='lat' dir='ltr'><strong>lx</strong></span> <span class='ocrx_word' id='word_1_178' title='bbox 1173 2204 1218 2264; x_wconf 83' lang='grc' dir='ltr'>δόο</span> <span class='ocrx_word' id='word_1_179' title='bbox 1239 2211 1315 2266; x_wconf 80' lang='grc' dir='ltr'>τινῶν</span> <span class='ocrx_word' id='word_1_180' title='bbox 1339 2208 1461 2280; x_wconf 82' lang='grc' dir='ltr'>οῖλλῆλοις</span> <span class='ocrx_word' id='word_1_181' title='bbox 1486 2209 1612 2268; x_wconf 74' lang='grc' dir='ltr'>ἐναντίοιν</span> <span class='ocrx_word' id='word_1_182' title='bbox 1636 2213 1670 2276; x_wconf 81' lang='grc' dir='ltr'><strong>εἰς</strong></span> <span class='ocrx_word' id='word_1_183' title='bbox 1694 2209 1774 2267; x_wconf 80' lang='grc' dir='ltr'>παθεῖν</span> <span class='ocrx_word' id='word_1_184' title='bbox 1798 2228 1852 2264; x_wconf 85' lang='grc' dir='ltr'>συνε-</span> 
     </span>
     <span class='ocr_line' id='line_1_16' title="bbox 296 2235 1853 2378; baseline -0.006 -19"><span class='ocrx_word' id='word_1_185' title='bbox 296 2301 341 2359; x_wconf 84' lang='grc' dir='ltr'><strong>καῖ</strong></span> <span class='ocrx_word' id='word_1_186' title='bbox 364 2297 499 2359; x_wconf 85' lang='grc' dir='ltr'>κοινωνίαν</span> <span class='ocrx_word' id='word_1_187' title='bbox 526 2297 715 2376; x_wconf 75' lang='grc' dir='ltr'>ἐμποιήσαντος</span> <span class='ocrx_word' id='word_1_188' title='bbox 745 2299 841 2372; x_wconf 82' lang='grc' dir='ltr'>αὐτοῦ,</span> <span class='ocrx_word' id='word_1_189' title='bbox 869 2235 922 2358; x_wconf 67' lang='grc' dir='ltr'>οῖον</span> <span class='ocrx_word' id='word_1_190' title='bbox 945 2302 982 2378; x_wconf 79' lang='grc' dir='ltr'><strong>τῷ</strong></span> <span class='ocrx_word' id='word_1_191' title='bbox 1003 2297 1072 2377; x_wconf 78' lang='grc' dir='ltr'>ξηρῷ</span> <span class='ocrx_word' id='word_1_192' title='bbox 1118 2292 1231 2372; x_wconf 85' lang='grc' dir='ltr'>χθέντα,</span> <span class='ocrx_word' id='word_1_193' title='bbox 1254 2295 1379 2355; x_wconf 86' lang='grc' dir='ltr'>οῖδόνατον</span> <span class='ocrx_word' id='word_1_194' title='bbox 1399 2297 1426 2354; x_wconf 79' lang='grc' dir='ltr'><strong>ἐν</strong></span> <span class='ocrx_word' id='word_1_195' title='bbox 1439 2299 1478 2376; x_wconf 76' lang='grc' dir='ltr'><strong>τῷ</strong></span> <span class='ocrx_word' id='word_1_196' title='bbox 1492 2299 1568 2376; x_wconf 79' lang='grc' dir='ltr'>αὐτῷ</span> <span class='ocrx_word' id='word_1_197' title='bbox 1583 2295 1623 2356; x_wconf 74' lang='lat' dir='ltr'><strong>sel</strong></span> <span class='ocrx_word' id='word_1_198' title='bbox 1640 2287 1718 2370; x_wconf 79' lang='grc' dir='ltr'>εἶναι,</span> <span class='ocrx_word' id='word_1_199' title='bbox 1739 2295 1771 2372; x_wconf 81' lang='grc' dir='ltr'>μὴ</span> <span class='ocrx_word' id='word_1_200' title='bbox 1790 2291 1853 2370; x_wconf 87' lang='grc' dir='ltr'>τρίτον</span> 
     </span>
     <span class='ocr_line' id='line_1_17' title="bbox 213 2377 1853 2472; baseline -0.009 -21"><span class='ocrx_word' id='word_1_201' title='bbox 213 2463 218 2468; x_wconf 30' lang='lat'>¹</span> <span class='ocrx_word' id='word_1_202' title='bbox 296 2388 360 2472; x_wconf 82' lang='grc' dir='ltr'>πρὸς</span> <span class='ocrx_word' id='word_1_203' title='bbox 374 2389 403 2448; x_wconf 76' lang='grc' dir='ltr'><strong>τὸ</strong></span> <span class='ocrx_word' id='word_1_204' title='bbox 423 2387 511 2467; x_wconf 79' lang='grc' dir='ltr'>ὑγράν,</span> <span class='ocrx_word' id='word_1_205' title='bbox 527 2388 572 2447; x_wconf 82' lang='grc' dir='ltr'><strong>καὶ</strong></span> <span class='ocrx_word' id='word_1_206' title='bbox 587 2389 625 2467; x_wconf 81' lang='grc' dir='ltr'><strong>τῷ</strong></span> <span class='ocrx_word' id='word_1_207' title='bbox 639 2387 727 2467; x_wconf 80' lang='grc' dir='ltr'>θερμῷ</span> <span class='ocrx_word' id='word_1_208' title='bbox 742 2384 806 2464; x_wconf 78' lang='grc' dir='ltr'>πρὸς</span> <span class='ocrx_word' id='word_1_209' title='bbox 819 2385 849 2445; x_wconf 80' lang='grc' dir='ltr'><strong>τό</strong></span> <span class='ocrx_word' id='word_1_210' title='bbox 869 2385 978 2467; x_wconf 76' lang='grc' dir='ltr'>ψυχρόν,</span> <span class='ocrx_word' id='word_1_211' title='bbox 993 2389 1031 2464; x_wconf 81' lang='grc' dir='ltr'><strong>τῷ</strong></span> <span class='ocrx_word' id='word_1_212' title='bbox 1044 2408 1073 2444; x_wconf 86' lang='grc' dir='ltr'><strong>τε</strong></span> <span class='ocrx_word' id='word_1_213' title='bbox 1118 2379 1185 2447; x_wconf 74' lang='grc' dir='ltr'>τινὸς</span> <span class='ocrx_word' id='word_1_214' title='bbox 1199 2387 1244 2454; x_wconf 90' lang='grc' dir='ltr'><strong>τῆς</strong></span> <span class='ocrx_word' id='word_1_215' title='bbox 1260 2385 1311 2442; x_wconf 82' lang='grc' dir='ltr'><strong>τῶν</strong></span> <span class='ocrx_word' id='word_1_216' title='bbox 1327 2383 1407 2442; x_wconf 89' lang='grc' dir='ltr'>όντων</span> <span class='ocrx_word' id='word_1_217' title='bbox 1422 2385 1511 2450; x_wconf 81' lang='grc' dir='ltr'>οὐσίας</span> <span class='ocrx_word' id='word_1_218' title='bbox 1525 2383 1570 2444; x_wconf 75' lang='grc' dir='ltr'>ἀεὶ</span> <span class='ocrx_word' id='word_1_219' title='bbox 1590 2383 1686 2450; x_wconf 83' lang='grc' dir='ltr'>ἐνόντος</span> <span class='ocrx_word' id='word_1_220' title='bbox 1702 2377 1853 2446; x_wconf 73' lang='grc' dir='ltr'>αὐτοῖς’λλλῖ</span> 
     </span>
     <span class='ocr_line' id='line_1_18' title="bbox 297 2463 1852 2556; baseline -0.008 -22"><span class='ocrx_word' id='word_1_221' title='bbox 297 2481 372 2556; x_wconf 86' lang='grc' dir='ltr'>βαρεῖ</span> <span class='ocrx_word' id='word_1_222' title='bbox 400 2474 465 2554; x_wconf 80' lang='grc' dir='ltr'>πρός</span> <span class='ocrx_word' id='word_1_223' title='bbox 489 2473 519 2534; x_wconf 74' lang='grc' dir='ltr'><strong>τὸ</strong></span> <span class='ocrx_word' id='word_1_224' title='bbox 542 2479 653 2555; x_wconf 82' lang='grc' dir='ltr'>κοῦρον,</span> <span class='ocrx_word' id='word_1_225' title='bbox 672 2475 756 2555; x_wconf 78' lang='grc' dir='ltr'>λευκῷ</span> <span class='ocrx_word' id='word_1_226' title='bbox 783 2496 811 2532; x_wconf 88' lang='grc' dir='ltr'><strong>τε</strong></span> <span class='ocrx_word' id='word_1_227' title='bbox 833 2477 896 2552; x_wconf 85' lang='grc' dir='ltr'>πρὸς</span> <span class='ocrx_word' id='word_1_228' title='bbox 919 2471 949 2532; x_wconf 75' lang='lat' dir='ltr'><strong>rb</strong></span> <span class='ocrx_word' id='word_1_229' title='bbox 977 2473 1073 2550; x_wconf 87' lang='grc' dir='ltr'>μέλαν,</span> <span class='ocrx_word' id='word_1_230' title='bbox 1118 2475 1168 2554; x_wconf 77' lang='grc' dir='ltr'><strong>γάρ</strong></span> <span class='ocrx_word' id='word_1_231' title='bbox 1182 2473 1228 2532; x_wconf 87' lang='grc' dir='ltr'>οὐκ</span> <span class='ocrx_word' id='word_1_232' title='bbox 1243 2471 1298 2530; x_wconf 87' lang='grc' dir='ltr'>έατε</span> <span class='ocrx_word' id='word_1_233' title='bbox 1313 2470 1385 2551; x_wconf 80' lang='grc' dir='ltr'>ψυχὴ</span> <span class='ocrx_word' id='word_1_234' title='bbox 1399 2472 1484 2552; x_wconf 89' lang='grc' dir='ltr'>τρίτον</span> <span class='ocrx_word' id='word_1_235' title='bbox 1500 2495 1525 2530; x_wconf 92' lang='grc' dir='ltr'><strong>τε</strong></span> <span class='ocrx_word' id='word_1_236' title='bbox 1548 2482 1657 2552; x_wconf 75' lang='grc' dir='ltr'>πρᾶγμα</span> <span class='ocrx_word' id='word_1_237' title='bbox 1671 2474 1698 2530; x_wconf 80' lang='grc' dir='ltr'><strong>ίκ</strong></span> <span class='ocrx_word' id='word_1_238' title='bbox 1711 2463 1852 2529; x_wconf 66' lang='lat' dir='ltr'><strong>liettoldo</strong></span> 
     </span>
     <span class='ocr_line' id='line_1_19' title="bbox 297 2553 1853 2642; baseline -0.004 -20"><span class='ocrx_word' id='word_1_239' title='bbox 297 2566 388 2642; x_wconf 85' lang='grc' dir='ltr'>γλυκεῖ</span> <span class='ocrx_word' id='word_1_240' title='bbox 411 2587 439 2622; x_wconf 89' lang='grc' dir='ltr'><strong>τε</strong></span> <span class='ocrx_word' id='word_1_241' title='bbox 453 2563 517 2640; x_wconf 85' lang='grc' dir='ltr'>πρὸς</span> <span class='ocrx_word' id='word_1_242' title='bbox 541 2561 571 2621; x_wconf 80' lang='grc' dir='ltr'><strong>τὸ</strong></span> <span class='ocrx_word' id='word_1_243' title='bbox 584 2563 690 2642; x_wconf 90' lang='grc' dir='ltr'>πικρόν,</span> <span class='ocrx_word' id='word_1_244' title='bbox 716 2565 822 2642; x_wconf 83' lang='grc' dir='ltr'>σκληρῷ</span> <span class='ocrx_word' id='word_1_245' title='bbox 838 2585 865 2621; x_wconf 89' lang='grc' dir='ltr'><strong>τε</strong></span> <span class='ocrx_word' id='word_1_246' title='bbox 882 2561 947 2642; x_wconf 72' lang='grc' dir='ltr'>πρὸς</span> <span class='ocrx_word' id='word_1_247' title='bbox 966 2559 997 2621; x_wconf 77' lang='grc' dir='ltr'><strong>τό</strong></span> <span class='ocrx_word' id='word_1_248' title='bbox 1016 2585 1071 2638; x_wconf 89' lang='grc' dir='ltr'><strong>μα·</strong></span> <span class='ocrx_word' id='word_1_249' title='bbox 1119 2559 1242 2632; x_wconf 78' lang='grc' dir='ltr'>ἀλλήλοις</span> <span class='ocrx_word' id='word_1_250' title='bbox 1264 2558 1403 2637; x_wconf 84' lang='grc' dir='ltr'>σύνθετον,</span> <span class='ocrx_word' id='word_1_251' title='bbox 1428 2562 1527 2620; x_wconf 79' lang='grc' dir='ltr'>όπλοῦν</span> <span class='ocrx_word' id='word_1_252' title='bbox 1551 2560 1579 2619; x_wconf 74' lang='grc' dir='ltr'><strong>δὲ</strong></span> <span class='ocrx_word' id='word_1_253' title='bbox 1602 2560 1647 2619; x_wconf 82' lang='grc' dir='ltr'><strong>καὶ</strong></span> <span class='ocrx_word' id='word_1_254' title='bbox 1672 2560 1788 2638; x_wconf 82' lang='grc' dir='ltr'>τῇαίιτοῦ</span> <span class='ocrx_word' id='word_1_255' title='bbox 1801 2553 1853 2635; x_wconf 71' lang='grc' dir='ltr'>φύσει</span> 
     </span>
     <span class='ocr_line' id='line_1_20' title="bbox 298 2643 1852 2731; baseline -0.006 -21"><span class='ocrx_word' id='word_1_256' title='bbox 298 2651 461 2731; x_wconf 80' lang='grc' dir='ltr'>λακόν·,τῇ</span> <span class='ocrx_word' id='word_1_257' title='bbox 484 2673 512 2708; x_wconf 87' lang='grc' dir='ltr'><strong>τε</strong></span> <span class='ocrx_word' id='word_1_258' title='bbox 531 2652 626 2708; x_wconf 79' lang='grc' dir='ltr'>ἀπαθεῖ</span> <span class='ocrx_word' id='word_1_259' title='bbox 646 2649 721 2726; x_wconf 72' lang='grc' dir='ltr'>οὐσίᾳ</span> <span class='ocrx_word' id='word_1_260' title='bbox 735 2647 800 2728; x_wconf 68' lang='lat' dir='ltr'><strong>epte</strong></span> <span class='ocrx_word' id='word_1_261' title='bbox 815 2645 861 2719; x_wconf 81' lang='grc' dir='ltr'><strong>τῆν</strong></span> <span class='ocrx_word' id='word_1_262' title='bbox 876 2647 1015 2724; x_wconf 81' lang='grc' dir='ltr'>παθητῆν,</span> <span class='ocrx_word' id='word_1_263' title='bbox 1027 2651 1072 2708; x_wconf 83' lang='grc' dir='ltr'><strong>καῖ</strong></span> <span class='ocrx_word' id='word_1_264' title='bbox 1120 2647 1218 2714; x_wconf 73' lang='grc' dir='ltr'>ἀπαθές</span> <span class='ocrx_word' id='word_1_265' title='bbox 1243 2647 1289 2706; x_wconf 80' lang='grc' dir='ltr'><strong>καὶ</strong></span> <span class='ocrx_word' id='word_1_266' title='bbox 1312 2647 1463 2726; x_wconf 75' lang='grc' dir='ltr'>ἀσώματον.</span> <span class='ocrx_word' id='word_1_267' title='bbox 1489 2646 1573 2710; x_wconf 85' lang='grc' dir='ltr'>Ὅθεν</span> <span class='ocrx_word' id='word_1_268' title='bbox 1597 2649 1704 2709; x_wconf 88' lang='grc' dir='ltr'>Πλάτων</span> <span class='ocrx_word' id='word_1_269' title='bbox 1723 2646 1762 2706; x_wconf 84' lang='grc' dir='ltr'><strong>καῖ</strong></span> <span class='ocrx_word' id='word_1_270' title='bbox 1775 2647 1793 2702; x_wconf 81' lang='lat' dir='ltr'><strong>ol</strong></span> <span class='ocrx_word' id='word_1_271' title='bbox 1813 2643 1852 2718; x_wconf 85' lang='grc' dir='ltr'>μετ’</span> 
     </span>
     <span class='ocr_line' id='line_1_21' title="bbox 297 2728 1847 2818; baseline -0.004 -20"><span class='ocrx_word' id='word_1_272' title='bbox 297 2747 364 2800; x_wconf 74' lang='grc' dir='ltr'>πᾶσι</span> <span class='ocrx_word' id='word_1_273' title='bbox 387 2741 440 2804; x_wconf 85' lang='grc' dir='ltr'>τοῖς</span> <span class='ocrx_word' id='word_1_274' title='bbox 454 2737 577 2804; x_wconf 85' lang='grc' dir='ltr'>τοιούτοις</span> <span class='ocrx_word' id='word_1_275' title='bbox 603 2737 665 2809; x_wconf 88' lang='grc' dir='ltr'>μίαν</span> <span class='ocrx_word' id='word_1_276' title='bbox 690 2735 772 2808; x_wconf 83' lang='grc' dir='ltr'>άλλην</span> <span class='ocrx_word' id='word_1_277' title='bbox 793 2735 899 2796; x_wconf 85' lang='grc' dir='ltr'>πάντων</span> <span class='ocrx_word' id='word_1_278' title='bbox 925 2735 1072 2796; x_wconf 84' lang='grc' dir='ltr'>κοινωνίαν·</span> <span class='ocrx_word' id='word_1_279' title='bbox 1119 2741 1195 2798; x_wconf 80' lang='grc' dir='ltr'>αὐτοῦ</span> <span class='ocrx_word' id='word_1_280' title='bbox 1219 2736 1347 2796; x_wconf 78' lang='grc' dir='ltr'>ἀθάνατον</span> <span class='ocrx_word' id='word_1_281' title='bbox 1369 2736 1449 2808; x_wconf 78' lang='grc' dir='ltr'>αὐτὴν</span> <span class='ocrx_word' id='word_1_282' title='bbox 1465 2737 1567 2818; x_wconf 79' lang='grc' dir='ltr'>έρασαν</span> <span class='ocrx_word' id='word_1_283' title='bbox 1587 2728 1662 2798; x_wconf 83' lang='grc' dir='ltr'>εῖναι.</span> <span class='ocrx_word' id='word_1_284' title='bbox 1673 2734 1774 2804; x_wconf 78' lang='grc' dir='ltr'>Ἐπειδὴ</span> <span class='ocrx_word' id='word_1_285' title='bbox 1786 2731 1806 2790; x_wconf 79' lang='grc' dir='ltr'><strong>δὲ</strong></span> <span class='ocrx_word' id='word_1_286' title='bbox 1818 2731 1847 2785; x_wconf 66' lang='lat' dir='ltr'><strong>tlt</strong></span> 
     </span>
     <span class='ocr_line' id='line_1_22' title="bbox 296 2821 1848 2906; baseline -0.004 -20"><span class='ocrx_word' id='word_1_287' title='bbox 296 2828 330 2886; x_wconf 75' lang='grc' dir='ltr'><strong>τὰ</strong></span> <span class='ocrx_word' id='word_1_288' title='bbox 357 2827 384 2886; x_wconf 80' lang='grc' dir='ltr'><strong>δὲ</strong></span> <span class='ocrx_word' id='word_1_289' title='bbox 410 2825 538 2904; x_wconf 82' lang='grc' dir='ltr'>κραθέντα</span> <span class='ocrx_word' id='word_1_290' title='bbox 564 2824 609 2883; x_wconf 83' lang='grc' dir='ltr'><strong>καῖ</strong></span> <span class='ocrx_word' id='word_1_291' title='bbox 631 2823 773 2903; x_wconf 89' lang='grc' dir='ltr'>μιχθέντα,</span> <span class='ocrx_word' id='word_1_292' title='bbox 795 2823 930 2905; x_wconf 80' lang='grc' dir='ltr'>χωρισμὸν</span> <span class='ocrx_word' id='word_1_293' title='bbox 953 2823 996 2882; x_wconf 85' lang='grc' dir='ltr'><strong>τὸν</strong></span> <span class='ocrx_word' id='word_1_294' title='bbox 1025 2825 1071 2882; x_wconf 77' lang='grc' dir='ltr'>ἀπ’</span> <span class='ocrx_word' id='word_1_295' title='bbox 1118 2825 1252 2906; x_wconf 84' lang='grc' dir='ltr'>άνθρωπον</span> <span class='ocrx_word' id='word_1_296' title='bbox 1269 2827 1299 2884; x_wconf 75' lang='lat' dir='ltr'><strong>tn</strong></span> <span class='ocrx_word' id='word_1_297' title='bbox 1314 2829 1400 2906; x_wconf 86' lang='grc' dir='ltr'>ψυχῆς</span> <span class='ocrx_word' id='word_1_298' title='bbox 1413 2826 1458 2886; x_wconf 79' lang='grc' dir='ltr'><strong>καῖ</strong></span> <span class='ocrx_word' id='word_1_299' title='bbox 1471 2827 1597 2904; x_wconf 86' lang='grc' dir='ltr'>σώματος</span> <span class='ocrx_word' id='word_1_300' title='bbox 1611 2824 1691 2894; x_wconf 87' lang='grc' dir='ltr'>κοινός</span> <span class='ocrx_word' id='word_1_301' title='bbox 1705 2827 1753 2884; x_wconf 79' lang='lat' dir='ltr'><strong>ten</strong></span> <span class='ocrx_word' id='word_1_302' title='bbox 1772 2821 1848 2880; x_wconf 73' lang='grc' dir='ltr'>πόντον</span> 
     </span>
     <span class='ocr_line' id='line_1_23' title="bbox 297 2910 1851 2993; baseline -0.002 -23"><span class='ocrx_word' id='word_1_303' title='bbox 297 2913 417 2984; x_wconf 79' lang='grc' dir='ltr'>ἀλλήλοιν</span> <span class='ocrx_word' id='word_1_304' title='bbox 443 2916 470 2972; x_wconf 82' lang='grc' dir='ltr'><strong>ἐν</strong></span> <span class='ocrx_word' id='word_1_305' title='bbox 490 2913 576 2993; x_wconf 78' lang='grc' dir='ltr'>χρόνῳ</span> <span class='ocrx_word' id='word_1_306' title='bbox 590 2917 666 2991; x_wconf 73' lang='grc' dir='ltr'>φύσει</span> <span class='ocrx_word' id='word_1_307' title='bbox 689 2912 849 2992; x_wconf 79' lang='grc' dir='ltr'>ἐπιδέχεται·</span> <span class='ocrx_word' id='word_1_308' title='bbox 870 2918 886 2985; x_wconf 81' lang='grc' dir='ltr'>ἡ</span> <span class='ocrx_word' id='word_1_309' title='bbox 907 2911 935 2972; x_wconf 77' lang='grc' dir='ltr'><strong>δέ</strong></span> <span class='ocrx_word' id='word_1_310' title='bbox 956 2910 1027 2993; x_wconf 83' lang='grc' dir='ltr'>ψυχῆ</span> <span class='ocrx_word' id='word_1_311' title='bbox 1043 2911 1069 2982; x_wconf 75' lang='grc' dir='ltr'><strong>ἐξ</strong></span> <span class='ocrx_word' id='word_1_312' title='bbox 1117 2911 1192 2991; x_wconf 88' lang='grc' dir='ltr'>λόγος</span> <span class='ocrx_word' id='word_1_313' title='bbox 1206 2913 1355 2990; x_wconf 85' lang='grc' dir='ltr'>γεγονέναι,</span> <span class='ocrx_word' id='word_1_314' title='bbox 1379 2913 1411 2972; x_wconf 84' lang='grc' dir='ltr'><strong>τῖι</strong></span> <span class='ocrx_word' id='word_1_315' title='bbox 1430 2915 1454 2974; x_wconf 87' lang='grc' dir='ltr'><strong>δ’</strong></span> <span class='ocrx_word' id='word_1_316' title='bbox 1475 2917 1501 2974; x_wconf 81' lang='grc' dir='ltr'><strong>ῖν</strong></span> <span class='ocrx_word' id='word_1_317' title='bbox 1526 2917 1593 2988; x_wconf 82' lang='grc' dir='ltr'>ἡμῖν</span> <span class='ocrx_word' id='word_1_318' title='bbox 1609 2913 1851 2989; x_wconf 65' lang='lat' dir='ltr'><strong>dorostorensem</strong></span> 
     </span>
    </p>
   </div>
   <div class='ocr_carea' id='block_1_5' title="bbox 296 3071 1851 5264">
    <p class='ocr_par' dir='ltr' id='par_1_5' title="bbox 296 3071 1851 5264">
     <span class='ocr_line' id='line_1_24' title="bbox 328 3071 1851 3146; baseline -0.003 -16"><span class='ocrx_word' id='word_1_319' title='bbox 328 3083 383 3130; x_wconf 86' lang='lat' dir='ltr'><strong>Jam</strong></span> <span class='ocrx_word' id='word_1_320' title='bbox 396 3093 470 3141; x_wconf 81' lang='lat' dir='ltr'><strong>reno,</strong></span> <span class='ocrx_word' id='word_1_321' title='bbox 484 3079 564 3142; x_wconf 88' lang='lat' dir='ltr'><strong>inquit</strong></span> <span class='ocrx_word' id='word_1_322' title='bbox 578 3081 697 3140; x_wconf 81' lang='lat' dir='ltr'><strong>severus,</strong></span> <span class='ocrx_word' id='word_1_323' title='bbox 712 3079 743 3130; x_wconf 86' lang='lat' dir='ltr'><strong>de</strong></span> <span class='ocrx_word' id='word_1_324' title='bbox 755 3079 834 3129; x_wconf 78' lang='lat' dir='ltr'><strong>animo</strong></span> <span class='ocrx_word' id='word_1_325' title='bbox 847 3078 900 3140; x_wconf 89' lang='lat' dir='ltr'><strong>illo,</strong></span> <span class='ocrx_word' id='word_1_326' title='bbox 918 3093 991 3142; x_wconf 91' lang='lat' dir='ltr'><strong>quem</strong></span> <span class='ocrx_word' id='word_1_327' title='bbox 1004 3079 1074 3130; x_wconf 82' lang='lat' dir='ltr'><strong>odeo</strong></span> <span class='ocrx_word' id='word_1_328' title='bbox 1120 3083 1216 3132; x_wconf 78' lang='grc' dir='ltr'>ποῖαι-ια</span> <span class='ocrx_word' id='word_1_329' title='bbox 1229 3095 1281 3132; x_wconf 83' lang='lat' dir='ltr'><strong>sura</strong></span> <span class='ocrx_word' id='word_1_330' title='bbox 1297 3083 1388 3132; x_wconf 86' lang='lat' dir='ltr'><strong>statum</strong></span> <span class='ocrx_word' id='word_1_331' title='bbox 1406 3084 1602 3146; x_wconf 73' lang='lat' dir='ltr'>properantibus.</span> <span class='ocrx_word' id='word_1_332' title='bbox 1634 3087 1713 3134; x_wconf 78' lang='lat' dir='ltr'><strong>bonne</strong></span> <span class='ocrx_word' id='word_1_333' title='bbox 1730 3079 1821 3129; x_wconf 87' lang='lat' dir='ltr'><strong>ridemus</strong></span> <span class='ocrx_word' id='word_1_334' title='bbox 1835 3071 1851 3121; x_wconf 83' lang='lat' dir='ltr'><strong>id</strong></span> 
     </span>
     <span class='ocr_line' id='line_1_25' title="bbox 297 3161 1851 3235; baseline -0.005 -17"><span class='ocrx_word' id='word_1_335' title='bbox 297 3167 389 3232; x_wconf 78' lang='lat' dir='ltr'><strong>duplici</strong></span> <span class='ocrx_word' id='word_1_336' title='bbox 404 3181 433 3218; x_wconf 85' lang='grc' dir='ltr'><strong>εκ</strong></span> <span class='ocrx_word' id='word_1_337' title='bbox 448 3169 534 3231; x_wconf 86' lang='lat' dir='ltr'><strong>perte,</strong></span> <span class='ocrx_word' id='word_1_338' title='bbox 556 3167 633 3218; x_wconf 79' lang='lat' dir='ltr'><strong>ultera</strong></span> <span class='ocrx_word' id='word_1_339' title='bbox 645 3167 800 3232; x_wconf 71' lang='lat' dir='ltr'><strong>imponente,</strong></span> <span class='ocrx_word' id='word_1_340' title='bbox 816 3166 893 3217; x_wconf 85' lang='lat' dir='ltr'><strong>alters</strong></span> <span class='ocrx_word' id='word_1_341' title='bbox 912 3167 1006 3232; x_wconf 75' lang='lat' dir='ltr'><strong>patibili</strong></span> <span class='ocrx_word' id='word_1_342' title='bbox 1017 3181 1074 3218; x_wconf 84' lang='lat' dir='ltr'><strong>mu·</strong></span> <span class='ocrx_word' id='word_1_343' title='bbox 1118 3169 1184 3234; x_wconf 90' lang='lat' dir='ltr'><strong>quod</strong></span> <span class='ocrx_word' id='word_1_344' title='bbox 1204 3171 1292 3233; x_wconf 79' lang='lat' dir='ltr'><strong>suopte</strong></span> <span class='ocrx_word' id='word_1_345' title='bbox 1312 3173 1401 3221; x_wconf 82' lang='lat' dir='ltr'><strong>nstnre</strong></span> <span class='ocrx_word' id='word_1_346' title='bbox 1416 3183 1490 3235; x_wconf 78' lang='lat' dir='ltr'><strong>grave</strong></span> <span class='ocrx_word' id='word_1_347' title='bbox 1507 3169 1558 3234; x_wconf 86' lang='lat' dir='ltr'><strong>sit,</strong></span> <span class='ocrx_word' id='word_1_348' title='bbox 1577 3171 1663 3222; x_wconf 84' lang='lat' dir='ltr'><strong>lieete</strong></span> <span class='ocrx_word' id='word_1_349' title='bbox 1683 3169 1757 3228; x_wconf 87' lang='lat' dir='ltr'><strong>nobis,</strong></span> <span class='ocrx_word' id='word_1_350' title='bbox 1773 3167 1807 3214; x_wconf 86' lang='lat' dir='ltr'><strong>aut</strong></span> <span class='ocrx_word' id='word_1_351' title='bbox 1819 3161 1851 3211; x_wconf 82' lang='lat' dir='ltr'><strong>dir</strong></span> 
     </span>
     <span class='ocr_line' id='line_1_26' title="bbox 297 3253 1850 3324; baseline 0.001 -18"><span class='ocrx_word' id='word_1_352' title='bbox 297 3257 397 3315; x_wconf 83' lang='lat' dir='ltr'><strong>detrun,</strong></span> <span class='ocrx_word' id='word_1_353' title='bbox 419 3255 489 3319; x_wconf 88' lang='lat' dir='ltr'><strong>quasi</strong></span> <span class='ocrx_word' id='word_1_354' title='bbox 507 3255 613 3304; x_wconf 90' lang='lat' dir='ltr'><strong>mediam</strong></span> <span class='ocrx_word' id='word_1_355' title='bbox 628 3254 751 3320; x_wconf 85' lang='lat' dir='ltr'><strong>quendem</strong></span> <span class='ocrx_word' id='word_1_356' title='bbox 763 3267 792 3306; x_wconf 83' lang='lat' dir='ltr'><strong>er</strong></span> <span class='ocrx_word' id='word_1_357' title='bbox 806 3253 863 3306; x_wconf 81' lang='lat' dir='ltr'><strong>elbo</strong></span> <span class='ocrx_word' id='word_1_358' title='bbox 879 3255 996 3320; x_wconf 79' lang='lat' dir='ltr'><strong>nigroque</strong></span> <span class='ocrx_word' id='word_1_359' title='bbox 1008 3256 1074 3306; x_wconf 89' lang='lat' dir='ltr'><strong>oolo-</strong></span> <span class='ocrx_word' id='word_1_360' title='bbox 1120 3257 1210 3322; x_wconf 86' lang='lat' dir='ltr'><strong>queris</strong></span> <span class='ocrx_word' id='word_1_361' title='bbox 1232 3258 1385 3310; x_wconf 77' lang='lat' dir='ltr'><strong>extrinsecus</strong></span> <span class='ocrx_word' id='word_1_362' title='bbox 1406 3263 1508 3324; x_wconf 81' lang='lat' dir='ltr'><strong>scoepte</strong></span> <span class='ocrx_word' id='word_1_363' title='bbox 1529 3261 1634 3312; x_wconf 82' lang='lat' dir='ltr'><strong>naturali</strong></span> <span class='ocrx_word' id='word_1_364' title='bbox 1657 3259 1759 3319; x_wconf 76' lang='lat' dir='ltr'><strong>levitate,</strong></span> <span class='ocrx_word' id='word_1_365' title='bbox 1782 3264 1850 3303; x_wconf 74' lang='lat' dir='ltr'><strong>sursum</strong></span> 
     </span>
     <span class='ocr_line' id='line_1_27' title="bbox 297 3340 1850 3410; baseline 0 -16"><span class='ocrx_word' id='word_1_366' title='bbox 297 3359 348 3394; x_wconf 89' lang='lat' dir='ltr'><strong>rem</strong></span> <span class='ocrx_word' id='word_1_367' title='bbox 361 3343 449 3395; x_wconf 86' lang='lat' dir='ltr'><strong>statuit</strong></span> <span class='ocrx_word' id='word_1_368' title='bbox 469 3343 554 3404; x_wconf 82' lang='lat' dir='ltr'><strong>Plelo,</strong></span> <span class='ocrx_word' id='word_1_369' title='bbox 569 3343 622 3393; x_wconf 81' lang='lat' dir='ltr'><strong>luno</strong></span> <span class='ocrx_word' id='word_1_370' title='bbox 642 3342 713 3394; x_wconf 88' lang='lat' dir='ltr'><strong>noble</strong></span> <span class='ocrx_word' id='word_1_371' title='bbox 732 3343 758 3394; x_wconf 92' lang='lat' dir='ltr'><strong>iu</strong></span> <span class='ocrx_word' id='word_1_372' title='bbox 777 3343 907 3410; x_wconf 77' lang='lat' dir='ltr'><strong>presentia</strong></span> <span class='ocrx_word' id='word_1_373' title='bbox 922 3343 1024 3394; x_wconf 83' lang='lat' dir='ltr'><strong>dicenda</strong></span> <span class='ocrx_word' id='word_1_374' title='bbox 1037 3344 1075 3394; x_wconf 74' lang='lat' dir='ltr'><strong>ri·</strong></span> <span class='ocrx_word' id='word_1_375' title='bbox 1119 3347 1220 3409; x_wconf 86' lang='lat' dir='ltr'><strong>leretur,</strong></span> <span class='ocrx_word' id='word_1_376' title='bbox 1236 3351 1266 3398; x_wconf 90' lang='lat' dir='ltr'><strong>ut</strong></span> <span class='ocrx_word' id='word_1_377' title='bbox 1287 3351 1370 3398; x_wconf 81' lang='lat' dir='ltr'><strong>tumen</strong></span> <span class='ocrx_word' id='word_1_378' title='bbox 1385 3347 1501 3398; x_wconf 92' lang='lat' dir='ltr'><strong>deorsum</strong></span> <span class='ocrx_word' id='word_1_379' title='bbox 1516 3351 1611 3401; x_wconf 82' lang='lat' dir='ltr'><strong>aaturre</strong></span> <span class='ocrx_word' id='word_1_380' title='bbox 1630 3361 1680 3400; x_wconf 78' lang='lat' dir='ltr'><strong>sum</strong></span> <span class='ocrx_word' id='word_1_381' title='bbox 1697 3347 1721 3397; x_wconf 88' lang='lat' dir='ltr'><strong>ri</strong></span> <span class='ocrx_word' id='word_1_382' title='bbox 1737 3358 1762 3395; x_wconf 88' lang='lat' dir='ltr'><strong>ee</strong></span> <span class='ocrx_word' id='word_1_383' title='bbox 1774 3340 1850 3407; x_wconf 66' lang='lat' dir='ltr'><strong>pudet</strong></span> 
     </span>
     <span class='ocr_line' id='line_1_28' title="bbox 297 3427 1850 3503; baseline -0.006 -20"><span class='ocrx_word' id='word_1_384' title='bbox 297 3433 394 3486; x_wconf 87' lang='lat' dir='ltr'><strong>deutur.</strong></span> <span class='ocrx_word' id='word_1_385' title='bbox 411 3430 519 3481; x_wconf 81' lang='lat' dir='ltr'><strong>Pontium</strong></span> <span class='ocrx_word' id='word_1_386' title='bbox 534 3429 635 3482; x_wconf 82' lang='lat' dir='ltr'><strong>alissidio</strong></span> <span class='ocrx_word' id='word_1_387' title='bbox 645 3431 770 3496; x_wconf 81' lang='lat' dir='ltr'><strong>panllolbu</strong></span> <span class='ocrx_word' id='word_1_388' title='bbox 781 3431 844 3481; x_wconf 87' lang='lat' dir='ltr'><strong>lecto</strong></span> <span class='ocrx_word' id='word_1_389' title='bbox 856 3431 955 3482; x_wconf 87' lang='lat' dir='ltr'><strong>interire</strong></span> <span class='ocrx_word' id='word_1_390' title='bbox 965 3430 1074 3482; x_wconf 84' lang='lat' dir='ltr'><strong>animum</strong></span> <span class='ocrx_word' id='word_1_391' title='bbox 1119 3438 1267 3486; x_wconf 82' lang='lat' dir='ltr'><strong>mereatur?</strong></span> <span class='ocrx_word' id='word_1_392' title='bbox 1279 3435 1395 3488; x_wconf 80' lang='lat' dir='ltr'><strong>Similiter</strong></span> <span class='ocrx_word' id='word_1_393' title='bbox 1414 3437 1480 3499; x_wconf 91' lang='lat' dir='ltr'><strong>quod</strong></span> <span class='ocrx_word' id='word_1_394' title='bbox 1500 3441 1588 3503; x_wconf 79' lang='lat' dir='ltr'><strong>suopte</strong></span> <span class='ocrx_word' id='word_1_395' title='bbox 1603 3439 1688 3488; x_wconf 88' lang='lat' dir='ltr'><strong>mtura</strong></span> <span class='ocrx_word' id='word_1_396' title='bbox 1700 3437 1750 3486; x_wconf 84' lang='lat' dir='ltr'><strong>lere</strong></span> <span class='ocrx_word' id='word_1_397' title='bbox 1764 3432 1801 3490; x_wconf 86' lang='lat' dir='ltr'><strong>sil,</strong></span> <span class='ocrx_word' id='word_1_398' title='bbox 1811 3427 1850 3477; x_wconf 87' lang='lat' dir='ltr'><strong>lieet</strong></span> 
     </span>
     <span class='ocr_line' id='line_1_29' title="bbox 296 3516 1850 3590; baseline -0.003 -22"><span class='ocrx_word' id='word_1_399' title='bbox 296 3517 434 3583; x_wconf 76' lang='lat' dir='ltr'><strong>oportebit,</strong></span> <span class='ocrx_word' id='word_1_400' title='bbox 448 3516 656 3580; x_wconf 72' lang='lat' dir='ltr'><strong>quemadmodum</strong></span> <span class='ocrx_word' id='word_1_401' title='bbox 678 3517 744 3568; x_wconf 83' lang='lat' dir='ltr'><strong>illem</strong></span> <span class='ocrx_word' id='word_1_402' title='bbox 756 3517 833 3568; x_wconf 89' lang='lat' dir='ltr'><strong>medii</strong></span> <span class='ocrx_word' id='word_1_403' title='bbox 845 3517 935 3569; x_wconf 85' lang='lat' dir='ltr'><strong>eoloris</strong></span> <span class='ocrx_word' id='word_1_404' title='bbox 951 3521 1073 3582; x_wconf 85' lang='lat' dir='ltr'><strong>tempera-</strong></span> <span class='ocrx_word' id='word_1_405' title='bbox 1119 3523 1273 3574; x_wconf 73' lang='lat' dir='ltr'><strong>extrlameus</strong></span> <span class='ocrx_word' id='word_1_406' title='bbox 1284 3523 1317 3574; x_wconf 91' lang='lat' dir='ltr'><strong>ob</strong></span> <span class='ocrx_word' id='word_1_407' title='bbox 1329 3523 1421 3575; x_wconf 87' lang='lat' dir='ltr'><strong>sinailes</strong></span> <span class='ocrx_word' id='word_1_408' title='bbox 1438 3525 1560 3590; x_wconf 79' lang='lat' dir='ltr'><strong>quasdem</strong></span> <span class='ocrx_word' id='word_1_409' title='bbox 1573 3539 1657 3577; x_wconf 76' lang='lat' dir='ltr'><strong>merses</strong></span> <span class='ocrx_word' id='word_1_410' title='bbox 1667 3524 1769 3575; x_wconf 86' lang='lat' dir='ltr'><strong>deorsum</strong></span> <span class='ocrx_word' id='word_1_411' title='bbox 1778 3519 1850 3570; x_wconf 82' lang='lat' dir='ltr'><strong>tentor,</strong></span> 
     </span>
     <span class='ocr_line' id='line_1_30' title="bbox 296 3603 1850 3677; baseline -0.006 -20"><span class='ocrx_word' id='word_1_412' title='bbox 296 3607 405 3670; x_wconf 87' lang='lat' dir='ltr'><strong>tiouenr,</strong></span> <span class='ocrx_word' id='word_1_413' title='bbox 427 3619 505 3669; x_wconf 90' lang='lat' dir='ltr'><strong>quum</strong></span> <span class='ocrx_word' id='word_1_414' title='bbox 528 3605 567 3656; x_wconf 89' lang='lat' dir='ltr'><strong>illl</strong></span> <span class='ocrx_word' id='word_1_415' title='bbox 587 3619 618 3656; x_wconf 82' lang='lat' dir='ltr'><strong>ex</strong></span> <span class='ocrx_word' id='word_1_416' title='bbox 640 3604 731 3668; x_wconf 89' lang='lat' dir='ltr'><strong>quibus</strong></span> <span class='ocrx_word' id='word_1_417' title='bbox 751 3605 857 3668; x_wconf 82' lang='lat' dir='ltr'><strong>ooslrdt,</strong></span> <span class='ocrx_word' id='word_1_418' title='bbox 877 3610 965 3670; x_wconf 78' lang='lat' dir='ltr'><strong>suapte</strong></span> <span class='ocrx_word' id='word_1_419' title='bbox 986 3611 1075 3658; x_wconf 85' lang='lat' dir='ltr'><strong>netum</strong></span> <span class='ocrx_word' id='word_1_420' title='bbox 1118 3611 1303 3662; x_wconf 82' lang='lat' dir='ltr'><strong>ultumeusuis</strong></span> <span class='ocrx_word' id='word_1_421' title='bbox 1320 3624 1420 3677; x_wconf 87' lang='lat' dir='ltr'><strong>qaoque</strong></span> <span class='ocrx_word' id='word_1_422' title='bbox 1440 3613 1537 3663; x_wconf 79' lang='lat' dir='ltr'><strong>viribus</strong></span> <span class='ocrx_word' id='word_1_423' title='bbox 1552 3627 1650 3664; x_wconf 84' lang='lat' dir='ltr'><strong>sursum</strong></span> <span class='ocrx_word' id='word_1_424' title='bbox 1671 3613 1763 3676; x_wconf 75' lang='lat' dir='ltr'><strong>agatur?</strong></span> <span class='ocrx_word' id='word_1_425' title='bbox 1783 3603 1850 3655; x_wconf 81' lang='lat' dir='ltr'><strong>iterim</strong></span> 
     </span>
     <span class='ocr_line' id='line_1_31' title="bbox 297 3690 1850 3763; baseline -0.002 -15"><span class='ocrx_word' id='word_1_426' title='bbox 297 3695 395 3748; x_wconf 88' lang='lat' dir='ltr'><strong>tandem</strong></span> <span class='ocrx_word' id='word_1_427' title='bbox 408 3695 434 3744; x_wconf 92' lang='lat' dir='ltr'><strong>in</strong></span> <span class='ocrx_word' id='word_1_428' title='bbox 445 3707 516 3744; x_wconf 91' lang='lat' dir='ltr'><strong>suum</strong></span> <span class='ocrx_word' id='word_1_429' title='bbox 526 3693 630 3758; x_wconf 91' lang='lat' dir='ltr'><strong>quisque</strong></span> <span class='ocrx_word' id='word_1_430' title='bbox 641 3707 717 3758; x_wconf 74' lang='lat' dir='ltr'><strong>genus</strong></span> <span class='ocrx_word' id='word_1_431' title='bbox 733 3693 872 3756; x_wconf 82' lang='lat' dir='ltr'><strong>solvuntur,</strong></span> <span class='ocrx_word' id='word_1_432' title='bbox 884 3695 965 3760; x_wconf 87' lang='lat' dir='ltr'><strong>perire</strong></span> <span class='ocrx_word' id='word_1_433' title='bbox 977 3709 1075 3746; x_wconf 78' lang='lat' dir='ltr'><strong>neeesse</strong></span> <span class='ocrx_word' id='word_1_434' title='bbox 1118 3711 1174 3762; x_wconf 87' lang='lat' dir='ltr'><strong>quse</strong></span> <span class='ocrx_word' id='word_1_435' title='bbox 1185 3712 1212 3748; x_wconf 87' lang='lat' dir='ltr'><strong>er</strong></span> <span class='ocrx_word' id='word_1_436' title='bbox 1222 3697 1318 3748; x_wconf 88' lang='lat' dir='ltr'><strong>duobus</strong></span> <span class='ocrx_word' id='word_1_437' title='bbox 1327 3699 1453 3749; x_wconf 84' lang='lat' dir='ltr'><strong>ooutrariis</strong></span> <span class='ocrx_word' id='word_1_438' title='bbox 1463 3699 1486 3748; x_wconf 92' lang='lat' dir='ltr'><strong>in</strong></span> <span class='ocrx_word' id='word_1_439' title='bbox 1496 3713 1575 3751; x_wconf 87' lang='lat' dir='ltr'><strong>unum</strong></span> <span class='ocrx_word' id='word_1_440' title='bbox 1593 3697 1684 3763; x_wconf 89' lang='lat' dir='ltr'><strong>aliquid</strong></span> <span class='ocrx_word' id='word_1_441' title='bbox 1693 3695 1757 3748; x_wconf 79' lang='lat' dir='ltr'><strong>droul</strong></span> <span class='ocrx_word' id='word_1_442' title='bbox 1768 3690 1850 3744; x_wconf 77' lang='lat' dir='ltr'><strong>coierint.</strong></span> 
     </span>
     <span class='ocr_line' id='line_1_32' title="bbox 296 3779 1850 3852; baseline -0.002 -16"><span class='ocrx_word' id='word_1_443' title='bbox 296 3788 343 3836; x_wconf 87' lang='lat' dir='ltr'><strong>est.</strong></span> <span class='ocrx_word' id='word_1_444' title='bbox 376 3783 448 3844; x_wconf 72' lang='lat' dir='ltr'><strong>Quini</strong></span> <span class='ocrx_word' id='word_1_445' title='bbox 461 3783 483 3833; x_wconf 88' lang='lat' dir='ltr'><strong>si</strong></span> <span class='ocrx_word' id='word_1_446' title='bbox 496 3783 572 3834; x_wconf 87' lang='lat' dir='ltr'><strong>semel</strong></span> <span class='ocrx_word' id='word_1_447' title='bbox 588 3781 747 3846; x_wconf 74' lang='lat' dir='ltr'><strong>probabitur,</strong></span> <span class='ocrx_word' id='word_1_448' title='bbox 759 3781 832 3831; x_wconf 92' lang='lat' dir='ltr'><strong>morti</strong></span> <span class='ocrx_word' id='word_1_449' title='bbox 853 3783 920 3834; x_wconf 73' lang='lat' dir='ltr'><strong>uene</strong></span> <span class='ocrx_word' id='word_1_450' title='bbox 931 3783 1072 3846; x_wconf 84' lang='lat' dir='ltr'><strong>obnoxium,</strong></span> <span class='ocrx_word' id='word_1_451' title='bbox 1119 3785 1172 3837; x_wconf 85' lang='lat' dir='ltr'><strong>lieri</strong></span> <span class='ocrx_word' id='word_1_452' title='bbox 1188 3799 1236 3836; x_wconf 93' lang='lat' dir='ltr'><strong>aon</strong></span> <span class='ocrx_word' id='word_1_453' title='bbox 1251 3789 1347 3851; x_wconf 89' lang='lat' dir='ltr'><strong>potest,</strong></span> <span class='ocrx_word' id='word_1_454' title='bbox 1363 3788 1393 3835; x_wconf 89' lang='lat' dir='ltr'><strong>ut</strong></span> <span class='ocrx_word' id='word_1_455' title='bbox 1416 3787 1501 3837; x_wconf 87' lang='lat' dir='ltr'><strong>eodem</strong></span> <span class='ocrx_word' id='word_1_456' title='bbox 1522 3787 1598 3838; x_wconf 91' lang='lat' dir='ltr'><strong>modo</strong></span> <span class='ocrx_word' id='word_1_457' title='bbox 1615 3799 1707 3852; x_wconf 87' lang='lat' dir='ltr'><strong>semper</strong></span> <span class='ocrx_word' id='word_1_458' title='bbox 1723 3798 1745 3834; x_wconf 86' lang='lat' dir='ltr'><strong>se</strong></span> <span class='ocrx_word' id='word_1_459' title='bbox 1765 3779 1850 3832; x_wconf 71' lang='lat' dir='ltr'><strong>lamani,</strong></span> 
     </span>
     <span class='ocr_line' id='line_1_33' title="bbox 296 3859 1848 3937; baseline -0.008 -14"><span class='ocrx_word' id='word_1_460' title='bbox 296 3887 345 3924; x_wconf 85' lang='lat' dir='ltr'><strong>raon</strong></span> <span class='ocrx_word' id='word_1_461' title='bbox 358 3872 522 3923; x_wconf 74' lang='lat' dir='ltr'><strong>immortalem</strong></span> <span class='ocrx_word' id='word_1_462' title='bbox 541 3871 649 3922; x_wconf 87' lang='lat' dir='ltr'><strong>aniraum</strong></span> <span class='ocrx_word' id='word_1_463' title='bbox 664 3870 858 3936; x_wconf 89' lang='lat' dir='ltr'><strong>perbibebimus.</strong></span> <span class='ocrx_word' id='word_1_464' title='bbox 890 3871 985 3922; x_wconf 83' lang='lat' dir='ltr'><strong>Etenim</strong></span> <span class='ocrx_word' id='word_1_465' title='bbox 997 3873 1019 3923; x_wconf 89' lang='lat' dir='ltr'><strong>si</strong></span> <span class='ocrx_word' id='word_1_466' title='bbox 1030 3886 1074 3936; x_wconf 90' lang='lat' dir='ltr'><strong>pro</strong></span> <span class='ocrx_word' id='word_1_467' title='bbox 1118 3868 1163 3918; x_wconf 89' lang='lat' dir='ltr'><strong>nisi</strong></span> <span class='ocrx_word' id='word_1_468' title='bbox 1183 3881 1293 3920; x_wconf 86' lang='lat' dir='ltr'><strong>ererum</strong></span> <span class='ocrx_word' id='word_1_469' title='bbox 1313 3870 1401 3920; x_wconf 83' lang='lat' dir='ltr'><strong>nature</strong></span> <span class='ocrx_word' id='word_1_470' title='bbox 1420 3870 1520 3921; x_wconf 89' lang='lat' dir='ltr'><strong>tertium</strong></span> <span class='ocrx_word' id='word_1_471' title='bbox 1538 3870 1633 3937; x_wconf 83' lang='lat' dir='ltr'><strong>uliquid</strong></span> <span class='ocrx_word' id='word_1_472' title='bbox 1652 3859 1848 3934; x_wconf 83' lang='lat' dir='ltr'><strong>perpetuoiiabsil.</strong></span> 
     </span>
     <span class='ocr_line' id='line_1_34' title="bbox 296 3949 1850 4026; baseline -0.006 -15"><span class='ocrx_word' id='word_1_473' title='bbox 296 3961 409 4011; x_wconf 84' lang='lat' dir='ltr'><strong>molosso</strong></span> <span class='ocrx_word' id='word_1_474' title='bbox 426 3961 561 4018; x_wconf 75' lang='lat' dir='ltr'><strong>liebertus,</strong></span> <span class='ocrx_word' id='word_1_475' title='bbox 579 3959 626 4010; x_wconf 84' lang='lat' dir='ltr'><strong>bae</strong></span> <span class='ocrx_word' id='word_1_476' title='bbox 637 3959 662 4009; x_wconf 91' lang='lat' dir='ltr'><strong>ta</strong></span> <span class='ocrx_word' id='word_1_477' title='bbox 677 3973 760 4010; x_wconf 90' lang='lat' dir='ltr'><strong>rerum</strong></span> <span class='ocrx_word' id='word_1_478' title='bbox 781 3960 870 4010; x_wconf 83' lang='lat' dir='ltr'><strong>ueture</strong></span> <span class='ocrx_word' id='word_1_479' title='bbox 891 3971 993 4024; x_wconf 84' lang='lat' dir='ltr'><strong>prorsus</strong></span> <span class='ocrx_word' id='word_1_480' title='bbox 1013 3960 1074 4010; x_wconf 88' lang='lat' dir='ltr'><strong>nihil</strong></span> <span class='ocrx_word' id='word_1_481' title='bbox 1118 3955 1166 4008; x_wconf 81' lang='lat' dir='ltr'><strong>Sed</strong></span> <span class='ocrx_word' id='word_1_482' title='bbox 1178 3956 1244 4008; x_wconf 88' lang='lat' dir='ltr'><strong>enim</strong></span> <span class='ocrx_word' id='word_1_483' title='bbox 1255 3958 1352 4008; x_wconf 84' lang='lat' dir='ltr'><strong>mimus</strong></span> <span class='ocrx_word' id='word_1_484' title='bbox 1365 3959 1465 4011; x_wconf 87' lang='lat' dir='ltr'><strong>tertium</strong></span> <span class='ocrx_word' id='word_1_485' title='bbox 1477 3959 1540 4026; x_wconf 92' lang='lat' dir='ltr'><strong>quid</strong></span> <span class='ocrx_word' id='word_1_486' title='bbox 1553 3960 1662 4026; x_wconf 85' lang='lat' dir='ltr'><strong>protecto</strong></span> <span class='ocrx_word' id='word_1_487' title='bbox 1673 3971 1716 4008; x_wconf 88' lang='lat' dir='ltr'><strong>noa</strong></span> <span class='ocrx_word' id='word_1_488' title='bbox 1724 3956 1767 4014; x_wconf 88' lang='lat' dir='ltr'><strong>est,</strong></span> <span class='ocrx_word' id='word_1_489' title='bbox 1775 3965 1797 4002; x_wconf 83' lang='lat' dir='ltr'><strong>er</strong></span> <span class='ocrx_word' id='word_1_490' title='bbox 1809 3949 1850 3996; x_wconf 67' lang='lat' dir='ltr'><strong>dut</strong></span> 
     </span>
     <span class='ocr_line' id='line_1_35' title="bbox 296 4035 1849 4114; baseline -0.003 -16"><span class='ocrx_word' id='word_1_491' title='bbox 296 4061 366 4110; x_wconf 87' lang='lat' dir='ltr'><strong>osso,</strong></span> <span class='ocrx_word' id='word_1_492' title='bbox 380 4046 447 4110; x_wconf 91' lang='lat' dir='ltr'><strong>quod</strong></span> <span class='ocrx_word' id='word_1_493' title='bbox 463 4047 585 4098; x_wconf 77' lang='lat' dir='ltr'><strong>contrario</strong></span> <span class='ocrx_word' id='word_1_494' title='bbox 600 4050 682 4098; x_wconf 78' lang='lat' dir='ltr'><strong>esrem</strong></span> <span class='ocrx_word' id='word_1_495' title='bbox 692 4086 697 4110; x_wconf 94' lang='lat'><strong>,</strong></span> <span class='ocrx_word' id='word_1_496' title='bbox 709 4061 814 4112; x_wconf 73' lang='lat' dir='ltr'><strong>qumque</strong></span> <span class='ocrx_word' id='word_1_497' title='bbox 825 4047 934 4100; x_wconf 86' lang='lat' dir='ltr'><strong>muudus</strong></span> <span class='ocrx_word' id='word_1_498' title='bbox 952 4047 1075 4100; x_wconf 87' lang='lat' dir='ltr'><strong>oontlnest</strong></span> <span class='ocrx_word' id='word_1_499' title='bbox 1118 4045 1165 4095; x_wconf 89' lang='lat' dir='ltr'><strong>bus</strong></span> <span class='ocrx_word' id='word_1_500' title='bbox 1178 4045 1305 4096; x_wconf 80' lang='lat' dir='ltr'><strong>contrariis</strong></span> <span class='ocrx_word' id='word_1_501' title='bbox 1325 4049 1538 4112; x_wconf 77' lang='lat' dir='ltr'><strong>pugnantibusque</strong></span> <span class='ocrx_word' id='word_1_502' title='bbox 1555 4049 1726 4114; x_wconf 77' lang='lat' dir='ltr'><strong>compositum,</strong></span> <span class='ocrx_word' id='word_1_503' title='bbox 1737 4041 1774 4094; x_wconf 84' lang='lat' dir='ltr'><strong>sed</strong></span> <span class='ocrx_word' id='word_1_504' title='bbox 1790 4035 1849 4103; x_wconf 63' lang='lat' dir='ltr'><strong>polit</strong></span> 
     </span>
     <span class='ocr_line' id='line_1_36' title="bbox 297 4123 1847 4202; baseline -0.01 -18"><span class='ocrx_word' id='word_1_505' title='bbox 297 4134 434 4197; x_wconf 79' lang='lat' dir='ltr'><strong>omnte,e1</strong></span> <span class='ocrx_word' id='word_1_506' title='bbox 447 4134 555 4185; x_wconf 83' lang='lat' dir='ltr'><strong>adversis</strong></span> <span class='ocrx_word' id='word_1_507' title='bbox 569 4135 783 4200; x_wconf 75' lang='lat' dir='ltr'><strong>pugnantiumque</strong></span> <span class='ocrx_word' id='word_1_508' title='bbox 794 4137 889 4188; x_wconf 84' lang='lat' dir='ltr'><strong>asturis</strong></span> <span class='ocrx_word' id='word_1_509' title='bbox 900 4135 941 4187; x_wconf 89' lang='lat' dir='ltr'><strong>det</strong></span> <span class='ocrx_word' id='word_1_510' title='bbox 952 4136 1074 4187; x_wconf 80' lang='lat' dir='ltr'><strong>beneficio</strong></span> <span class='ocrx_word' id='word_1_511' title='bbox 1119 4146 1197 4184; x_wconf 90' lang='lat' dir='ltr'><strong>unum</strong></span> <span class='ocrx_word' id='word_1_512' title='bbox 1210 4133 1304 4198; x_wconf 83' lang='lat' dir='ltr'><strong>aliquid</strong></span> <span class='ocrx_word' id='word_1_513' title='bbox 1318 4134 1435 4199; x_wconf 77' lang='lat' dir='ltr'><strong>simplex,</strong></span> <span class='ocrx_word' id='word_1_514' title='bbox 1450 4139 1589 4202; x_wconf 81' lang='lat' dir='ltr'><strong>naturaque</strong></span> <span class='ocrx_word' id='word_1_515' title='bbox 1608 4151 1652 4186; x_wconf 90' lang='lat' dir='ltr'><strong>sua</strong></span> <span class='ocrx_word' id='word_1_516' title='bbox 1671 4132 1782 4198; x_wconf 80' lang='lat' dir='ltr'><strong>inpatiens</strong></span> <span class='ocrx_word' id='word_1_517' title='bbox 1791 4127 1809 4174; x_wconf 83' lang='lat' dir='ltr'><strong>et</strong></span> <span class='ocrx_word' id='word_1_518' title='bbox 1821 4123 1847 4170; x_wconf 89' lang='lat' dir='ltr'><strong>in·</strong></span> 
     </span>
     <span class='ocr_line' id='line_1_37' title="bbox 297 4213 1847 4289; baseline -0.003 -16"><span class='ocrx_word' id='word_1_519' title='bbox 297 4224 432 4286; x_wconf 81' lang='lat' dir='ltr'><strong>tuurporate</strong></span> <span class='ocrx_word' id='word_1_520' title='bbox 443 4235 513 4283; x_wconf 89' lang='lat' dir='ltr'><strong>esse,</strong></span> <span class='ocrx_word' id='word_1_521' title='bbox 524 4223 567 4287; x_wconf 92' lang='lat' dir='ltr'><strong>qui</strong></span> <span class='ocrx_word' id='word_1_522' title='bbox 580 4225 692 4274; x_wconf 85' lang='lat' dir='ltr'><strong>mutuum</strong></span> <span class='ocrx_word' id='word_1_523' title='bbox 703 4223 750 4273; x_wconf 90' lang='lat' dir='ltr'><strong>illis</strong></span> <span class='ocrx_word' id='word_1_524' title='bbox 762 4237 870 4276; x_wconf 88' lang='lat' dir='ltr'><strong>umorem</strong></span> <span class='ocrx_word' id='word_1_525' title='bbox 888 4228 914 4274; x_wconf 93' lang='lat' dir='ltr'><strong>et</strong></span> <span class='ocrx_word' id='word_1_526' title='bbox 925 4227 1075 4276; x_wconf 76' lang='lat' dir='ltr'><strong>communio</strong></span> <span class='ocrx_word' id='word_1_527' title='bbox 1118 4235 1261 4286; x_wconf 75' lang='lat' dir='ltr'><strong>corporeum</strong></span> <span class='ocrx_word' id='word_1_528' title='bbox 1280 4224 1309 4272; x_wconf 89' lang='lat' dir='ltr'><strong>ut</strong></span> <span class='ocrx_word' id='word_1_529' title='bbox 1321 4235 1408 4273; x_wconf 89' lang='lat' dir='ltr'><strong>eorum</strong></span> <span class='ocrx_word' id='word_1_530' title='bbox 1420 4227 1548 4289; x_wconf 82' lang='lat' dir='ltr'><strong>propterea</strong></span> <span class='ocrx_word' id='word_1_531' title='bbox 1561 4227 1632 4276; x_wconf 83' lang='lat' dir='ltr'><strong>Pluto</strong></span> <span class='ocrx_word' id='word_1_532' title='bbox 1644 4225 1738 4288; x_wconf 75' lang='lat' dir='ltr'><strong>eiusque</strong></span> <span class='ocrx_word' id='word_1_533' title='bbox 1748 4213 1847 4267; x_wconf 67' lang='lat' dir='ltr'><strong>rstttffll·</strong></span> 
     </span>
     <span class='ocr_line' id='line_1_38' title="bbox 296 4301 1848 4378; baseline -0.006 -16"><span class='ocrx_word' id='word_1_534' title='bbox 296 4325 353 4362; x_wconf 88' lang='lat' dir='ltr'><strong>uem</strong></span> <span class='ocrx_word' id='word_1_535' title='bbox 375 4311 501 4374; x_wconf 80' lang='lat' dir='ltr'><strong>bnjeeerit,</strong></span> <span class='ocrx_word' id='word_1_536' title='bbox 521 4313 550 4362; x_wconf 88' lang='lat' dir='ltr'><strong>ut</strong></span> <span class='ocrx_word' id='word_1_537' title='bbox 572 4311 637 4362; x_wconf 86' lang='lat' dir='ltr'><strong>sioro</strong></span> <span class='ocrx_word' id='word_1_538' title='bbox 651 4314 677 4362; x_wconf 89' lang='lat' dir='ltr'><strong>et</strong></span> <span class='ocrx_word' id='word_1_539' title='bbox 690 4311 805 4372; x_wconf 91' lang='lat' dir='ltr'><strong>humido,</strong></span> <span class='ocrx_word' id='word_1_540' title='bbox 820 4313 901 4363; x_wconf 84' lang='lat' dir='ltr'><strong>relido</strong></span> <span class='ocrx_word' id='word_1_541' title='bbox 922 4315 949 4364; x_wconf 89' lang='lat' dir='ltr'><strong>et</strong></span> <span class='ocrx_word' id='word_1_542' title='bbox 970 4314 1073 4378; x_wconf 76' lang='lat' dir='ltr'><strong>frigido,</strong></span> <span class='ocrx_word' id='word_1_543' title='bbox 1118 4323 1158 4360; x_wconf 88' lang='lat' dir='ltr'><strong>res</strong></span> <span class='ocrx_word' id='word_1_544' title='bbox 1182 4311 1345 4362; x_wconf 71' lang='lat' dir='ltr'><strong>immortalem</strong></span> <span class='ocrx_word' id='word_1_545' title='bbox 1365 4324 1420 4363; x_wconf 77' lang='lat' dir='ltr'><strong>esse</strong></span> <span class='ocrx_word' id='word_1_546' title='bbox 1439 4312 1625 4364; x_wconf 77' lang='lat' dir='ltr'><strong>affirmaverint.</strong></span> <span class='ocrx_word' id='word_1_547' title='bbox 1657 4315 1688 4362; x_wconf 81' lang='lat' dir='ltr'><strong>st</strong></span> <span class='ocrx_word' id='word_1_548' title='bbox 1705 4303 1802 4372; x_wconf 83' lang='lat' dir='ltr'><strong>quonium</strong></span> <span class='ocrx_word' id='word_1_549' title='bbox 1812 4301 1848 4346; x_wconf 74' lang='lat' dir='ltr'><strong>llll</strong></span> 
     </span>
     <span class='ocr_line' id='line_1_39' title="bbox 297 4380 1849 4467; baseline -0.002 -17"><span class='ocrx_word' id='word_1_550' title='bbox 297 4399 365 4463; x_wconf 76' lang='lat' dir='ltr'><strong>geori</strong></span> <span class='ocrx_word' id='word_1_551' title='bbox 382 4401 407 4450; x_wconf 88' lang='lat' dir='ltr'><strong>et</strong></span> <span class='ocrx_word' id='word_1_552' title='bbox 417 4398 481 4461; x_wconf 88' lang='lat' dir='ltr'><strong>leri,</strong></span> <span class='ocrx_word' id='word_1_553' title='bbox 495 4399 553 4448; x_wconf 86' lang='lat' dir='ltr'><strong>elbo</strong></span> <span class='ocrx_word' id='word_1_554' title='bbox 575 4401 601 4450; x_wconf 90' lang='lat' dir='ltr'><strong>et</strong></span> <span class='ocrx_word' id='word_1_555' title='bbox 612 4399 697 4462; x_wconf 77' lang='lat' dir='ltr'><strong>nigro,</strong></span> <span class='ocrx_word' id='word_1_556' title='bbox 712 4398 778 4449; x_wconf 86' lang='lat' dir='ltr'><strong>dulei</strong></span> <span class='ocrx_word' id='word_1_557' title='bbox 799 4402 825 4451; x_wconf 89' lang='lat' dir='ltr'><strong>et</strong></span> <span class='ocrx_word' id='word_1_558' title='bbox 848 4413 945 4462; x_wconf 79' lang='lat' dir='ltr'><strong>emero,</strong></span> <span class='ocrx_word' id='word_1_559' title='bbox 962 4401 1026 4451; x_wconf 90' lang='lat' dir='ltr'><strong>duro</strong></span> <span class='ocrx_word' id='word_1_560' title='bbox 1049 4405 1074 4452; x_wconf 88' lang='lat' dir='ltr'><strong>et</strong></span> <span class='ocrx_word' id='word_1_561' title='bbox 1119 4398 1240 4450; x_wconf 86' lang='lat' dir='ltr'><strong>bominem</strong></span> <span class='ocrx_word' id='word_1_562' title='bbox 1258 4413 1289 4450; x_wconf 85' lang='lat' dir='ltr'><strong>ex</strong></span> <span class='ocrx_word' id='word_1_563' title='bbox 1301 4399 1381 4450; x_wconf 82' lang='lat' dir='ltr'><strong>naimo</strong></span> <span class='ocrx_word' id='word_1_564' title='bbox 1392 4403 1418 4451; x_wconf 90' lang='lat' dir='ltr'><strong>et</strong></span> <span class='ocrx_word' id='word_1_565' title='bbox 1429 4413 1531 4467; x_wconf 86' lang='lat' dir='ltr'><strong>corpore</strong></span> <span class='ocrx_word' id='word_1_566' title='bbox 1543 4406 1655 4452; x_wconf 79' lang='lat' dir='ltr'><strong>mustum</strong></span> <span class='ocrx_word' id='word_1_567' title='bbox 1668 4409 1743 4450; x_wconf 78' lang='lat' dir='ltr'><strong>omues</strong></span> <span class='ocrx_word' id='word_1_568' title='bbox 1759 4380 1849 4442; x_wconf 68' lang='lat' dir='ltr'><strong>mmmun&#39;</strong></span> 
     </span>
     <span class='ocr_line' id='line_1_40' title="bbox 297 4473 1848 4557; baseline -0.001 -18"><span class='ocrx_word' id='word_1_569' title='bbox 297 4487 373 4548; x_wconf 88' lang='lat' dir='ltr'><strong>molli,</strong></span> <span class='ocrx_word' id='word_1_570' title='bbox 383 4491 477 4538; x_wconf 78' lang='lat' dir='ltr'><strong>naturus</strong></span> <span class='ocrx_word' id='word_1_571' title='bbox 488 4487 595 4552; x_wconf 89' lang='lat' dir='ltr'><strong>denique</strong></span> <span class='ocrx_word' id='word_1_572' title='bbox 609 4486 746 4551; x_wconf 82' lang='lat' dir='ltr'><strong>bapstieuti</strong></span> <span class='ocrx_word' id='word_1_573' title='bbox 766 4490 791 4537; x_wconf 91' lang='lat' dir='ltr'><strong>ot</strong></span> <span class='ocrx_word' id='word_1_574' title='bbox 807 4491 902 4539; x_wconf 72' lang='lat' dir='ltr'><strong>nature</strong></span> <span class='ocrx_word' id='word_1_575' title='bbox 918 4488 1021 4552; x_wconf 81' lang='lat' dir='ltr'><strong>patibili,</strong></span> <span class='ocrx_word' id='word_1_576' title='bbox 1035 4503 1073 4538; x_wconf 85' lang='lat' dir='ltr'><strong>ee·</strong></span> <span class='ocrx_word' id='word_1_577' title='bbox 1119 4503 1239 4540; x_wconf 87' lang='lat' dir='ltr'><strong>consensu</strong></span> <span class='ocrx_word' id='word_1_578' title='bbox 1252 4489 1379 4554; x_wconf 79' lang='lat' dir='ltr'><strong>iudicent,</strong></span> <span class='ocrx_word' id='word_1_579' title='bbox 1394 4493 1448 4542; x_wconf 90' lang='lat' dir='ltr'><strong>tum</strong></span> <span class='ocrx_word' id='word_1_580' title='bbox 1470 4506 1526 4557; x_wconf 80' lang='lat' dir='ltr'><strong>qum</strong></span> <span class='ocrx_word' id='word_1_581' title='bbox 1545 4494 1598 4544; x_wconf 89' lang='lat' dir='ltr'><strong>sine</strong></span> <span class='ocrx_word' id='word_1_582' title='bbox 1617 4489 1719 4555; x_wconf 89' lang='lat' dir='ltr'><strong>corporis</strong></span> <span class='ocrx_word' id='word_1_583' title='bbox 1736 4473 1848 4537; x_wconf 53' lang='lat' dir='ltr'><strong>amedu</strong></span> 
     </span>
     <span class='ocr_line' id='line_1_41' title="bbox 296 4569 1847 4642; baseline -0.003 -16"><span class='ocrx_word' id='word_1_584' title='bbox 296 4589 346 4642; x_wconf 90' lang='lat' dir='ltr'><strong>que</strong></span> <span class='ocrx_word' id='word_1_585' title='bbox 363 4575 388 4625; x_wconf 90' lang='lat' dir='ltr'><strong>id</strong></span> <span class='ocrx_word' id='word_1_586' title='bbox 400 4587 476 4639; x_wconf 76' lang='lat' dir='ltr'><strong>genus</strong></span> <span class='ocrx_word' id='word_1_587' title='bbox 489 4577 579 4624; x_wconf 78' lang='lat' dir='ltr'><strong>cuncta</strong></span> <span class='ocrx_word' id='word_1_588' title='bbox 590 4587 639 4624; x_wconf 86' lang='lat' dir='ltr'><strong>une</strong></span> <span class='ocrx_word' id='word_1_589' title='bbox 658 4575 764 4640; x_wconf 81' lang='lat' dir='ltr'><strong>quedam</strong></span> <span class='ocrx_word' id='word_1_590' title='bbox 790 4573 838 4626; x_wconf 87' lang='lat' dir='ltr'><strong>ulia</strong></span> <span class='ocrx_word' id='word_1_591' title='bbox 861 4588 942 4626; x_wconf 89' lang='lat' dir='ltr'><strong>rerum</strong></span> <span class='ocrx_word' id='word_1_592' title='bbox 965 4577 1073 4626; x_wconf 90' lang='lat' dir='ltr'><strong>omnium</strong></span> <span class='ocrx_word' id='word_1_593' title='bbox 1119 4579 1145 4630; x_wconf 89' lang='lat' dir='ltr'><strong>in</strong></span> <span class='ocrx_word' id='word_1_594' title='bbox 1165 4580 1234 4631; x_wconf 87' lang='lat' dir='ltr'><strong>uobis</strong></span> <span class='ocrx_word' id='word_1_595' title='bbox 1253 4579 1390 4632; x_wconf 80' lang='lat' dir='ltr'><strong>volentibus</strong></span> <span class='ocrx_word' id='word_1_596' title='bbox 1414 4581 1553 4634; x_wconf 84' lang='lat' dir='ltr'><strong>nolentibus</strong></span> <span class='ocrx_word' id='word_1_597' title='bbox 1569 4580 1687 4634; x_wconf 82' lang='lat' dir='ltr'><strong>exsistunt</strong></span> <span class='ocrx_word' id='word_1_598' title='bbox 1699 4569 1847 4629; x_wconf 60' lang='lat' dir='ltr'><strong>eommotiwl</strong></span> 
     </span>
     <span class='ocr_line' id='line_1_42' title="bbox 298 4654 1849 4734; baseline -0.009 -19"><span class='ocrx_word' id='word_1_599' title='bbox 298 4663 468 4715; x_wconf 81' lang='lat' dir='ltr'><strong>communione</strong></span> <span class='ocrx_word' id='word_1_600' title='bbox 485 4663 547 4714; x_wconf 88' lang='lat' dir='ltr'><strong>inter</strong></span> <span class='ocrx_word' id='word_1_601' title='bbox 563 4661 730 4726; x_wconf 80' lang='lat' dir='ltr'><strong>sejunxerit:</strong></span> <span class='ocrx_word' id='word_1_602' title='bbox 746 4663 970 4728; x_wconf 68' lang='lat' dir='ltr'><strong>praetereantque</strong></span> <span class='ocrx_word' id='word_1_603' title='bbox 981 4666 1074 4730; x_wconf 89' lang='lat' dir='ltr'><strong>tempe-</strong></span> <span class='ocrx_word' id='word_1_604' title='bbox 1118 4668 1200 4719; x_wconf 90' lang='lat' dir='ltr'><strong>animo</strong></span> <span class='ocrx_word' id='word_1_605' title='bbox 1210 4669 1381 4734; x_wconf 71' lang='lat' dir='ltr'><strong>assignentur,</strong></span> <span class='ocrx_word' id='word_1_606' title='bbox 1395 4670 1506 4734; x_wconf 87' lang='lat' dir='ltr'><strong>plerique</strong></span> <span class='ocrx_word' id='word_1_607' title='bbox 1515 4671 1571 4722; x_wconf 87' lang='lat' dir='ltr'><strong>taine</strong></span> <span class='ocrx_word' id='word_1_608' title='bbox 1580 4673 1689 4722; x_wconf 88' lang='lat' dir='ltr'><strong>unturam</strong></span> <span class='ocrx_word' id='word_1_609' title='bbox 1699 4654 1849 4730; x_wconf 78' lang='lat' dir='ltr'><strong>eiuepatibilen</strong></span> 
     </span>
     <span class='ocr_line' id='line_1_43' title="bbox 297 4751 1848 4823; baseline -0.004 -18"><span class='ocrx_word' id='word_1_610' title='bbox 297 4757 350 4806; x_wconf 89' lang='lat' dir='ltr'><strong>ruta</strong></span> <span class='ocrx_word' id='word_1_611' title='bbox 361 4767 418 4804; x_wconf 87' lang='lat' dir='ltr'><strong>eam</strong></span> <span class='ocrx_word' id='word_1_612' title='bbox 437 4751 489 4802; x_wconf 83' lang='lat' dir='ltr'><strong>eliis</strong></span> <span class='ocrx_word' id='word_1_613' title='bbox 502 4756 528 4804; x_wconf 92' lang='lat' dir='ltr'><strong>et</strong></span> <span class='ocrx_word' id='word_1_614' title='bbox 543 4751 622 4803; x_wconf 83' lang='lat' dir='ltr'><strong>ndxta</strong></span> <span class='ocrx_word' id='word_1_615' title='bbox 633 4753 691 4804; x_wconf 85' lang='lat' dir='ltr'><strong>suut</strong></span> <span class='ocrx_word' id='word_1_616' title='bbox 704 4751 821 4817; x_wconf 90' lang='lat' dir='ltr'><strong>temporis</strong></span> <span class='ocrx_word' id='word_1_617' title='bbox 834 4765 962 4816; x_wconf 77' lang='lat' dir='ltr'><strong>progressu</strong></span> <span class='ocrx_word' id='word_1_618' title='bbox 980 4755 1074 4804; x_wconf 74' lang='lat' dir='ltr'><strong>naturus</strong></span> <span class='ocrx_word' id='word_1_619' title='bbox 1118 4770 1173 4808; x_wconf 82' lang='lat' dir='ltr'><strong>essa</strong></span> <span class='ocrx_word' id='word_1_620' title='bbox 1186 4755 1356 4823; x_wconf 76' lang='lat' dir='ltr'><strong>ooalioieates,</strong></span> <span class='ocrx_word' id='word_1_621' title='bbox 1369 4758 1497 4809; x_wconf 81' lang='lat' dir='ltr'><strong>mortalem</strong></span> <span class='ocrx_word' id='word_1_622' title='bbox 1512 4759 1582 4809; x_wconf 89' lang='lat' dir='ltr'><strong>illum</strong></span> <span class='ocrx_word' id='word_1_623' title='bbox 1593 4761 1666 4822; x_wconf 85' lang='lat' dir='ltr'><strong>nique</strong></span> <span class='ocrx_word' id='word_1_624' title='bbox 1677 4759 1808 4818; x_wconf 80' lang='lat' dir='ltr'><strong>eorporeum</strong></span> <span class='ocrx_word' id='word_1_625' title='bbox 1816 4751 1848 4788; x_wconf 73' lang='lat' dir='ltr'><strong>til*</strong></span> 
     </span>
     <span class='ocr_line' id='line_1_44' title="bbox 297 4823 1847 4910; baseline -0.007 -16"><span class='ocrx_word' id='word_1_626' title='bbox 297 4843 468 4894; x_wconf 79' lang='lat' dir='ltr'><strong>conuenienter</strong></span> <span class='ocrx_word' id='word_1_627' title='bbox 482 4840 611 4892; x_wconf 80' lang='lat' dir='ltr'><strong>discedunt</strong></span> <span class='ocrx_word' id='word_1_628' title='bbox 631 4855 661 4892; x_wconf 86' lang='lat' dir='ltr'><strong>eo</strong></span> <span class='ocrx_word' id='word_1_629' title='bbox 693 4842 869 4906; x_wconf 77' lang='lat' dir='ltr'><strong>selungrmtur,</strong></span> <span class='ocrx_word' id='word_1_630' title='bbox 891 4841 1000 4892; x_wconf 77' lang='lat' dir='ltr'><strong>animum</strong></span> <span class='ocrx_word' id='word_1_631' title='bbox 1016 4855 1072 4906; x_wconf 86' lang='lat' dir='ltr'><strong>pro-</strong></span> <span class='ocrx_word' id='word_1_632' title='bbox 1118 4845 1229 4910; x_wconf 87' lang='lat' dir='ltr'><strong>eorporis</strong></span> <span class='ocrx_word' id='word_1_633' title='bbox 1251 4847 1375 4910; x_wconf 80' lang='lat' dir='ltr'><strong>expertem</strong></span> <span class='ocrx_word' id='word_1_634' title='bbox 1400 4858 1453 4897; x_wconf 83' lang='lat' dir='ltr'><strong>esse</strong></span> <span class='ocrx_word' id='word_1_635' title='bbox 1473 4847 1631 4898; x_wconf 79' lang='lat' dir='ltr'><strong>contendunt.</strong></span> <span class='ocrx_word' id='word_1_636' title='bbox 1662 4843 1726 4894; x_wconf 84' lang='lat' dir='ltr'><strong>Plato</strong></span> <span class='ocrx_word' id='word_1_637' title='bbox 1743 4823 1847 4888; x_wconf 77' lang='lat' dir='ltr'><strong>entend</strong></span> 
     </span>
     <span class='ocr_line' id='line_1_45' title="bbox 298 4915 1845 5000; baseline -0.005 -18"><span class='ocrx_word' id='word_1_638' title='bbox 298 4931 377 4996; x_wconf 84' lang='lat' dir='ltr'><strong>tuoto,</strong></span> <span class='ocrx_word' id='word_1_639' title='bbox 390 4931 412 4982; x_wconf 88' lang='lat' dir='ltr'><strong>si</strong></span> <span class='ocrx_word' id='word_1_640' title='bbox 424 4941 480 4981; x_wconf 88' lang='lat' dir='ltr'><strong>eum</strong></span> <span class='ocrx_word' id='word_1_641' title='bbox 491 4943 523 4980; x_wconf 80' lang='lat' dir='ltr'><strong>ex</strong></span> <span class='ocrx_word' id='word_1_642' title='bbox 538 4929 628 4995; x_wconf 81' lang='lat' dir='ltr'><strong>duplici</strong></span> <span class='ocrx_word' id='word_1_643' title='bbox 640 4931 709 4994; x_wconf 85' lang='lat' dir='ltr'><strong>parte</strong></span> <span class='ocrx_word' id='word_1_644' title='bbox 718 4969 724 4994; x_wconf 92' lang='lat'><strong>,</strong></span> <span class='ocrx_word' id='word_1_645' title='bbox 734 4930 811 4981; x_wconf 84' lang='lat' dir='ltr'><strong>altera</strong></span> <span class='ocrx_word' id='word_1_646' title='bbox 823 4930 981 4994; x_wconf 85' lang='lat' dir='ltr'><strong>impellente,</strong></span> <span class='ocrx_word' id='word_1_647' title='bbox 998 4933 1073 4982; x_wconf 88' lang='lat' dir='ltr'><strong>ultera</strong></span> <span class='ocrx_word' id='word_1_648' title='bbox 1117 4933 1184 4984; x_wconf 78' lang='lat' dir='ltr'><strong>illem</strong></span> <span class='ocrx_word' id='word_1_649' title='bbox 1197 4933 1250 4998; x_wconf 79' lang='lat' dir='ltr'><strong>elue</strong></span> <span class='ocrx_word' id='word_1_650' title='bbox 1260 4938 1371 4999; x_wconf 82' lang='lat' dir='ltr'><strong>partem,</strong></span> <span class='ocrx_word' id='word_1_651' title='bbox 1389 4948 1445 4998; x_wconf 87' lang='lat' dir='ltr'><strong>qaae</strong></span> <span class='ocrx_word' id='word_1_652' title='bbox 1459 4938 1546 5000; x_wconf 88' lang='lat' dir='ltr'><strong>sueple</strong></span> <span class='ocrx_word' id='word_1_653' title='bbox 1563 4938 1650 4986; x_wconf 87' lang='lat' dir='ltr'><strong>nature</strong></span> <span class='ocrx_word' id='word_1_654' title='bbox 1669 4926 1783 4994; x_wconf 80' lang='lat' dir='ltr'><strong>impubem</strong></span> <span class='ocrx_word' id='word_1_655' title='bbox 1799 4915 1845 4968; x_wconf 67' lang='grc' dir='ltr'><strong>οθθ</strong></span> 
     </span>
     <span class='ocr_line' id='line_1_46' title="bbox 297 5005 1847 5088; baseline -0.005 -18"><span class='ocrx_word' id='word_1_656' title='bbox 297 5019 391 5084; x_wconf 82' lang='lat' dir='ltr'><strong>patibili</strong></span> <span class='ocrx_word' id='word_1_657' title='bbox 406 5024 548 5072; x_wconf 85' lang='lat' dir='ltr'><strong>oonorelum</strong></span> <span class='ocrx_word' id='word_1_658' title='bbox 564 5019 691 5084; x_wconf 85' lang='lat' dir='ltr'><strong>ponimus,</strong></span> <span class='ocrx_word' id='word_1_659' title='bbox 713 5032 784 5083; x_wconf 82' lang='lat' dir='ltr'><strong>oeqne</strong></span> <span class='ocrx_word' id='word_1_660' title='bbox 802 5033 832 5070; x_wconf 88' lang='grc' dir='ltr'><strong>εο</strong></span> <span class='ocrx_word' id='word_1_661' title='bbox 845 5019 955 5070; x_wconf 82' lang='lat' dir='ltr'><strong>medinm</strong></span> <span class='ocrx_word' id='word_1_662' title='bbox 968 5019 1072 5083; x_wconf 78' lang='lat' dir='ltr'><strong>aliquem</strong></span> <span class='ocrx_word' id='word_1_663' title='bbox 1118 5021 1219 5072; x_wconf 87' lang='lat' dir='ltr'><strong>niteram</strong></span> <span class='ocrx_word' id='word_1_664' title='bbox 1244 5022 1307 5073; x_wconf 80' lang='lat' dir='ltr'><strong>hune</strong></span> <span class='ocrx_word' id='word_1_665' title='bbox 1328 5022 1454 5086; x_wconf 85' lang='lat' dir='ltr'><strong>patibilem</strong></span> <span class='ocrx_word' id='word_1_666' title='bbox 1474 5023 1605 5088; x_wconf 77' lang='lat' dir='ltr'><strong>adjungere</strong></span> <span class='ocrx_word' id='word_1_667' title='bbox 1624 5023 1717 5072; x_wconf 77' lang='lat' dir='ltr'><strong>rosolus</strong></span> <span class='ocrx_word' id='word_1_668' title='bbox 1729 5015 1768 5065; x_wconf 79' lang='lat' dir='ltr'><strong>est.</strong></span> <span class='ocrx_word' id='word_1_669' title='bbox 1799 5005 1847 5054; x_wconf 70' lang='lat' dir='ltr'><strong>lli-⁰⁰</strong></span> 
     </span>
     <span class='ocr_line' id='line_1_47' title="bbox 298 5097 1845 5176; baseline -0.002 -18"><span class='ocrx_word' id='word_1_670' title='bbox 298 5107 404 5159; x_wconf 88' lang='lat' dir='ltr'><strong>oolorem</strong></span> <span class='ocrx_word' id='word_1_671' title='bbox 420 5111 516 5170; x_wconf 78' lang='grc' dir='ltr'>αεειιεεο</span> <span class='ocrx_word' id='word_1_672' title='bbox 526 5123 578 5158; x_wconf 77' lang='lat' dir='ltr'><strong>sues</strong></span> <span class='ocrx_word' id='word_1_673' title='bbox 590 5108 650 5158; x_wconf 84' lang='lat' dir='ltr'><strong>vilio</strong></span> <span class='ocrx_word' id='word_1_674' title='bbox 660 5108 760 5160; x_wconf 89' lang='lat' dir='ltr'><strong>tandem</strong></span> <span class='ocrx_word' id='word_1_675' title='bbox 774 5109 873 5160; x_wconf 89' lang='lat' dir='ltr'><strong>interire</strong></span> <span class='ocrx_word' id='word_1_676' title='bbox 890 5122 991 5160; x_wconf 88' lang='lat' dir='ltr'><strong>neeesse</strong></span> <span class='ocrx_word' id='word_1_677' title='bbox 1005 5111 1051 5160; x_wconf 88' lang='lat' dir='ltr'><strong>erit</strong></span> <span class='ocrx_word' id='word_1_678' title='bbox 1065 5125 1070 5152; x_wconf 82' lang='grc' dir='ltr'><strong>τ</strong></span> <span class='ocrx_word' id='word_1_679' title='bbox 1117 5123 1177 5163; x_wconf 85' lang='lat' dir='ltr'><strong>vero</strong></span> <span class='ocrx_word' id='word_1_680' title='bbox 1190 5111 1358 5176; x_wconf 85' lang='lat' dir='ltr'><strong>utrorumque,</strong></span> <span class='ocrx_word' id='word_1_681' title='bbox 1370 5111 1498 5162; x_wconf 78' lang='lat' dir='ltr'><strong>uoaaliam</strong></span> <span class='ocrx_word' id='word_1_682' title='bbox 1511 5112 1627 5162; x_wconf 83' lang='lat' dir='ltr'><strong>rationem</strong></span> <span class='ocrx_word' id='word_1_683' title='bbox 1643 5109 1724 5166; x_wconf 86' lang='lat' dir='ltr'><strong>luisse,</strong></span> <span class='ocrx_word' id='word_1_684' title='bbox 1737 5113 1764 5152; x_wconf 85' lang='lat' dir='ltr'><strong>er</strong></span> <span class='ocrx_word' id='word_1_685' title='bbox 1775 5097 1798 5146; x_wconf 78' lang='lat' dir='ltr'><strong>iit</strong></span> <span class='ocrx_word' id='word_1_686' title='bbox 1807 5098 1845 5155; x_wconf 76' lang='lat' dir='ltr'><strong>quo</strong></span> 
     </span>
     <span class='ocr_line' id='line_1_48' title="bbox 298 5181 1845 5264; baseline 0.003 -20"><span class='ocrx_word' id='word_1_687' title='bbox 298 5195 426 5250; x_wconf 70' lang='lat' dir='ltr'><strong>contrariis</strong></span> <span class='ocrx_word' id='word_1_688' title='bbox 443 5196 491 5246; x_wconf 87' lang='lat' dir='ltr'><strong>illis</strong></span> <span class='ocrx_word' id='word_1_689' title='bbox 507 5209 537 5246; x_wconf 82' lang='lat' dir='ltr'><strong>ex</strong></span> <span class='ocrx_word' id='word_1_690' title='bbox 558 5195 648 5262; x_wconf 89' lang='lat' dir='ltr'><strong>quibus</strong></span> <span class='ocrx_word' id='word_1_691' title='bbox 666 5197 718 5262; x_wconf 82' lang='lat' dir='ltr'><strong>ipse</strong></span> <span class='ocrx_word' id='word_1_692' title='bbox 738 5198 879 5260; x_wconf 83' lang='lat' dir='ltr'><strong>constabat,</strong></span> <span class='ocrx_word' id='word_1_693' title='bbox 898 5199 930 5248; x_wconf 87' lang='lat' dir='ltr'><strong>ad</strong></span> <span class='ocrx_word' id='word_1_694' title='bbox 949 5198 1072 5262; x_wconf 86' lang='lat' dir='ltr'><strong>proprium</strong></span> <span class='ocrx_word' id='word_1_695' title='bbox 1092 5235 1096 5248; x_wconf 83' lang='lat'>.</span> <span class='ocrx_word' id='word_1_696' title='bbox 1117 5213 1199 5252; x_wconf 88' lang='lat' dir='ltr'><strong>eume</strong></span> <span class='ocrx_word' id='word_1_697' title='bbox 1211 5201 1326 5264; x_wconf 86' lang='lat' dir='ltr'><strong>Platone,</strong></span> <span class='ocrx_word' id='word_1_698' title='bbox 1341 5203 1394 5253; x_wconf 91' lang='lat' dir='ltr'><strong>tum</strong></span> <span class='ocrx_word' id='word_1_699' title='bbox 1407 5202 1481 5254; x_wconf 83' lang='lat' dir='ltr'><strong>etiem</strong></span> <span class='ocrx_word' id='word_1_700' title='bbox 1494 5215 1509 5253; x_wconf 86' lang='lat' dir='ltr'><strong>a</strong></span> <span class='ocrx_word' id='word_1_701' title='bbox 1523 5201 1617 5254; x_wconf 76' lang='lat' dir='ltr'><strong>ceteris</strong></span> <span class='ocrx_word' id='word_1_702' title='bbox 1630 5193 1775 5262; x_wconf 74' lang='lat' dir='ltr'><strong>dispoliatur,</strong></span> <span class='ocrx_word' id='word_1_703' title='bbox 1787 5181 1845 5232; x_wconf 71' lang='lat'><strong>⁰⁶¹⁰¹¹&#39;</strong></span> 
     </span>
    </p>
   </div>
   <div class='ocr_carea' id='block_1_6' title="bbox 1061 5292 1121 5352">
    <p class='ocr_par' dir='ltr' id='par_1_6' title="bbox 1061 5292 1121 5352">
     <span class='ocr_line' id='line_1_49' title="bbox 1061 5292 1121 5352; baseline 0 -1"><span class='ocrx_word' id='word_1_704' title='bbox 1061 5292 1121 5352; x_wconf 74' lang='lat' dir='ltr'><strong>sut</strong></span> 
     </span>
    </p>
   </div>
   <div class='ocr_carea' id='block_1_7' title="bbox 0 0 1984 5942">
    <p class='ocr_par' dir='ltr' id='par_1_7' title="bbox 0 0 1984 5942">
     <span class='ocr_line' id='line_1_50' title="bbox 0 0 1984 5942; baseline 0 0"><span class='ocrx_word' id='word_1_705' title='bbox 0 0 1984 5942; x_wconf 95' lang='lat' dir='ltr'><strong> </strong></span> 
     </span>
    </p>
   </div>
  </div>
 </body>
</html>
