3958 5942
853 421 1102 486 FRAGMENTA.
1723 439 1780 501 lim

178 541 243 620 πρῦν
255 540 300 602 καί
317 543 447 624 νεανικόν,
461 549 507 618 τῆς
515 547 608 627 ἀρετῆς
618 595 626 623 ,
638 548 680 608 διά
689 548 720 608 τδ
732 554 778 623 τῆς
788 553 873 632 ψυχῆς
883 559 959 628 θεῖον,
1003 578 1068 629 κησε
1079 555 1092 594 b
1105 561 1223 618 καθελεῖν
1238 574 1283 619 και
1297 560 1445 638 ἀτιμάσαι,
1461 581 1505 622 και
1520 571 1612 645 μικροῦ
1629 569 1681 626 δεῖν
1698 572 1780 646 μηδέν

178 633 262 690 σῶσαι
277 633 436 705 δυνηθείσης·
449 634 482 692 τά
497 657 527 694 τε
541 641 587 708 τῆς
601 638 701 720 φάσεως
710 636 855 719 πράγματα
864 643 959 715 πάντα,
1003 647 1135 726 ἀποφῆναι
1149 648 1196 718 τῆν
1216 648 1313 730 ψυχήν.
1328 650 1399 710 Οὔτε
1421 649 1471 730 γάρ
1483 658 1586 729 πνεῦμα
1599 660 1620 727 ⁰,
1635 654 1693 714 οὔτε
1714 663 1779 738 πῦρ,

177 723 244 780 κατά
262 720 310 792 τὴν
326 725 372 793 τῆς
382 722 471 800 ψυχῆς
484 720 624 800 διοίκησιν,
637 724 700 805 leka
711 727 741 786 τὸ
756 729 843 795 καλῶς
855 731 958 790 διοικεῖ·
1002 731 1061 792 ιιῦτε
1071 735 1234 812 ῦλωςσιῦμα,
1249 737 1309 797 ἀλλ’
1324 739 1381 798 οὐδὲ
1391 739 1545 820 ἀσώματον,
1559 731 1611 801 οἷον
1625 734 1689 800 εἷναί
1700 769 1728 804 τε
1741 745 1779 827 ἀφ’

176 809 237 896 σθαι
252 805 387 866 δύνασθαι.
404 807 491 889 Ψυχὴ
506 809 557 889 γάρ
568 820 657 884 πᾶσα,
667 813 742 894 φησί,
753 815 849 882 παντὸς
861 817 955 895 έπιμε-
1002 825 1094 881 ἑαυτοῦ
1109 823 1154 884 καὶ
1166 831 1303 899 κινεῖσθαι,
1316 829 1375 886 ἀλλ’
1390 829 1442 887 οὐδ’
1459 825 1519 888 ὅσον
1532 831 1575 891 ἐπὶ
1590 837 1635 889 τοῦ
1651 833 1778 910 σώματος·

170 897 257 954 lateo
271 900 317 953 τοῦ
333 895 444 976 ἀψύχου·
458 897 544 956 πάντα
552 897 580 959 δέ
589 901 697 981 οὐρανὸν
711 903 848 980 περιπολεῖ
867 905 955 966 ἄλλοτ’
1000 908 1132 984 ἀκίνητον,
1146 914 1190 970 καὶ
1210 916 1244 980 ὡς
1256 914 1336 972 εἰπεῖν
1350 915 1462 997 ἄψυχον.
1481 909 1545 978 Olor
1563 919 1614 999 γάρ
1628 920 1688 980 τάδε
1707 925 1778 982 ἐτάλ-

174 985 200 1040 έν
214 985 302 1050 ἄλλοις
321 981 400 1044 είδεσι
418 987 550 1064 γινομένη.
566 987 645 1047 Ἀλλά
661 989 713 1068 μὴν
729 991 773 1048 καὶ
789 993 821 1049 τά
838 997 884 1064 τῆς
899 996 953 1053 έπι·
1001 1021 1096 1075 μησεν,
1114 998 1190 1070 ῆκαλ
1202 1002 1411 1081 ἀπηναγκιίσθη,
1426 1009 1461 1072 ὡς
1473 1005 1580 1072 solet<
1598 1009 1777 1090 πρωτουργοῦς

174 1070 276 1146 στῆμης
294 1071 340 1132 καί
355 1077 403 1146 τῆς
424 1072 514 1154 σοφίας
537 1075 583 1134 καλ
605 1078 641 1144 εἰς
666 1075 714 1150 τὴν
739 1079 885 1139 ἀθανασίαν
910 1086 956 1154 τῆς
1000 1083 1113 1157 κινήσεις
1129 1083 1143 1122 ⁶
1165 1087 1304 1169 ἀφελέσθαι
1318 1095 1364 1160 τῆς
1378 1095 1474 1172 ψυχῆς,
1488 1094 1518 1152 τὸ
1532 1095 1733 1174 βουλεύσασθαι,
1750 1100 1779 1156 τὸ

174 1163 260 1240 ψυχῆς
284 1165 400 1234 ἀνῆπται
423 1167 461 1244 τῷ
487 1164 622 1224 Πλάτωνι.
643 1169 734 1228 tiseos
757 1166 808 1248 γάρ
822 1171 849 1228 αἱ
871 1171 954 1246 μαθῆ-
1000 1174 1176 1248 διανοηθῆναι,
1187 1177 1217 1234 τὸ
1227 1179 1413 1256 προσδοκῆσαι,
1424 1181 1454 1239 τὸ
1467 1188 1656 1258 μνημονεῦσαι,
1669 1185 1697 1243 τὸ
1710 1186 1779 1265 λογί-

173 1271 226 1318 σεις
247 1256 269 1322 ⁸,
295 1251 463 1327 ἀναμνήσεις·
488 1253 534 1312 καὶ
551 1256 598 1313 σιἰκ
622 1254 708 1322 ἄλλως
733 1254 815 1315 οἴεται
831 1257 955 1319 δύνασθαι
999 1267 1110 1335 σασθαι;
1124 1266 1164 1324 Οὐ
1177 1264 1227 1344 γάρ
1241 1270 1328 1347 ψυχῆς
1341 1267 1424 1326 ταῦτά
1438 1271 1492 1328 ἐστι
1505 1270 1539 1330 τδι
1549 1272 1696 1348 κινήματα,
1712 1279 1776 1346 ὁτῆς

172 1339 300 1410 σώζεσθαι
319 1339 367 1413 τὴν
381 1341 489 1412 ζήτησιν
510 1341 555 1401 καλ
576 1343 709 1420 μάθησιν,
726 1342 752 1412 έξ
768 1335 804 1403 ὧν
821 1346 954 1426 ίπιστῆμη
999 1351 1168 1434 φάσεώςφησι
1176 1354 1357 1433 γραμματεύς.
1368 1357 1510 1437 Πάνυγοῦν
1523 1349 1595 1425 οῦτός
1610 1364 1665 1420 ἐστι
1676 1373 1778 1436 πιστός,

173 1430 282 1509 γίνεται.
325 1433 359 1492 El
380 1431 407 1490 δέ
426 1431 463 1508 μή
487 1433 557 1492 ἐστιν
580 1437 596 1504 ἡ
621 1433 694 1514 diupei
721 1435 865 1511 ἀθάνατος,
896 1440 954 1498 οὐδέ
998 1439 1138 1510 ιῦςσυνῆκέ
1150 1443 1238 1522 τιιτερὶ
1249 1447 1300 1502 τῶν
1313 1445 1396 1518 έκτές,
1412 1450 1482 1517 ὁτῆς
1496 1452 1574 1505 αὑτοῦ
1589 1451 1674 1528 ψυχῆς
1687 1450 1779 1512 τοσάῦ·

174 1520 328 1596 ἀνάμνησις·
344 1522 365 1579 εί
391 1519 418 1578 δὲ
443 1519 481 1598 μῆ
496 1527 592 1592 τοῦτο,
612 1521 670 1581 οὐδὲ
693 1523 815 1598 μάθησις.
843 1526 954 1586 Πάντων
998 1551 1041 1587 τον
1057 1530 1260 1608 διημαρτηκώς,
1277 1535 1311 1598 ὡς
1324 1534 1386 1608 μηδ’
1403 1533 1442 1591 ὁέι
1457 1535 1597 1593 διανοεῖται
1612 1541 1775 1614 παρακολου·

173 1603 218 1666 σῦν
239 1615 285 1668 τοῦ
298 1609 438 1674 Πλάτωνος
463 1609 600 1686 δογμάτων
624 1613 739 1690 ἀτεχνῶς
757 1610 954 1693 ἐξηρτημένων,
998 1618 1061 1678 θεῖν.
1086 1618 1127 1678 οίι
1141 1617 1219 1698 γάρὴ
1235 1618 1327 1700 ψυχή,
1341 1619 1436 1701 φησίν,
1450 1621 1509 1678 ἀλλ’
1525 1627 1539 1680 ὁ
1556 1622 1690 1702 ἄνθρωπός
1708 1629 1777 1684 ἐστιν

171 1695 216 1755 καὶ
231 1696 431 1776 έγκρεμιιμένων
442 1702 489 1768 τῆς
498 1697 565 1758 κατά
581 1697 629 1770 τὴν
639 1695 726 1777 ψυχὴν
738 1699 856 1771 θεάτητός
866 1725 894 1761 τε
908 1703 954 1762 καλ
997 1709 1011 1764 ὁ
1027 1704 1124 1765 τούτοιν
1137 1707 1244 1768 ίκσστον
1261 1711 1386 1786 ἐνεργῶν,
1400 1713 1417 1780 ἡ
1430 1709 1502 1789 ψυχὴ
1520 1709 1546 1770 δὲ
1561 1711 1691 1783 ἀκίνητος.
1707 1715 1779 1775 Τοί-

171 1785 329 1855 ἀθανασίας,
345 1789 358 1844 ὁ
383 1784 420 1862 μὴ
445 1789 587 1864 συγγωρῶν
608 1790 700 1858 τοῦτο,
718 1784 765 1858 τῆν
784 1799 872 1848 πᾶσαν
888 1791 954 1849 ἀνα·
997 1819 1035 1874 τῳ
1050 1801 1185 1873 τοιγαροῦν
1203 1797 1325 1874 ΐπόμενος
1335 1799 1497 1878 Δικαίαρχος
1508 1805 1529 1870 ⁰,
1539 1799 1583 1856 καί
1598 1802 1656 1859 κατ’
1669 1801 1777 1861 ἀκολου-

171 1872 260 1952 τρέπει
274 1873 427 1954 φιλοσοφίαν
449 1873 600 1940 Πλάτωνος.
613 1873 666 1942 Τίς
681 1867 724 1934 οῦν
741 1878 810 1935 έστιν
824 1881 838 1936 ὁ
852 1883 954 1959 πρῶτος
998 1887 1041 1940 θον
1055 1882 1142 1950 ἱκανὸς
1157 1879 1193 1941 ὢν
1208 1889 1330 1964 θεωρεῖν,
1357 1885 1475 1964 ἀνῄρηκε
1496 1885 1545 1957 τὴν
1558 1884 1623 1960 ὅλην
1637 1891 1778 1949 ὑπόστασιν

170 1963 326 2043 ἐγχειρήσας
350 1963 535 2031 ἀντιτάξασθαι
555 1961 721 2034 ἀποδείξεσι,
737 1963 784 2024 καλ
798 1964 844 2036 τὴν
864 1966 952 2048 ψυχὴν
996 1973 1043 2039 τῆς
1057 1973 1154 2052 ψυχῆς.
1168 1967 1234 2030 Ὀτι
1245 1972 1294 2047 μὲν
1307 1971 1356 2050 γάρ
1371 1972 1480 2052 ἀόρατόν
1496 1997 1520 2032 τι
1537 1972 1583 2032 καὶ
1599 1973 1696 2058 ἀφανές
1707 1981 1776 2036 ἐστιν

172 2049 314 2130 ἀφελέσθαι
334 2055 380 2124 τῆς
392 2051 535 2119 ἀθανασίας
547 2051 593 2110 καὶ
614 2056 660 2122 τῆς
674 2051 755 2122 ἀλλης
770 2053 857 2126 πάσης
872 2057 951 2115 δυνά·
996 2059 1114 2140 ὴψυχῆ,
1130 2061 1217 2131 δῆλον·
1232 2059 1300 2119 ὥστε
1317 2061 1364 2119 οὐκ
1385 2059 1416 2119 ἀν
1440 2062 1483 2120 διά
1497 2085 1526 2139 γε
1538 2062 1585 2134 τὴν
1602 2063 1654 2122 ἀπὸ
1668 2068 1719 2122 τῶν
1734 2069 1777 2124 ol·

172 2160 257 2216 μεως;
275 2139 322 2206 Τίς
333 2141 355 2198 δ’
372 2139 456 2221 έτερος
476 2139 493 2211 ἢ
512 2139 738 2220 δἈριστοτέλης;
755 2143 816 2202 Τιῦν
832 2141 880 2220 μέν
899 2144 950 2224 γὰρ
999 2151 1115 2219 σθῆσεων
1128 2147 1257 2226 ἀνέργειαν
1270 2149 1377 2225 δοίημεν
1390 2138 1558 2230 εἷναιψυχήν.
1572 2156 1606 2211 At
1621 2151 1648 2210 δὲ
1666 2153 1778 2225 κινῆσεις

172 2229 259 2288 ἄλλων
272 2232 295 2287 οἱ
319 2229 366 2307 μέν
381 2227 556 2306 ἐπιδιαμένειν
578 2229 777 2309 συνεχώρησαν·
791 2232 819 2289 οἱ
840 2231 862 2290 δ’
875 2235 897 2290 εί
913 2233 950 2310 μὴ
997 2237 1078 2307 αὐτῆς
1090 2240 1204 2316 ἀφανοῦς
1220 2241 1317 2307 οῦσης,
1335 2239 1489 2314 ἀναγκάζειν
1502 2243 1571 2314 ἡμᾶς
1582 2239 1700 2298 δοκοῦσιν
1711 2232 1778 2300 εἷναί

170 2317 214 2376 καί
229 2323 323 2396 τοῦτο,
338 2313 447 2394 δύναμίν
461 2341 491 2395 γε
505 2320 532 2376 έν
540 2319 577 2398 τῷ
590 2317 694 2396 σώματι
708 2318 754 2378 καὶ
767 2317 868 2391 κίνησίν
883 2345 950 2397 τινα,
997 2345 1022 2382 τι
1035 2323 1082 2394 τὴν
1096 2320 1183 2402 ψυχὴν
1197 2325 1344 2400 ὁμολογεῖν.
1356 2328 1450 2384 Ταῦτα
1468 2325 1519 2404 γάρ
1532 2325 1601 2392 ἅπας
1612 2349 1650 2394 τις
1665 2329 1777 2387 συνιέναι

171 2406 217 2464 καλ
242 2408 306 2486 ἔργα
325 2406 371 2464 καὶ
386 2405 492 2486 πράξεις
511 2405 654 2482 ἀπένειμαν
676 2411 709 2488 τῇ
729 2411 814 2488 ψυχῇ.
858 2407 894 2470 ‘0
906 2411 949 2484 δέ,
997 2411 1066 2470 δοκεῖ
1079 2414 1126 2477 τῆς
1139 2413 1229 2489 ψυχῆς
1245 2409 1307 2468 ὄντα
1315 2456 1323 2481 ,
1337 2411 1366 2468 τὸ
1382 2413 1550 2490 βουλεύεσθαι
1566 2413 1611 2470 καλ
1626 2413 1777 2476 σκοπεῖσθαι

170 2494 224 2576 ὅσῳ
238 2518 287 2574 περ
303 2494 414 2554 Πλάτων
431 2494 593 2574 ἀποσέμνυνε
610 2494 640 2553 τδ
653 2500 700 2569 τῆς
717 2499 804 2578 ψυχῆς
825 2505 951 2577 πρᾶγμα,
990 2497 1041 2558 ’καὶ
1056 2496 1113 2556 καθ’
1136 2496 1165 2556 δν
1190 2499 1286 2571 δήποτε
1313 2498 1408 2576 τρόπον
1432 2500 1598 2558 διανοεῖσθαι.
1621 2499 1709 2562 Ὅταν
1724 2504 1775 2582 γὰρ

170 2585 254 2664 ἀρχὴν
268 2584 408 2665 γενέσεως,
428 2585 474 2644 καλ
491 2591 549 2645 θεοῦ
566 2583 715 2662 παίδευμα,
731 2583 776 2645 καί
791 2588 843 2643 τῶν
864 2586 948 2645 ἀπάν-
997 2586 1093 2664 ἴδωμεν
1108 2585 1138 2644 τὸ
1150 2589 1246 2664 σῶμα,
1267 2585 1312 2645 καλ
1327 2584 1372 2653 τάς
1386 2585 1477 2646 τούτου
1492 2587 1627 2666 δυνάμεις,
1643 2589 1687 2646 κοιλ
1702 2592 1777 2648 ἀνθιν-

169 2696 221 2731 των
239 2674 381 2754 προστάτιν
404 2673 614 2755 ἀποφηνάμενος·
635 2673 751 2755 τοσούτῳ
776 2673 808 2745 δὴ
826 2675 950 2754 έφιλονεί-
997 2678 1124 2754 μηθῶμεν
1138 2675 1166 2735 δά
1182 2676 1229 2743 τάς
1249 2673 1373 2742 τοιαῦτας
1388 2676 1518 2755 ἐνεργείας
1528 2722 1537 2756 ,
1554 2681 1589 2744 ὡς
1609 2680 1638 2736 οῦ
1654 2677 1777 2756 σώματος

169 2902 194 2952 iu
208 2915 290 2952 renam
304 2905 391 2953 uatum
403 2915 450 2967 pro
461 2903 599 2953 animorum
612 2901 822 2954 administratione
835 2903 951 2967 preclare
969 2905 976 2972 Ι
998 2916 1027 2953 ac
1041 2915 1086 2967 per
1097 2915 1124 2954 se
1137 2905 1268 2954 mereatur
1281 2923 1286 2954 :
1298 2904 1364 2968 quod
1373 2904 1454 2968 ipsum
1468 2917 1513 2953 uec
1525 2905 1548 2954 ai
1559 2905 1686 2966 ιωιιεεάίῑ,
1701 2909 1730 2956 ut
1741 2908 1780 2956 ast

169 2989 319 3041 ordinantur.
344 2990 448 3041 Animus
468 2989 533 3040 euim
555 2990 650 3051 omnia,
668 2989 760 3055 iuquit,
775 2989 856 3041 amuis
871 2989 950 3041 manl-
997 2991 1022 3039 in
1036 3002 1153 3054 torpore,
1164 3003 1267 3054 prorsus
1282 2989 1451 3072 utimmobills
1464 2989 1505 3040 ille
1520 2991 1553 3041 sit
1563 2994 1678 3054 atqueut
1691 2991 1725 3042 ita
1738 2991 1775 3041 di·

168 3079 229 3130 mati
242 3092 326 3130 curam
347 3078 398 3144 agit
417 3097 424 3128 ε
446 3077 561 3142 idemque
572 3081 652 3129 totum
668 3077 760 3128 coelum
775 3078 879 3140 lustrat,
896 3084 951 3144 sps·
997 3091 1051 3128 cam
1064 3077 1194 3129 inautrnus.
1209 3077 1529 3142 cujusmodiridelioettoc
1538 3081 1577 3130 est
1587 3080 1779 3146 vitium,utpri·

168 3167 231 3219 ciem
256 3167 281 3218 in
304 3167 359 3218 aliis
378 3166 451 3218 uiam
472 3170 547 3232 atque
569 3167 642 3218 aliam
662 3167 774 3219 indueus.
819 3169 951 3219 ituirurero
997 3166 1087 3217 marios
1099 3167 1172 3217 etiarn
1192 3169 1274 3217 motus
1287 3167 1369 3218 εσὶισο
1382 3168 1422 3218 rel
1443 3168 1533 3218 audeat
1547 3169 1586 3219 vel
1608 3171 1710 3231 cogatur
1727 3169 1778 3218 adi·

166 3255 287 3320 quidquid
308 3255 418 3306 scientia
433 3255 737 3321 acsapieutiaproprium
755 3257 810 3317 est,
823 3255 848 3306 id
872 3257 951 3306 totum
996 3271 1076 3319 mera,
1100 3255 1312 3317 deliberationem,
1340 3256 1528 3322 cogitationem,
1554 3257 1778 3320 exspectationum,

167 3359 225 3395 eum
238 3345 312 3396 animi
331 3345 515 3396 immortalitate
536 3345 605 3396 Plato
616 3346 753 3397 conuexult.
790 3346 875 3396 omnis
886 3346 950 3396 enim
997 3345 1201 3408 recordationem,
1214 3346 1431 3398 ratiocinationem.
1468 3349 1552 3409 Neque
1569 3345 1635 3396 euim
1649 3346 1724 3397 animi
1741 3347 1779 3396 baa

167 3433 285 3484 docmina
292 3435 418 3499 perceptio
430 3433 570 3485 recordatio
583 3433 698 3497 quaedam
709 3437 748 3485 est
763 3447 770 3479 ε
785 3448 864 3500 usque
878 3435 950 3485 aliter
996 3437 1055 3483 sunt
1073 3431 1265 3494 commotiones,
1287 3433 1367 3496 inquit
1381 3433 1429 3484 iste
1448 3437 1543 3484 naturas
1566 3438 1660 3484 auctor.
1683 3434 1777 3485 Admo-

169 3535 251 3573 rrrum
263 3521 474 3586 iuvestigau'onem
486 3523 513 3572 et
524 3522 711 3587 perceptionem,
724 3535 756 3573 ex
768 3523 859 3585 quibus
871 3523 951 3574 scien·
996 3523 1056 3573 dum
1069 3525 1135 3574 certe
1152 3521 1239 3586 diguus
1252 3521 1360 3586 tricast,
1374 3537 1448 3587 quem
1467 3523 1499 3574 de
1514 3524 1588 3591 rebus
1601 3523 1711 3575 externis
1729 3523 1777 3574 ali·

167 3611 202 3662 tia
213 3610 332 3674 nascitur,
341 3609 434 3660 serrari
446 3624 518 3676 passa
531 3609 673 3662 arbitratur.
687 3610 782 3669 Quodsi
795 3610 892 3661 animus
903 3625 951 3660 non
996 3609 1057 3672 quid
1077 3608 1215 3673 percepisse
1238 3593 1382 3671 credamus,
1400 3611 1443 3673 qui
1464 3613 1560 3661 mutum
1576 3611 1608 3660 ab
1621 3611 1703 3660 auimo
1723 3623 1776 3673 rpse

167 3701 206 3750 ost
221 3698 382 3760 immortalis,
395 3711 427 3749 ue
440 3697 577 3750 recordatio
588 3698 688 3763 quidem
699 3697 749 3748 ulla
759 3701 814 3759 est;
830 3711 880 3761 qua
890 3698 950 3749 sub·
996 3711 1042 3747 suo
1050 3696 1189 3759 aberravit,
1212 3701 1240 3748 ut
1252 3711 1283 3748 nc
1295 3699 1417 3762 propriam
1432 3698 1533 3761 quidem
1546 3698 1599 3760 ejus
1612 3711 1668 3748 asse
1681 3697 1775 3758 cogim-

168 3788 229 3850 lata,
243 3801 275 3838 ue
291 3787 418 3852 disciplina
434 3787 532 3851 quidem
551 3786 601 3838 ulla
616 3786 746 3852 supererit
773 3791 856 3846 Quum
876 3786 952 3851 igitur
996 3785 1087 3835 tionem
1096 3785 1231 3850 intelligere
1244 3785 1496 3850 potueritliouenim
1505 3785 1616 3844 unimus,
1632 3784 1720 3848 iuquit,
1733 3785 1777 3834 sest

169 3877 284 3943 dogmata
295 3875 405 3926 Platonis
419 3876 572 3926 universaer
583 3874 659 3926 animi
673 3874 805 3926 divinitate
818 3878 843 3926 et
854 3874 952 3926 irascor·
997 3872 1072 3922 homo
1096 3871 1180 3938 potius
1198 3871 1275 3923 elficit
1297 3872 1353 3922 boc
1369 3871 1452 3920 omnia
1474 3869 1595 3920 eanimua
1617 3883 1677 3920 varo
1695 3872 1778 3921 manet

167 3965 263 4016 latitate
275 3965 374 4015 omnium
386 3967 443 4029 apta
456 3977 611 4028 aesuspensa
628 3963 690 4025 sint,
703 3963 748 4029 qul
763 3963 811 4014 boc
824 3964 951 4014 docrctum
996 3959 1135 4011 immobilis.
1157 3963 1245 4023 ltaque
1257 3961 1322 4010 huuc
1341 3960 1440 4010 secutus
1460 3961 1546 4023 postea
1565 3957 1737 4019 Dicaearchus,
1751 3957 1776 4008 id

168 4055 273 4119 rejiciat,
288 4054 419 4105 isomoem
432 4053 540 4104 Platonis
555 4052 734 4118 philosophiam
752 4052 865 4103 funditus
877 4065 950 4103 orer·
996 4051 1062 4116 quod
1073 4065 1105 4102 an
1114 4065 1144 4101 ea
1154 4051 1265 4101 doctrina
1276 4063 1429 4114 consequeus
1445 4052 1499 4100 erat
1510 4049 1603 4114 optime
1613 4063 1690 4112 quum
1705 4048 1774 4100 ride·

168 4147 204 4196 tat
217 4158 317 4196 necesse
334 4145 382 4196 est.
426 4143 487 4202 Quis
502 4156 560 4206 ergo
578 4144 673 4207 primus
692 4143 801 4194 omnium
821 4143 952 4193 Platonicis
995 4143 1046 4200 ret,
1067 4141 1146 4189 totam
1170 4138 1244 4188 animi
1265 4140 1379 4189 naturam
1401 4136 1512 4188 illuditus
1535 4138 1643 4188 sustulit.
1668 4141 1777 4202 itumque

167 4233 416 4285 demonstrationibus
438 4245 573 4298 repugnare
593 4235 792 4297 aggressusest,
815 4233 953 4294 atqueani·
995 4227 1057 4277 illud
1077 4228 1306 4288 constabulum
1327 4239 1380 4277 rem
1403 4238 1483 4290 noque
1504 4225 1678 4290 aspectabilem
1698 4239 1778 4291 noque

167 4337 235 4374 mum
256 4323 328 4374 simul
354 4323 539 4373 immortalitate
563 4336 592 4372 ac
618 4321 734 4372 bcmtate
756 4319 822 4371 omui
845 4317 951 4385 prlrars.
996 4316 1151 4381 conspicuam
1163 4329 1216 4366 esse
1229 4334 1235 4364 ι
1246 4329 1296 4378 quo
1310 4315 1347 4377 tut,
1362 4318 1391 4365 ut
1399 4315 1488 4367 saltem
1499 4319 1598 4379 propter
1610 4315 1703 4365 nullam
1719 4329 1777 4367 seu·

167 4411 229 4471 Quis
244 4413 326 4462 autem
344 4411 407 4461 alios
423 4411 470 4460 nisi
489 4409 650 4460 Aristoteles?
673 4413 735 4460 liam
748 4422 780 4460 ex
791 4409 880 4460 ceteris
893 4410 951 4474 qui-
994 4419 1070 4456 suum
1086 4403 1254 4466 efficentiam,
1264 4405 1372 4455 animum
1386 4417 1441 4455 esse
1450 4403 1510 4455 dare
1520 4402 1662 4455 debeamus.
1676 4407 1708 4454 st
1719 4417 1778 4455 vero

166 4499 224 4552 dam
237 4515 294 4552 eum
315 4499 428 4552 stabilem
444 4513 587 4565 permanere
608 4497 746 4550 mucedunt
764 4499 910 4562 connutriti,
930 4501 951 4550 si
996 4493 1094 4545 latentis
1106 4493 1181 4544 annul
1196 4493 1319 4544 motiones
1337 4505 1424 4556 cogere
1443 4505 1489 4544 uos
1504 4491 1630 4550 videntur,
1643 4488 1777 4554 utaliquid

167 4590 251 4642 miuus
261 4590 309 4641 hoc
322 4590 439 4656 probant,
457 4589 508 4640 vim
525 4591 593 4640 certo
611 4589 721 4654 aliquam
735 4589 762 4638 et
781 4587 912 4639 motionem
926 4589 951 4638 in
995 4585 1077 4650 ipsum
1088 4597 1142 4635 esse
1153 4583 1323 4634 confiteamur.
1350 4585 1428 4634 tiemo
1442 4581 1508 4632 euim
1521 4579 1574 4632 tere
1584 4581 1632 4640 est,
1650 4580 1711 4643 quiu
1723 4579 1777 4628 base

166 4691 269 4745 consors
281 4691 339 4730 cum
354 4677 457 4744 propriis
467 4675 615 4741 quibusdam
628 4675 769 4728 actionibus
782 4676 863 4726 animo
877 4677 951 4728 relin-
996 4673 1069 4724 annui
1082 4671 1181 4737 propria
1192 4685 1248 4723 esse
1265 4670 1393 4736 intelligat,
1411 4669 1562 4730 deliberare,
1583 4667 1739 4718 considerare
1752 4669 1778 4717 et

166 4769 254 4832 quant.
276 4765 419 4816 Aristoteles
442 4765 538 4824 autem
558 4777 609 4830 quo
624 4762 819 4828 magnificentius
842 4762 952 4812 animum
996 4775 1142 4828 quocunque
1153 4761 1352 4826 modocogitara.
1375 4762 1437 4810 liam
1453 4757 1553 4824 quando
1566 4771 1657 4822 corpus
1679 4758 1705 4808 et
1724 4769 1777 4806 cor-

169 4855 240 4907 l‘lato
255 4855 438 4916 celebraverat,
458 4866 536 4916 quum
549 4852 620 4902 illum
640 4855 667 4902 et
679 4855 750 4902 ortus
768 4850 913 4916 principium
927 4853 952 4902 et
997 4852 1064 4918 poris
1081 4851 1211 4902 facultates
1227 4850 1356 4910 ridemus,
1369 4847 1493 4910 simulque
1506 4847 1568 4898 talea
1584 4847 1654 4894 actus
1668 4843 1777 4908 eorporis

169 4943 211 4996 dei
222 4943 347 4996 alumnum
361 4945 387 4994 et
398 4955 479 4992 rerum
494 4941 602 4992 omnium
615 4939 744 5005 presidem
756 4939 890 5004 appellaret
906 4953 952 4990 ιοο
997 4955 1051 4992 esso
1066 4955 1115 4992 uon
1127 4953 1200 5006 posse
1220 4941 1363 5004 reputamus
1383 4957 1389 4986 ι
1410 4935 1476 4986 alirrd
1497 4933 1640 4998 quippiam,
1653 4932 1720 4997 quod
1734 4947 1777 4997 por

170 5033 248 5098 magis
259 5031 393 5094 contendit,
404 5029 620 5091 uteumabjioeret
631 5031 706 5093 atqua
713 5030 894 5092 aspernaretur,
903 5028 952 5079 lma
997 5043 1023 5080 se
1038 5029 1167 5089 deliberet,
1186 5028 1212 5077 in
1226 5025 1295 5076 nobis
1309 5038 1379 5084 esse,
1395 5025 1470 5087 atque
1487 5021 1548 5073 illud
1564 5021 1645 5085 ipsum
1667 5020 1775 5070 animum

170 5135 229 5172 vero
251 5121 312 5172 nibil
334 5118 511 5186 propemodum
529 5131 584 5169 esse
599 5117 748 5168 ostenderet.
766 5117 863 5182 Quippe
874 5131 953 5182 neque
997 5130 1051 5169 εσσε
1068 5115 1230 5167 concedimus.
1245 5114 1314 5164 Unde
1326 5113 1406 5174 enim,
1422 5111 1445 5161 si
1458 5123 1506 5160 non
1526 5108 1597 5170 indo,
1615 5107 1707 5172 aliquid
1729 5123 1776 5157 un-

170 5211 285 5278 spirttum
310 5210 378 5262 illum
398 5222 467 5272 esse,
485 5219 565 5271 nequo
583 5206 677 5271 iguem,
691 5218 770 5269 neque
789 5205 889 5256 omuino
901 5220 954 5256 ror·
998 5219 1072 5269 quam
1091 5205 1123 5254 de
1141 5203 1223 5254 animo
1233 5201 1434 5252 credidimusisi
1449 5201 1505 5263 quis
1517 5197 1591 5264 igitur
1610 5198 1673 5260 ista,
1688 5197 1777 5262 quibus

170 5314 231 5366 pus,
245 5299 295 5350 imo
308 5311 353 5350 uec
367 5298 441 5349 etiam
453 5296 638 5360 incorporeum,
653 5293 801 5358 sicquidem
814 5294 842 5344 ut
856 5293 909 5358 ipse
919 5294 952 5344 sit
999 5291 1105 5342 maxime
1120 5289 1230 5355 proditur
1239 5289 1352 5352 animus,
1369 5289 1392 5343 ei
1401 5287 1505 5357 eripiens
1520 5286 1560 5338 alii
1570 5286 1669 5338 curiatam
1682 5287 1717 5337 rei
1732 5285 1774 5337 tri·
