3976 5948
232 399 274 464 ος)
942 383 1135 446 SPEUSlPPl

233 517 333 612 σχολὴν
352 527 528 594 διαδέξασθαι·
546 523 644 595 Quare
659 541 712 582 nos
730 541 846 600 auoque
860 533 1014 598 utramque
1063 523 1258 585 attribuimus.
1275 522 1346 582 vide
1359 543 1421 602 ηοω
1436 521 1566 580 diutinus
1582 521 1617 579 aa
1633 522 1848 602 praecedentem

232 619 385 700 cpiatolam
407 615 572 696 Speusippo
595 611 795 672 attribuimus.
825 611 867 669 lte
890 611 1015 686 singuiis
1062 616 1227 694 epistolam.
1244 613 1340 670 Pauca
1355 613 1391 670 de
1406 610 1542 670 lectionis
1567 611 1704 669 vadente
1720 610 1851 689 aliisque

235 709 308 768 iocis
323 725 416 788 panca
440 701 593 764 mouenda.
620 701 732 780 Scripsi
752 723 757 758 :
779 707 791 734 ¹
811 697 857 758 καί
874 696 905 769 δὴ
922 696 1014 782 ᾤμην]
1062 703 1150 762 rebus
1163 701 1316 760 monenda.
1332 698 1444 777 Scripsi
1460 721 1465 756 :
1483 707 1496 733 ⁸
1512 698 1582 758 κατά
1596 695 1627 756 τὸ
1642 693 1794 779 σωμάτιον]
1811 717 1850 756 ex

234 815 298 856 cum
314 794 447 868 Bremi03
463 791 547 852 codd.
560 789 647 850 καίτοι
656 787 743 872 ᾤμην.
755 821 795 836 -
808 787 822 824 ³
834 786 1014 866 Ἀκαδημίαν]
1062 811 1121 850 uno
1142 788 1260 862 codice;
1282 789 1318 848 ai.
1333 785 1394 868 περί
1409 786 1439 845 τὸ
1453 787 1602 864 σωμάτιον.
1612 785 1752 844 -δῶστι
1763 783 1850 862 μηδὲν

235 903 299 946 cum
316 883 403 948 codd.
425 882 559 962 quamuis
584 880 634 940 alii
649 879 759 958 ubique
779 877 826 936 vel
841 874 1016 952 Ἀκαδήμειαν
1063 879 1151 946 αὐτοῖς
1171 880 1281 958 ἐνεργεῖν
1298 875 1345 954 ἐμί
1358 875 1500 955 δύνασθαι]
1512 875 1600 935 codd.
1617 871 1685 933 ὥστε
1701 874 1782 952 μηδὲν
1798 875 1848 932 αὒ-

235 974 281 1032 vel
299 971 463 1048 Ἀκαδημίαν
484 969 671 1029 scribendum
693 979 838 1026 censeant.
853 963 920 1024 vid.
937 963 1017 1022 Butt·
1063 951 1850 1046 τοῑςίνεργεῖιδύνασδαι.-“διδτδθειύτατονε’ίναι]Ρίαιο

236 1079 335 1121 manu.
351 1059 483 1118 Gramm.
499 1055 591 1114 Graec.
605 1069 674 1114 tom.
698 1053 725 1112 ίί
743 1075 772 1132 p.
792 1053 849 1110 δύο
871 1071 932 1130 seq.
951 1083 991 1096 -
1007 1059 1018 1087 ⁰
1063 1053 1142 1114 Tim.
1156 1075 1185 1132 p.
1204 1063 1239 1126 ll
1253 1053 1301 1121 τὰς
1317 1051 1364 1132 μὲν
1379 1050 1411 1126 δή
1422 1053 1491 1120 θείας
1500 1053 1635 1132 περιόδους
1653 1051 1697 1110 δύο
1707 1051 1805 1124 οὔσας,
1820 1051 1852 1108 τὸ

237 1147 354 1226 συνέχειν
365 1147 408 1205 τὸν
417 1145 580 1226 περίπατον]
590 1149 632 1202 De
643 1139 841 1202 simultatibus
854 1159 926 1218 quaa
937 1139 1018 1197 Plato
1064 1149 1109 1201 τοῦ
1123 1141 1219 1208 παντδς
1231 1145 1324 1222 σχῆμα
1338 1143 1572 1220 ἀπομιμησάμενοι
1588 1139 1724 1222 περιφερές
1743 1138 1792 1213 ds,
1814 1143 1852 1204 είς

237 1257 302 1296 cuin
314 1235 471 1294 Aristotele
481 1232 619 1290 habuisse
632 1231 740 1288 dicitur
755 1229 824 1287 vide
837 1227 940 1288 AElian.
952 1247 1017 1288 aar.
1065 1229 1225 1310 σφαιροειδές
1248 1233 1326 1307 σῶμα
1348 1229 1487 1304 ένέδησαν,
1514 1234 1591 1289 τούτο
1616 1229 1630 1288 8
1656 1233 1701 1288 νῦν
1729 1227 1851 1312 κεφαλήν
1910 1279 1918 1294 ,

237 1325 305 1385 hist.
321 1323 374 1386 lib.
387 1321 431 1384 ίίί
444 1342 511 1402 cap.
529 1318 699 1398 19.-.‘¹ta
713 1317 919 1398 οὖτῇτυχούσῃ
935 1313 1020 1396 τιμῇ]
1066 1317 1303 1398 ἐπονομάζομεν,δ
1326 1317 1457 1379 θειότατόν
1478 1317 1501 1377 τ’
1528 1319 1584 1378 ἐστὶ
1604 1317 1649 1377 καί
1673 1319 1725 1376 τῶν
1741 1322 1767 1377 έν
1784 1323 1853 1395 ἡμῖν

238 1413 308 1473 libri
324 1415 351 1472 ίν
366 1416 399 1494 τῇ
413 1411 529 1492 τυχούσῃ
549 1413 625 1490 τιμῇ.
644 1407 700 1468 Sed
717 1407 878 1484 requiritur
894 1407 1018 1482 negatio.
1066 1407 1170 1468 πάντων
1195 1409 1346 1468 δισποτοῦν·
1371 1399 1393 1488 ᾧ
1414 1407 1459 1466 καί
1482 1415 1534 1465 πᾶν
1551 1407 1581 1466 τὸ
1596 1409 1675 1486 σῶμα
1698 1407 1853 1485 παρέδοσαν

237 1501 282 1562 cl.
294 1499 393 1578 Vigor.
419 1501 454 1559 de
469 1499 521 1558 Gr.
538 1499 608 1560 dict.
625 1497 667 1558 id.
686 1517 715 1576 p.
731 1497 785 1561 Stil,
800 1495 835 1553 ed
852 1493 947 1552 Herm.
960 1499 1020 1538 —2
1067 1497 1208 1576 ὑπηρεσίαν
1226 1499 1297 1576 αύτΐρ
1318 1494 1528 1576 ίυναδρσίσαντες
1552 1495 1621 1568 θεοί,
1637 1494 1853 1566 κατανοήσαντες

194 1634 196 1640 .
239 1590 365 1662 άπαδοίης
379 1589 401 1647 δ’
419 1587 472 1666 dv]
494 1585 565 1646 libri
580 1582 703 1666 ἀποδῴης
718 1585 740 1642 δ’
758 1583 800 1643 du.
816 1613 856 1626 -
869 1581 879 1617 ¹
892 1585 914 1640 εί
931 1606 1020 1662 παρα-
1067 1585 1106 1644 δτι
1130 1589 1223 1645 πασῶν
1237 1584 1297 1645 dcci
1312 1584 1427 1658 κινήσεις
1451 1583 1551 1644 ίσοιντο
1567 1583 1684 1664 μετέχοι.
1700 1583 1778 1643 Hinc
1802 1582 1853 1640 nl-

238 1676 374 1754 γενύμενος
387 1679 422 1743 είς
436 1672 598 1750 Ἀκαδημίαν
613 1671 656 1730 τὸν
678 1671 821 1752 περίπατον
836 1679 890 1738 τοῖς
903 1673 958 1739 σοῖς
977 1670 1020 1730 λύ-
1068 1677 1169 1734 cinous
1182 1695 1244 1755 cap.
1256 1677 1292 1734 aa
1307 1677 1342 1741 ὥς
1360 1673 1391 1732 δν
1406 1673 1433 1732 δὲ
1448 1673 1485 1750 μὴ
1498 1678 1544 1746 τῆς
1558 1671 1685 1754 φλυαρίας
1694 1675 1741 1742 τῆς
1756 1673 1855 1742 θνητῆς

239 1788 292 1843 toll
319 1760 453 1848 σννέχαιε]
482 1761 567 1821 codd.
592 1761 730 1819 mendose
755 1761 775 1818 εί
805 1759 1019 1840 παραγενόμενος
1069 1766 1304 1843 ἀναπιμπλάμενον
1321 1754 1338 1844 ᾖ
1354 1762 1384 1824 εδ
1398 1763 1464 1822 θεῖον
1488 1763 1568 1834 αὐτῆς
1588 1761 1633 1820 καί
1648 1759 1788 1834 ἀθάνατον,
1804 1783 1855 1818 κοι-

240 1851 406 1929 'Axotaplas
431 1851 607 1928 καδηίίῑρῑπί·
627 1857 688 1894 *⁸
702 1845 847 1928 πιστότης]
869 1867 934 1906 cum
952 1847 1021 1906 Bre-
1068 1851 1182 1934 τῴκισαν
1196 1853 1238 1912 tad
1250 1857 1297 1912 τοῦ
1307 1850 1430 1930 σώματος
1443 1849 1487 1909 tart
1499 1853 1544 1922 τῆς
1558 1839 1611 1908 οἷον
1625 1847 1791 1930 ἀκροπόλεως
1808 1847 1857 1926 ἄρ·

240 1940 318 2016 ani03
344 1937 430 2000 codd.
450 1935 552 2003 πιστός.
571 1967 611 1980 -
625 1939 639 1974 ¹¹
655 1937 706 1994 τῶν
730 1935 833 1994 πολλῶν
856 1932 1021 2016 ἀνθρώπων]
1058 1961 1117 2018 Ιχον
1141 1939 1186 1997 καί
1208 1941 1347 2018 βασιλεῦον
1369 1935 1565 2020 ἀποφήναντες,
1589 1935 1690 2009 οἴκησίν
1704 1957 1732 1994 τε
1747 1933 1857 1993 ἀπονεί-

241 2047 305 2088 cum
316 2029 434 2100 eodem3
451 2025 537 2086 codd.
551 2028 603 2083 τῶν
620 2021 773 2103 ἀνθρώπων.
1071 2051 1165 2105 μαντες
1183 2027 1313 2107 αὐτῷτὴν
1328 2023 1444 2106 κεφαλήν
1459 2029 1552 2106 σχῆμα
1561 2024 1674 2103 ἔχουσαν
1690 2021 1855 2102 μιμούμενον

282 2135 329 2176 rao·
346 2115 515 2182 Σπεύσιππος
532 2111 703 2196 Ξενοκράτει.
1069 2116 1099 2174 τδ
1114 2120 1160 2174 τοῦ
1170 2115 1274 2182 παντός.

279 2201 373 2274 Ἔδοξέ
393 2228 438 2284 μοι
452 2203 552 2285 γράψαι
575 2201 639 2282 πρὸς
663 2201 692 2260 σί
718 2201 858 2274 ἐπιστολήν
885 2201 945 2281 περί
973 2205 1023 2260 τῶν
1110 2223 1157 2264 iai.
1172 2202 1223 2264 Ἐκ
1237 2209 1284 2276 τῆς
1302 2201 1473 2264 Σπευσίππου
1488 2201 1551 2281 πρδς
1564 2200 1651 2262 Δίωνα
1662 2203 1812 2267 ἐπιστολῆς.

242 2291 451 2373 πυμὸεὸηκύτων
472 2290 541 2352 κατὰ
560 2289 590 2349 ‘td
604 2289 736 2368 σωμάτιον
749 2299 771 2350 ⁵.
788 2291 829 2350 Οίι
844 2289 894 2370 γὰρ
911 2289 1023 2372 μετρίως
1109 2291 1230 2372 Ἔγραψε
1245 2291 1272 2352 δέ
1293 2291 1338 2351 καί
1358 2289 1530 2358 Σπεύσιππος
1545 2292 1632 2368 αὐτῷ,
1647 2289 1685 2366 με]
1701 2289 1772 2368 μέγα
1785 2313 1857 2370 φρο-

241 2383 424 2443 ίκλιλοίπασιν
442 2384 469 2440 ei
485 2380 607 2458 δυνάμεις
623 2381 674 2438 τῶν
693 2383 780 2456 μερῶν
797 2377 937 2452 ἁπάντων,
957 2376 1024 2436 ὥστε
1070 2383 1142 2456 νεῖν,
1156 2384 1178 2440 εί
1201 2381 1280 2449 πολύς
1303 2381 1362 2462 περί
1377 2381 1458 2438 αὐτού
1478 2379 1553 2459 λόγος
1574 2378 1643 2438 ἐστίν
1663 2379 1690 2438 έν
1704 2379 1856 2458 παιδαρίοις

242 2472 323 2548 μηδὲν
340 2473 426 2538 αὐτοῖς
442 2469 555 2550 ἐνεργεῖν
569 2467 615 2546 ἐμὲ
636 2465 975 2546 allucinationem
992 2467 1020 2523 δι’
1070 2470 1115 2528 καί
1130 2469 1255 2550 γυναίοις,
1284 2471 1342 2529 ἀλλ’
1356 2471 1439 2550 δρᾷν,
1463 2467 1532 2536 ὅπως
1547 2468 1664 2540 ὁσιότητι
1685 2465 1730 2524 καί
1752 2467 1856 2526 δικαιο-

240 2583 298 2620 τινα
313 2565 329 2634 ἡ
342 2563 449 2638 γλῶττα
470 2559 515 2617 καί
530 2556 563 2616 τὰ
578 2555 640 2635 περί
654 2555 702 2626 τήν
726 2554 845 2636 κεφαλήν
861 2554 1024 2633 μεμένηκεν,
1071 2557 1135 2636 σύνῃ
1150 2557 1195 2616 καί
1208 2557 1294 2636 νίμοις
1315 2555 1429 2637 ἀρίστοις
1450 2555 1586 2632 κοσμήσας
1604 2556 1739 2634 Σικελίαν,
1759 2557 1855 2615 εὐκλεᾶ

242 2649 264 2706 εί
279 2647 316 2726 μὴ
331 2647 378 2707 καί
392 2645 478 2708 dadai
492 2670 521 2705 κε
543 2643 684 2726 αρισμένον
702 2643 748 2700 καί
769 2642 813 2701 διδ
829 2643 859 2702 τὸ
874 2643 1005 2702 θειότατον
1072 2643 1145 2716 θήσει
1159 2643 1207 2717 τήν
1222 2647 1384 2722 ἀκαδημίαν.

242 2729 319 2800 είναι.
345 2739 422 2799 Πάνυ
445 2736 492 2814 μὲν
518 2668 563 2796 dlv
584 2732 730 2810 ἐύουλίμην
745 2731 868 2811 παρεῖναί
889 2755 927 2790 σε·
952 2724 980 2790 τύ
999 2733 1024 2790 δὲ
1113 2733 1305 2814 (Plutarchus
1321 2735 1357 2794 de
1372 2734 1449 2792 adul.
1472 2748 1500 2793 et
1522 2735 1608 2795 amic.
1625 2734 1760 2794 discrim.
1786 2755 1853 2812 cap.

242 2827 360 2900 ποιήσεις
374 2825 418 2886 καί
442 2829 486 2883 νῦν
505 2820 725 2904 παραγενόμενος.
751 2818 804 2881 Καί
846 2819 878 2900 dp
892 2823 943 2880 τῶν
966 2825 1025 2900 περὶ
1073 2823 1109 2892 lsi
1128 2824 1186 2884 νοί.
1204 2821 1257 2881 Vll
1269 2843 1337 2904 pag.
1354 2831 1410 2891 aad
1427 2843 1488 2902 seq.
1504 2821 1548 2881 ed.
1564 2823 1681 2884 Hutten.
1697 2825 1807 2880 τοιαῦτα
1822 2821 1856 2880 cd

245 2913 291 2988 lpt
306 2912 447 2994 προστήσιρ
462 2909 533 2970 κατά
544 2909 651 2991 τρόπον,
667 2909 701 2976 dac
717 2905 768 2987 ἐγὼ
781 2899 811 2969 cd
823 2843 896 2984 ιίίδα,
913 2911 958 2969 καί
975 2915 1025 2970 τῶν
1074 2910 1162 2992 Κύρου
1176 2909 1240 2990 πρδς
1254 2911 1347 2981 Κυαξά
1364 2936 1412 2986 ην,
1428 2911 1473 2970 καί
1486 2911 1520 2968 τά
1535 2911 1599 2991 πρὸς
1612 2909 1700 2971 Δίωνα
1711 2909 1854 2978 Πλάτωνος

245 3003 271 3060 έν
287 3002 325 3080 τῷ
338 2999 478 3080 περιπάτῳ
500 2995 651 3073 ἐπιμελήσῃ
669 2996 864 3072 προσηκόντως.
1076 2997 1118 3057 ὅτε
1138 2995 1322 3080 λαμπρότατος
1341 2936 1382 3074 dv,
1398 2999 1443 3059 καί
1463 2999 1563 3067 πάντας
1578 3001 1613 3066 είς
1635 2997 1726 3058 ἑαυτὸν
1749 2999 1851 3079 ἀνθρώ--

286 3087 431 3170 (Epiatola
445 3087 523 3164 haec,
540 3085 654 3144 incerto
670 3098 787 3144 auctore
806 3085 884 3144 edita
895 3086 931 3144 ab
944 3087 1024 3144 Orel-
1075 3111 1138 3156 παυς
1153 3089 1312 3172 ἐπέστρεφε,
1330 3092 1373 3150 διά
1394 3090 1424 3149 τὸ
1440 3088 1537 3157 κάλλος
1559 3091 1610 3148 τῶν
1631 3087 1749 3172 πράξεων
1765 3089 1811 3147 καὶ
1827 3091 1856 3149 τὸ

249 3177 291 3235 lio
316 3177 337 3237 l.
365 3197 392 3236 0·
417 3193 486 3252 pag·
514 3173 665 3246 ίιίαίίίῑθί
682 3171 852 3244 ‚500¹'alitas
877 3175 1026 3250 trigesima
1072 3175 1192 3254 μέγεθος,
1216 3176 1460 3260 παρακελευομένου
1482 3177 1658 3258 φυλάττεσθαι
1680 3177 1724 3236 καί
1744 3175 1855 3236 δεδιέναι

247 3265 338 3352 ιοείίαΙ
348 3277 401 3324 est.
420 3262 489 3320 Earn
509 3281 581 3320 vero
594 3259 683 3338 justis
699 3262 734 3320 de
749 3264 846 3322 causis
860 3263 1026 3342 Speusippo
1071 3263 1119 3337 τὴν
1136 3267 1293 3340 αὐθάδειαν,
1309 3270 1343 3334 ὡς
1360 3265 1457 3347 ἐρημίᾳ
1473 3264 1599 3334 ξύνοικον.
1617 3263 1741 3346 Ἔγραψε
1758 3265 1784 3325 δὲ
1806 3265 1855 3330 καί

243 3484 318 3534 eliam
332 3483 438 3533 lactabat
452 3494 576 3532 scrrnoues
590 3481 613 3530 in
627 3481 757 3532 Academia
772 3482 884 3544 lrabitos,
902 3487 972 3534 ratus
983 3498 1026 3534 eos
1070 3488 1137 3550 iusta
1156 3489 1258 3539 tinnitus
1273 3489 1381 3540 otides.
1413 3492 1532 3539 Nostrum
1546 3490 1629 3538 autem
1643 3488 1752 3538 οίίίαίιιιιι
1767 3491 1814 3544 est,
1831 3489 1855 3537 iu

243 3573 349 3625 nrultum
362 3572 445 3624 ναίετε
458 3570 490 3622 ad
507 3585 591 3622 reram
605 3571 721 3635 gloriam,
734 3573 761 3622 at
777 3571 809 3622 ad
825 3573 952 3636 proprium
970 3574 1028 3624 vitea
1073 3577 1195 3627 luisrsbus
1210 3577 1336 3628 hominum
1349 3577 1423 3642 vulgo
1432 3577 1540 3626 multum
1555 3577 1710 3627 cancellare.
1743 3579 1855 3626 Tacere

243 3677 321 3730 genus
334 3667 359 3714 ct
378 3661 410 3712 ad
431 3662 540 3712 salmam
561 3659 627 3725 apud
648 3663 760 3724 posteros
780 3661 931 3712 memoriam.
966 3666 1028 3720 Que
1073 3667 1146 3718 etiam
1155 3667 1219 3718 ulna
1231 3665 1333 3716 modurn
1347 3666 1408 3717 mihi
1421 3665 1514 3717 videris
1528 3665 1710 3730 essediligcns.

243 3765 321 3816 quum
337 3751 371 3803 ita
392 3751 488 3812 esseut,
512 3763 539 3800 se
560 3753 628 3800 tuam
647 3748 765 3800 virtutem
787 3749 868 3813 magui
889 3749 1027 3801 aestimasse
1106 3759 1159 3806 190.
1174 3755 1326 3820 Speusippus
1339 3755 1478 3806 ilcaocrali.

243 3841 294 3893 rita
307 3841 428 3893 οκοοιίοιιε
443 3839 584 3891 testimonio
599 3837 775 3902 suoprolaaail.
823 3837 943 3890 Omnibus
961 3840 1027 3890 enim
1105 3843 1202 3894 Placuit
1222 3843 1282 3894 milii
1305 3847 1333 3894 ut
1354 3848 1379 3894 tc
1397 3843 1485 3894 littaris
1508 3842 1636 3894 οιίοοσσοιιι
1654 3842 1686 3892 de
1702 3841 1732 3891 iis
1757 3853 1814 3906 quae
1832 3843 1855 3890 iu

243 3929 313 3981 nobis
323 3929 484 3981 familiaribus
504 3927 630 3993 precepit,
646 3927 668 3977 si
679 3927 740 3991 quaid
751 3926 797 3978 tlbl
808 3927 949 3991 accidisset,
965 3932 995 3978 ul
1004 3931 1029 3980 le
1072 3931 1244 3996 corpusculum
1255 3945 1338 3980 meum
1349 3930 1499 3982 invaserunt.
1532 3928 1691 3993 licqueealm
1704 3928 1858 3979 modicede·

241 4019 314 4090 juxta
324 4017 407 4082 ipsum
424 4030 587 4081 poneremus,
598 4029 752 4080 nequaquam
769 4015 833 4066 teab
842 4015 976 4068 Academia
987 4031 1028 4068 se·
1074 4017 1186 4070 iecerunt
1202 4017 1371 4072 merebrorurn
1388 4016 1497 4069 omnium
1517 4018 1596 4078 uires,
1611 4017 1656 4068 aad
1668 4015 1703 4066 ita
1714 4017 1743 4067 ut
1755 4014 1817 4066 nihil
1827 4015 1858 4068 ils

242 4106 357 4168 junctum
377 4103 408 4154 iri
433 4104 576 4155 arbitratus.
615 4107 768 4169 Quapropter
787 4103 849 4154 milri
867 4105 907 4155 ael
926 4105 1028 4156 maxime
1073 4104 1308 4170 proficeropoasum
1325 4105 1369 4156 aed
1382 4118 1442 4156 casu
1463 4105 1545 4172 lingua
1561 4107 1586 4156 et
1602 4107 1676 4171 capul
1689 4105 1781 4156 lancta
1797 4118 1857 4168 per-

245 4191 342 4242 videtur
355 4195 381 4243 te
393 4191 496 4254 decere,
518 4193 645 4252 Platonem
658 4195 713 4242 lum
731 4193 880 4244 ravantum
899 4197 1027 4244 mortuum
1073 4199 1228 4258 manserunt,
1240 4195 1288 4246 uisi
1300 4194 1325 4246 id
1337 4199 1466 4260 propterea
1478 4196 1589 4260 contigit,
1600 4194 1856 4260 quoaetgratissuno

246 4277 338 4330 honore
359 4279 468 4328 allicere.
517 4279 613 4343 Quippe
641 4279 766 4330 homiuem
787 4279 891 4344 politum
916 4283 1030 4332 conuenit
1074 4287 1132 4335 suut
1145 4284 1254 4349 corporis
1268 4285 1351 4350 partes
1371 4287 1396 4334 et
1411 4298 1511 4348 prorsus
1525 4284 1623 4336 divine.
1656 4283 1762 4334 omnino
1782 4281 1857 4346 igilur

246 4380 332 4418 curam
345 4367 528 4432 agoredeosum
547 4372 571 4417 et
594 4371 723 4430 pareutum
745 4381 879 4432 corumque
901 4383 958 4433 quae
973 4383 1029 4421 mc·
1075 4376 1100 4424 te
1112 4372 1198 4424 adeso
1212 4371 1336 4434 νοίαίνειιιις
1349 4371 1504 4424 beneautera
1517 4373 1615 4434 leceris,
1629 4369 1857 4422 siaelnuacadre-

163 4513 169 4528 ⁴
246 4456 337 4507 rientas
356 4455 404 4520 ipsi
418 4454 543 4505 mandant.
586 4458 622 4504 Ex
639 4455 670 4504 iis
687 4469 743 4518 quas
754 4456 821 4506 dicta
836 4459 895 4508 sunt
912 4457 1030 4510 lacileira
1074 4459 1148 4512 neris.
1181 4460 1338 4512 liebuseuim
1347 4461 1422 4522 meis,
1436 4463 1464 4512 ut
1478 4461 1553 4526 probe
1567 4461 1633 4522 scio,
1647 4459 1857 4524 decenoerpraee-

247 4543 372 4611 telligilnr,
389 4542 555 4596 arcdwimum
580 4543 657 4594 luisse
680 4543 868 4594 necessitudinis
888 4545 1028 4610 vinculum,
1075 4551 1122 4612 ris,
1144 4553 1219 4614 atque
1240 4554 1269 4603 ut
1282 4565 1327 4616 par
1342 4555 1380 4602 est
1397 4552 1539 4602 observabis
1558 4551 1681 4616 quomodo
1701 4549 1856 4614 Peripatetici

246 4649 295 4700 quo
309 4635 447 4686 Plalocuan
459 4632 584 4684 sodalibus
597 4631 815 4696 conjuncluacral.
848 4635 909 4684 llam
919 4649 1029 4698 quorum
1075 4652 1102 4690 sc
1116 4643 1209 4704 gerant,
1227 4639 1430 4706 curabisque,nc
1443 4641 1502 4704 quid
1519 4641 1652 4696 Academia
1663 4637 1804 4692 detrimenti
1815 4650 1855 4688 ca·

247 4723 304 4776 dam
319 4723 394 4775 rebus
403 4725 520 4786 tanqam
531 4723 602 4788 pater
613 4720 764 4785 consulebat,
777 4719 880 4772 aliorum
892 4725 966 4775 edati
976 4726 1030 4776 vcl·
1075 4728 1135 4792 piat.

246 4815 276 4864 ut
290 4813 352 4866 bene
366 4811 398 4864 de
408 4811 440 4863 iis
450 4811 555 4862 meritus
568 4809 741 4874 prospiciebat,
754 4809 779 4860 ln
790 4810 930 4864 universum
945 4816 1028 4864 autom
1109 4821 1160 4866 lul.
1175 4818 1332 4884 Espeusippi
1342 4818 1445 4884 epistola
1456 4819 1487 4868 ad
1502 4817 1606 4868 Diouem
1618 4813 1684 4868 data.

247 4903 361 4954 omuibus
378 4902 418 4954 dei
433 4901 489 4952 loco
507 4902 568 4952 erat.
601 4900 688 4964 Inque
705 4899 797 4950 bonum
814 4901 839 4952 et
856 4913 956 4964 equum
975 4915 1030 4952 cen·
1106 4905 1209 4970 Scripsit
1225 4905 1300 4956 etiam
1319 4907 1470 4972 speusippus
1484 4907 1516 4957 ad
1534 4907 1619 4968 ἰίίοοι,
1638 4903 1857 4958 ιισιιιίείιοσσοιιιιι

247 5005 312 5052 sena,
326 4993 355 5044 ut
368 4991 463 5042 Platoni
477 4989 582 5054 ρεαίίιια
595 4987 706 5040 amdam
727 4988 861 5041 maxumam
873 5002 901 5040 ac
915 4988 958 5040 tali
977 4991 1030 5042 viro
1075 4993 1298 5058 superbiaequae
1315 4994 1409 5048 multus
1422 4995 1453 5048 de
1469 4995 1522 5061 ipso
1541 5007 1621 5048 sermo
1634 4994 1701 5046 οιιεί
1716 4992 1783 5058 apud
1796 5004 1855 5058 pue·

248 5079 356 5132 debitus
373 5079 477 5144 σοίσσαε,
496 5078 544 5130 tibi
561 5082 647 5130 auctor
659 5091 731 5140 sum;
757 5079 849 5130 τοίοισι
868 5091 944 5141 aero,
965 5080 987 5129 si
1005 5079 1030 5129 ln
1075 5081 1142 5132 rulos
1165 5085 1192 5134 et
1209 5083 1379 5148 mulierculas,
1401 5083 1447 5138 sed
1468 5083 1613 5150 prouidere,
1639 5083 1668 5134 ut
1694 5080 1857 5133 saacdmou'n

249 5166 405 5221 λσεᾶσιοίσειι
425 5167 554 5220 adveneris
580 5168 680 5233 ίιιίσιςιισ
707 5167 790 5219 ambis
812 5167 1030 5232 Peripateticorum
1073 5169 1220 5234 iustitiaque
1238 5173 1264 5223 ct
1276 5173 1375 5238 optimis
1397 5173 1491 5239 legibus
1503 5175 1640 5240 temperata
1654 5170 1750 5234 Sicilia,
1767 5167 1855 5223 acade-

248 5256 372 5309 litentiam
396 5257 577 5320 compresseris.
610 5261 675 5310 Vera
701 5257 766 5308 enim
790 5257 909 5322 sapientia
933 5257 1030 5310 dicetur
1075 5257 1150 5309 ιιιίοοι
1162 5258 1302 5314 illustraret.
