3958 5942
836 447 1087 514 FRAGMENTA.
1720 455 1780 514 uir

180 591 275 668 μεγέθη
282 586 329 650 καλ
335 586 369 647 τά
377 589 553 666 ἀποστήματα
567 588 618 648 ὑπὸ
629 591 681 646 τῶν
695 586 763 664 μετὰ
772 589 957 669 Ἀριστοτέλην
1002 593 1073 651 ποιεῖ
1080 615 1138 651 τινα
1151 592 1278 673 τάξιν,τῇ
1289 591 1336 669 μέν
1348 586 1570 672 μιᾷφορᾷπολλά
1582 592 1716 650 ἀποδοῦσα
1728 590 1780 650 σώ-

183 682 257 736 τλέον
267 676 405 758 ήκριόῶθη
418 677 463 735 καλ
477 675 627 736 τελεώτατά
646 699 677 753 γε
689 676 739 734 ὑπὸ
752 678 805 734 τῶν
814 673 875 757 περὶ
890 673 958 738 Ἵπ-
1003 685 1130 761 ματα,τῷ
1142 683 1165 740 δ’
1177 681 1214 741 lul
1229 678 1440 754 σώματιπολλάς
1455 677 1549 761 φοράς·
1558 678 1603 738 καλ
1616 678 1654 737 ἔτι
1670 679 1712 739 δεδι
1721 679 1779 740 τόδε

188 788 280 844 ιαρχον
298 765 342 824 καὶ
358 763 528 844 Ἀρίσταρχον
541 767 584 824 καί
602 762 798 842 Πτολεμαῖον.)
945 821 951 831 ,
1002 768 1030 827 έν
1046 769 1134 850 έχουσι
1144 772 1223 847 σῶμα
1234 771 1262 828 αθ
1281 767 1361 826 άλλαι
1372 775 1498 848 σφαῖραι,
1514 767 1554 826 ότι
1568 765 1654 826 πολλά
1669 765 1780 844 σώματα

217 872 254 915 ειν.
275 851 311 913 Ὁ
326 852 352 912 δὲ
368 858 471 933 πρῶτος
489 853 596 932 οὐρανός
616 852 685 918 εὐθὺς
699 853 823 928 τυγχάνει
843 853 885 912 διὰ
898 863 959 930 μιῦς
1002 863 1115 917 κινοῦσιν
1130 860 1157 915 αἱ
1168 858 1219 934 πρὸ
1228 862 1275 928 τῆς
1284 855 1434 924 τελευταίας
1447 853 1491 912 καλ
1502 860 1548 926 τῆς
1558 853 1586 914 ἓν
1600 853 1693 933 ἄστρον
1707 857 1782 935 ἀχοῦ-

187 941 317 1013 ·ινήσεως·
330 938 366 1000 τά
379 939 401 999 δ’
414 942 441 999 lv
454 939 527 1019 μέσῳ
542 945 587 1000 τοῦ
598 938 703 1017 πρώτου
718 939 826 998 καὶτῶν
839 942 958 1020 έσχάτων
1003 966 1059 1014 σης·
1073 947 1099 1003 ἐν
1115 946 1224 1013 πολλαῖς
1236 944 1288 1024 γάρ
1298 941 1419 1024 σφαίραις
1429 947 1446 1014 ἡ
1457 942 1593 1002 τελευταία
1605 943 1781 1022 σφαῖραίνδι-

183 1033 326 1112 ἀφικνεῖται
340 1031 399 1106 μέν,
421 1028 464 1087 διά
478 1028 605 1088 πλειόνοιν
619 1027 643 1086 δ’
660 1031 806 1106 ἀφικνεῖται
818 1030 955 1102 κινήσεων.
1004 1030 1100 1107 δεμένη
1112 1031 1229 1112 φέρεται,
1241 1033 1340 1100 έκάστη
1351 1031 1378 1088 δέ
1389 1038 1487 1108 σφαῖρα
1498 1034 1576 1108 σῶμα
1591 1033 1717 1110 τυγχάνει
1731 1029 1770 1093 ἀν.

217 1118 403 1198 (Aristotcles
415 1117 451 1175 de
466 1117 540 1174 coelo
556 1115 606 1176 lib.
626 1116 654 1173 ll
669 1135 732 1192 cup.
751 1137 784 1173 ια
796 1137 827 1195 p.
847 1139 914 1194 29²·
925 1117 956 1179 b.
1044 1121 1235 1195 (Aristoteles
1249 1120 1369 1178 decoelo
1382 1118 1434 1178 lib.
1448 1119 1474 1176 ll
1486 1140 1549 1197 cap.
1570 1141 1603 1176 ια
1617 1141 1646 1197 p.
1663 1141 1732 1195 ²9²·
1749 1118 1781 1180 b.

183 1229 215 1266 ιο
228 1209 274 1267 ed.
291 1208 412 1266 oetier.
436 1205 606 1283 Simplicius
623 1204 672 1262 lol.
690 1225 745 1279 119
768 1205 821 1280 (cf.
842 1205 959 1265 Scholia
1005 1209 1038 1264 31
1052 1207 1097 1267 ed.
1123 1209 1242 1266 Beller.
1268 1207 1439 1287 Simplicius
1456 1207 1505 1266 lol.
1526 1195 1577 1265 ιαί
1597 1208 1652 1287 [cl.
1666 1207 1785 1266 Scholia

179 1316 209 1354 m
224 1295 312 1355 Arist.
329 1316 359 1373 p.
387 1294 455 1371 498.
474 1313 501 1353 α.
528 1314 566 1370 29
586 1293 632 1351 ed.
653 1291 808 1371 Brandis.)
825 1292 893 1351 οὕτω
911 1293 958 1370 μὲν
1003 1297 1035 1355 in
1051 1298 1141 1356 Arist.
1165 1318 1195 1375 p.
1214 1297 1281 1358 500.
1303 1317 1329 1356 a.
1351 1297 1384 1354 13
1403 1296 1448 1354 ed.
1467 1296 1601 1356 Blandis.
1619 1295 1685 1366 αῦτη
1702 1295 1783 1371 μὲνὴ

179 1374 223 1446 οῦν
234 1382 282 1454 τήν
295 1381 369 1442 λύσιν
382 1386 396 1441 δ
411 1381 592 1462 Ἀριστοτέλης
601 1386 647 1452 τῆς
659 1381 770 1460 ἀπορίας
779 1382 956 1458 ἀποδέδωκεν,
1003 1386 1072 1447 κατὰ
1097 1384 1209 1453 Εὔδοξον
1225 1383 1402 1465 σφαιροποιία,
1423 1383 1506 1445 είκοσι
1524 1383 1568 1442 καὶ
1582 1381 1609 1450 ἒξ
1631 1383 1678 1449 τὰς
1697 1383 1785 1464 πάσας

183 1471 316 1550 ένθνθετῇ
340 1470 435 1550 &mpii
460 1469 505 1529 καί
530 1469 707 1550 συγχωρήσαι
733 1469 793 1536 τοὺς
823 1471 959 1544 πλάνητας
1003 1478 1046 1536 ἐπὶ
1061 1479 1113 1534 τῶν
1127 1473 1194 1533 έπτδι
1210 1471 1466 1552 παραλαμῦάνουσα,
1485 1470 1512 1540 ἓξ
1526 1473 1573 1548 μέν
1592 1470 1637 1529 ἐπὶ
1650 1471 1723 1543 ἡλίου
1739 1469 1785 1528 καὶ

185 1559 279 1628 πολλάς
293 1563 417 1620 κινεῖσθαι
432 1557 545 1629 κινήσεις
557 1562 596 1636 τῷ
611 1559 684 1632 εἴδει,
703 1557 746 1616 διδ
760 1558 818 1626 τοὺς
833 1561 957 1639 φαινομέ-
1003 1565 1112 1636 σελήνης
1136 1562 1219 1623 εἴκοσι
1233 1563 1260 1621 δέ
1281 1561 1384 1620 ἐπὶτῶν
1401 1561 1489 1621 πέντε.
1536 1558 1604 1639 Περὶ
1618 1557 1645 1616 δέ
1662 1557 1785 1618 Καλλίπ-

185 1671 239 1715 ιους
255 1650 341 1707 αὐτῶν
359 1649 387 1706 οὗ
408 1645 486 1724 μόνον
508 1645 701 1726 προποδισμοῦς
717 1646 785 1705 ἀλλὰ
799 1645 845 1706 καλ
859 1651 958 1708 θποπσ-
1005 1677 1056 1713 που
1072 1653 1135 1711 τάδε
1154 1651 1282 1731 γέγραφεν
1303 1648 1481 1728 Ἀριστοτέλης
1496 1651 1522 1706 έν
1537 1651 1574 1728 τῷ
1596 1651 1620 1706 Λ
1646 1651 1693 1718 τῆς
1708 1643 1784 1707 liert

179 1735 286 1812 δισμοθς
295 1736 340 1795 καὶ
351 1733 508 1815 στηριγμοῦς
518 1735 562 1792 καλ
570 1735 660 1814 φάσεις
672 1735 808 1813 διαφόρους
820 1736 865 1796 καὶ
877 1762 958 1818 προη-
1002 1739 1035 1798 τό
1049 1739 1157 1801 Φυσικά
1172 1739 1251 1816 (cap.
1268 1739 1285 1795 8
1301 1758 1368 1816 pag.
1387 1739 1473 1810 1073.
1486 1735 1518 1795 b.
1534 1738 1570 1793 32
1583 1734 1605 1816 l,
1631 1763 1644 1789 α
1661 1737 1784 1796 Κάλλιπ-

182 1823 266 1896 ,ήσεις
288 1823 334 1882 καλ
358 1823 542 1893 ἀκολουθήσεις
564 1822 609 1881 καλ
634 1823 780 1890 πολυειδεῖς
795 1825 955 1899 ἀνωμαλίας.
1002 1851 1049 1893 πος
1063 1827 1089 1886 δὲ
1104 1828 1152 1898 τήν
1168 1825 1215 1902 μέν
1234 1825 1303 1884 θέσιν
1318 1828 1369 1883 τῶν
1389 1829 1505 1904 σφαιρῶν
1520 1823 1568 1894 τήν
1589 1819 1670 1894 αὐτήν
1687 1823 1785 1881 ἐτίθετο

179 1912 228 1972 tri
248 1913 300 1990 γὰρ
314 1911 344 1972 τό
360 1917 445 1970 ταῦτα
473 1911 603 1980 σώζεσθαι
622 1909 746 1976 πλείονας
765 1915 824 1970 καθ’
846 1911 957 1973 ἕκαστον
1004 1915 1118 1996 Εὐδόξῳ,
1133 1915 1203 1974 τοῦτ’
1226 1913 1280 1972 ἔστι
1295 1919 1347 1973 τῶν
1375 1913 1571 1988 ἀποστημάτων
1592 1911 1640 1984 τὴν
1655 1911 1739 1986 τάξιν,
1753 1911 1784 1970 τό

179 1999 291 2071 κινήσεις
313 1997 581 2080 παραλαμθάνουσιν,
609 1998 634 2054 οἱ
660 1997 707 2071 μέν
738 1997 890 2078 έκκέντρους
912 2000 958 2060 καλ
1003 2003 1029 2064 δέ
1039 2006 1135 2076 πλῆθος
1149 2008 1186 2084 τῷ
1202 2003 1248 2080 μὲν
1261 2010 1306 2063 τοῦ
1321 2001 1381 2068 Διός
1393 2000 1439 2060 καί
1453 2005 1491 2082 τῷ
1505 2007 1550 2060 τοῦ
1564 2001 1665 2080 Κρόνου
1679 2002 1710 2060 τὸ
1720 2001 1784 2060 αὐτὸ

179 2087 346 2160 ἐπικύκλιος,
373 2090 397 2146 οἱ
412 2085 440 2144 δὲ
460 2085 631 2163 θμσκέντρουι
652 2083 698 2152 τὰς
716 2087 897 2155 ἀνελιττούσας
909 2112 959 2148 κα·
1004 2093 1092 2174 ἐκείνῳ
1109 2094 1241 2166 ἀπεδίδου,
1257 2095 1293 2168 τῷ
1309 2091 1336 2149 δὲ
1350 2091 1418 2170 ἡλίῳ
1434 2091 1478 2148 ναὶ
1499 2095 1532 2170 τῇ
1544 2090 1641 2168 σελήνῃ
1659 2089 1704 2148 δύο
1719 2089 1785 2170 ᾤετο

179 2175 306 2252 λουμένας
316 2173 509 2250 ὑποτιθέμενοι.
553 2171 588 2233 ‘0
605 2171 633 2230 δέ
649 2195 679 2249 γε
692 2172 790 2246 ἀληθὴς
805 2174 883 2252 λόγος
899 2175 959 2237 οὔτε
1004 2179 1163 2260 προσθετέας
1178 2171 1243 2238 εῖναι
1259 2179 1380 2259 σφαίρας,
1398 2177 1587 2258 τὰφαινόμενα
1604 2178 1627 2233 εἰ
1641 2176 1732 2250 μέλλοι
1745 2200 1785 2243 τις

182 2262 338 2344 σπηριγμοθς
364 2265 449 2322 αὐτῶν
472 2261 489 2332 ἢ
510 2260 722 2338 θποποδισμοιίς,
736 2261 795 2322 οὔτε
809 2262 959 2343 προσθέσεις
999 2264 1161 2342 ἀποδώσειν,
1177 2275 1230 2335 τοῖς
1247 2265 1274 2325 δὲ
1289 2269 1389 2333 λοιποῖς
1403 2269 1455 2324 τῶν
1467 2266 1606 2336 πλανητῶν
1621 2263 1723 2342 ἑκάστῳ
1735 2265 1785 2324 ἀνά

181 2353 196 2424 θ
217 2351 366 2432 ἀφαιρέσεις
381 2354 431 2410 τῶν
451 2353 477 2409 ἕν
492 2351 550 2417 ταῖς
572 2348 708 2420 κινήσεσιν
728 2354 846 2428 ἀριθμῶν
868 2376 957 2432 παρα·
1005 2357 1068 2434 μίαν
1086 2383 1115 2427 ν,
1132 2359 1167 2421 ὡς
1182 2345 1249 2414 εἶναι
1265 2354 1333 2412 κατά
1350 2353 1506 2413 Κάλλιππον
1524 2351 1571 2416 τάς
1583 2351 1670 2417 πάσας
1684 2351 1783 2410 πεντά-

181 2439 329 2520 θεχόμενος,
343 2439 392 2499 κάν
403 2438 471 2498 οῦτω
494 2439 638 2520 φαίνωνται
657 2438 823 2514 κινούμενοι,
843 2439 901 2500 οὐδὲ
914 2441 960 2510 τάς
1004 2469 1044 2512 κις
1062 2440 1137 2504 πέντε
1162 2441 1207 2501 καλ
1222 2442 1259 2508 δὶς
1272 2440 1410 2520 τέσσαρας,
1428 2437 1498 2498 τοῦτ’
1514 2438 1570 2498 ἔστι
1585 2438 1724 2518 τριάκοντα
1739 2437 1785 2497 καὶ

180 2529 312 2595 ἀποθέσεις
330 2533 365 2596 ὡς
387 2527 468 2597 οῦτως
490 2527 600 2608 έχοόσας
619 2526 774 2606 προσίεται,
794 2529 852 2587 ἀλλ’
875 2532 960 2598 ἁπλᾶς
1003 2534 1072 2614 τρεῖς
1102 2532 1224 2614 σφαίρας.
1268 2528 1337 2590 Οὔτε
1354 2529 1381 2587 δέ
1404 2527 1564 2588 Καλλίππου
1593 2525 1699 2606 φέρεται
1718 2527 1785 2604 σύγ.

182 2619 225 2678 ccl
241 2617 394 2697 ἐγκυκλίους
407 2615 452 2676 καλ
467 2619 574 2693 δμαλεῖς
588 2615 633 2674 καὶ
644 2616 805 2692 τεταγμένας
820 2616 867 2685 τάς
881 2620 960 2698 οὖρα·
1003 2643 1115 2703 γραμμα
1127 2622 1175 2691 τήν
1188 2618 1273 2678 αἰτίαν
1287 2623 1338 2677 τῶν
1349 2619 1539 2696 προστεθεισῶν
1554 2613 1651 2674 τσότων
1667 2617 1784 2695 σφαιρῶν

183 2705 369 2780 elocutione
390 2705 443 2764 ἀπὸ
468 2709 514 2775 τῖε
539 2703 627 2771 ciclos
647 2707 738 2763 αὐτῶν
757 2713 961 2786 τεκμαιρόμενος
1003 2711 1090 2790 λέγον,
1107 2707 1166 2768 οὔτε
1181 2707 1363 2788 Ἀριστοτέλης
1382 2703 1462 2774 αὐτὴν
1476 2701 1648 2783 προσέθηκεν.
1692 2700 1784 2775 Εὔδη-

184 2796 361 2855 άποδείκνυσι.
405 2793 451 2866 Μὴ
472 2795 612 2870 δυνάμενοι
630 2791 657 2850 δέ
679 2793 712 2851 δι’
729 2793 863 2874 ἀκριόείας
890 2797 960 2853 έλεῖν
1006 2816 1053 2869 μσς
1076 2793 1102 2854 δέ
1119 2797 1253 2872 συντόμως
1270 2795 1409 2875 ἱστόρησε,
1426 2793 1503 2852 τίνων
1519 2789 1682 2872 φαινομένων
1707 2789 1784 2849 ἕνεκα

187 2887 249 2955 πῶς,
267 2886 351 2942 αὐτῶν
366 2881 545 2958 ὑποκειμένων
554 2881 685 2962 φαντασία
699 2881 776 2958 μόνον
789 2883 844 2942 ἐστὶ
856 2882 901 2943 καὶ
915 2887 961 2943 οὐκ
1005 2880 1104 2950 ταύτας
1118 2883 1275 2965 προσθετέας
1300 2873 1366 2941 εῖναι
1382 2881 1428 2948 τάς
1447 2879 1559 2960 σφαίρας
1573 2877 1648 2959 ᾤετο.
1692 2878 1783 2955 Δέγειν

183 2969 292 3042 ἀλήθεια
307 2969 342 3029 τά
357 2969 545 3049 συμόαίνοντα,
559 2969 701 3046 ἠγάπησαν
715 2972 798 3048 εὑρεῖν
812 2969 889 3028 τίνων
901 2974 962 3028 ὑπο-
1005 2971 1055 3049 γόιρ
1070 2973 1147 3030 αὐτόν
1172 2995 1260 3052 φησιν,
1276 2974 1311 3038 ὡς
1333 2970 1406 3049 εἴπερ
1421 2973 1444 3028 ol
1467 2967 1563 3045 μεταξὺ
1578 2969 1681 3044 τροπῶν
1695 2989 1724 3025 τε
1740 2962 1785 3026 καὶ

187 3057 304 3117 τεθέντων
320 3058 364 3136 [δι’
378 3061 486 3136 ὁμαλῶν
502 3056 549 3116 καὶ
572 3059 736 3134 τεταγμένων
752 3056 798 3116 καλ
813 3057 958 3135 ἐγκυκλίων
1006 3059 1148 3140 ίσημεριῶν
1164 3061 1254 3140 χρόνοι
1269 3065 1391 3120 τοσοῦτον
1407 3056 1583 3137 διαφέρουσιν,
1601 3054 1661 3114 ὅσον
1678 3056 1784 3126 Etm-

185 3146 307 3217 ιινήσεων
326 3145 467 3218 δυνήσεται
486 3150 602 3217 σωθῆναι
615 3143 649 3205 τά
661 3145 720 3226 περὶ
733 3144 779 3213 τάς
789 3145 900 3216 κινήσεις
910 3151 961 3206 τῶν
1007 3168 1067 3220 μονι
1087 3146 1132 3203 καὶ
1151 3146 1256 3206 Μέτωνι
1279 3146 1371 3218 ἐδόκει,
1395 3147 1443 3225 οὐχ
1454 3143 1545 3211 ἱκανάς
1570 3133 1636 3201 εῖναι
1649 3140 1697 3209 τάς
1719 3144 1786 3222 τρεῖς

186 3237 335 3294 τλανᾶσθαι
346 3233 493 3310 λεγομένων
518 3233 673 3313 φαινόμενα.
718 3231 773 3294 Καὶ
795 3238 897 3313 πρῶτος
911 3239 962 3292 τῶν
1006 3231 1117 3312 σφαίρας
1131 3234 1248 3316 ἐκατέρῳ
1271 3235 1335 3314 πρὸς
1351 3233 1379 3292 τό
1401 3235 1492 3302 σώζειν
1507 3230 1541 3290 cl
1569 3229 1723 3310 φαινόμενα,
1743 3231 1786 3290 διὰ

150 3363 153 3368 -
192 3323 318 3394 Ελλήνων
344 3323 485 3393 Εῦδυξσςθ
507 3322 627 3394 Κνίδιος,
646 3327 681 3388 ῶς
704 3321 824 3398 Εὔδημός
845 3346 873 3382 τε
884 3326 909 3382 έν
924 3328 961 3403 τῷ
1006 3319 1053 3393 τήν
1084 3325 1287 3404 ε’πιφαινομένην
1310 3322 1430 3398 δηλονότι
1455 3329 1511 3388 ταῖς
1544 3321 1675 3390 κινήσεσιν
1700 3322 1785 3378 αὐτῶν

183 3410 295 3490 δευτέρῳ
313 3415 359 3482 τῆς
384 3413 572 3492 ἀστρολογικῆς
600 3409 715 3488 ἱστορίας
746 3412 961 3488 ἀπεμνημόνευσε
1007 3411 1172 3486 ἀνωμαλίαν.
1194 3411 1251 3482 Τήν
1275 3412 1302 3470 δέ
1329 3411 1402 3488 μίαν,
1416 3411 1449 3481 ἣν
1466 3411 1493 3467 ἐν
1517 3407 1621 3488 ἑκάστῳ)
1635 3410 1686 3465 τῶν
1707 3412 1785 3487 τριῶν

188 3498 226 3560 ml
237 3500 389 3578 Σωσιγένης
402 3499 475 3580 παρόι
490 3499 616 3572 Εὐδήμου
630 3506 707 3559 τοῦτο
720 3499 829 3570 λαθών,
844 3501 962 3581 ἅψασθαι
1006 3499 1147 3571 πλανητῶν
1157 3496 1295 3580 Ἀρεσςκαλ
1308 3500 1460 3582 Ἀφροδίτης
1468 3499 1513 3559 καὶ
1524 3498 1624 3580 Ἑρμοῦ
1639 3501 1786 3577 προσετίθει

185 3587 285 3666 λέγεται
303 3587 489 3648 τῶντοιούτων
503 3587 660 3661 ὑποθέσεων,
677 3589 830 3663 Πλάτωνος,
845 3587 880 3655 ὥς
898 3613 962 3670 φησι
1006 3591 1099 3667 φορόν,
1116 3590 1184 3656 τίνος
1200 3587 1285 3649 ένεκεν
1300 3589 1450 3670 προσετίθει
1464 3589 1597 3664 συντόμως
1612 3587 1657 3645 καὶ
1672 3591 1786 3668 σαφῶςθ

187 3675 344 3754 Σωσιγένης,
361 3675 507 3756 πρόόλημα
528 3683 605 3735 τοῦτο
628 3675 813 3750 ποιησαμένου
835 3678 962 3756 τοῖςπερὶ
1008 3673 1130 3751 Εὔδημος
1142 3677 1308 3757 ἱστόρησεν.)

189 3771 268 3824 ιαῦτα
285 3763 478 3838 ἐσπουδακόσι,
499 3763 576 3823 τίνων
595 3759 771 3823 ὑποτεθεισῶν
789 3767 896 3839 ὁμαλῶν
912 3766 959 3826 καλ
1046 3785 1084 3827 σε.
1108 3765 1228 3838 Σελήνην
1240 3765 1287 3842 μὲν
1300 3773 1336 3832 εἰς
1350 3764 1394 3822 τὸν
1409 3763 1470 3842 περὶ
1485 3768 1534 3840 γῆν
1544 3765 1658 3840 πρῶτον,
1667 3761 1741 3833 ήλιον
1758 3763 1786 3824 δέ

187 3850 348 3929 τεταγμένων
370 3852 498 3923 κινήσεων
521 3854 638 3932 διασωθῇ
657 3851 692 3912 τά
712 3853 773 3934 περὶ
788 3853 834 3921 τδις
846 3853 961 3926 κινήσεις
1006 3854 1042 3919 εἰς
1052 3853 1095 3912 τόν
1111 3855 1228 3934 δεύτερον
1239 3853 1305 3933 ὑπὲρ
1319 3857 1382 3930 γῆς,
1397 3851 1551 3931 Ἑωσφόρον
1563 3849 1590 3908 δὲ
1605 3850 1705 3908 καὶτὸν
1717 3851 1786 3930 ἱερὸν

186 3943 233 3999 ρῶν
243 3939 422 4015 πλανωμένων
438 3941 614 4021 φαινόμενα.)
1006 3938 1107 4019 Ἑρμοῦ
1136 3942 1275 4020 λεγόμενον
1299 3944 1335 4008 εἷς
1362 3939 1420 4007 τοῦς
1449 3939 1526 4020 τάχει
1558 3939 1605 4017 μέν
1635 3939 1786 4020 ἰσοδρόμους

221 4049 259 4090 νε.
280 4027 316 4088 Ἡ
330 4027 378 4105 μέν
394 4028 443 4107 γάρ
463 4029 554 4109 πρῶτη
574 4029 622 4103 μία
640 4018 806 4090 οῦσαπολλά
829 4040 894 4090 κινεῖ
909 4033 961 4088 τῶν
1005 4025 1093 4108 Ἡλίῳ
1115 4028 1223 4096 κύκλους
1248 4029 1350 4107 ἰόντας,
1376 4028 1422 4099 τήν
1448 4028 1475 4086 δέ
1506 4030 1624 4087 έναντίαν
1648 4028 1787 4108 εἰληχότας

182 4117 313 4191 σωμάτων
335 4121 386 4176 τῶν
413 4115 499 4188 θείων,
516 4118 542 4174 αἱ
570 4115 597 4175 δέ
615 4113 713 4174 πολλαλ
734 4106 810 4175 οῦσαι
831 4115 860 4174 δν
884 4117 960 4192 μόνον
1006 4116 1205 4196 αὗτῷδόναμιν,
1221 4115 1527 4194 δθενκαταλαμόάνουσί
1541 4140 1571 4175 τε
1586 4115 1630 4176 καῖ
1644 4121 1786 4194 καταλαμ-

181 4207 297 4277 ἔκάστη·
315 4207 365 4263 τῶν
380 4203 431 4282 γάρ
446 4203 624 4281 πλανωμένων
649 4203 677 4261 ἓν
690 4208 775 4264 ὁτιοῦν
797 4205 902 4273 πλείους
916 4206 962 4286 φέ·
1007 4205 1128 4266 όάνονται
1143 4206 1211 4265 κατὰ
1222 4205 1305 4266 ταῦτδι
1324 4209 1370 4266 ὑπ’
1384 4205 1518 4280 ἀλλήλων,
1530 4205 1603 4278 ήλιός
1614 4229 1642 4266 τε
1654 4205 1698 4267 καί
1713 4211 1786 4267 θεοῦ

183 4291 359 4373 ρεταιφοροίς.
402 4291 497 4370 Ταύτῃ
521 4314 549 4350 τε
572 4285 616 4352 οῦν
642 4291 760 4361 ἀνισάζει
779 4299 796 4366 ἡ
816 4292 893 4374 φόσις
913 4294 960 4355 καλ
1007 4293 1111 4376 Ἑρμοῦ
1124 4295 1169 4355 καὶ
1190 4293 1379 4378 θἛωσφόρος.

180 4525 238 4578 ‘111oe
251 4511 316 4561 dm
329 4511 485 4576 &⁸⁰¹le
500 4511 666 4576 (ίῑὸθῑῐῑθῦῑθΐν
681 4511 866 4564 ὓῠῡθῑθθῐσῐννσ
886 4529 961 4579 opor·
1005 4519 1041 4568 Eo
1051 4518 1128 4583 igitur
1141 4521 1213 4584 pacto
1230 4522 1320 4570 natura
1335 4519 1391 4584 ipsa}
1406 4520 1461 4569 hoc
1471 4521 1568 4581 aequat,
1582 4521 1657 4580 atquo
1677 4515 1703 4564 iu
1716 4514 1785 4566 ordi·

180 4601 230 4661 ῖθῑι
244 4597 306 4649 satis
318 4597 383 4648 enim
393 4597 429 4650 ibi
439 4597 494 4649 hoc
504 4598 628 4650 (licuntur.
906 4598 932 4610 '''
1004 4619 1062 4656 nem
1076 4605 1199 4670 quondam
1211 4605 1312 4669 redigit,
1323 4609 1353 4656 ut
1363 4609 1417 4656 tum
1429 4605 1472 4656 uni
1486 4603 1573 4656 lationi
1583 4603 1663 4653 multu
1673 4615 1782 4666 corpora,

211 4690 251 4738 96.
268 4686 380 4736 Primum
391 4689 476 4737 autom
487 4686 577 4737 σιτίσαι
586 4687 702 4738 continuo
712 4701 757 4753 por
774 4703 852 4739 uuum
863 4691 960 4740 motum
1004 4693 1060 4743 tum
1071 4693 1114 4743 uni
1134 4694 1230 4757 corpori
1246 4694 1351 4745 lotiones
1366 4693 1505 4758 complures
1516 4691 1618 4742 tribuat.
1633 4691 1666 4739 ut
1684 4687 1785 4754 iusuper

180 4773 244 4826 illud
254 4775 395 4840 assequitur
409 4791 415 4824 ε
431 4777 458 4826 at
470 4787 500 4826 oa
513 4788 571 4840 quae
586 4777 645 4826 suut
660 4775 781 4827 inmedio
795 4777 868 4844 primi
883 4779 960 4828 etul-
1004 4781 1036 4831 ob
1054 4781 1114 4843 hoc,
1137 4795 1216 4832 uuum
1236 4785 1333 4833 caetcrae
1353 4783 1458 4846 sphaerae
1479 4793 1568 4844 corpus
1589 4777 1695 4837 habent,
1716 4777 1785 4844 quod

180 4862 300 4914 timorum
315 4863 462 4928 perveniunt
479 4862 594 4929 quidem,
615 4863 658 4915 sod
671 4878 716 4930 per
735 4865 820 4930 plures
838 4867 960 4918 motiones
1003 4869 1083 4920 multu
1096 4883 1197 4936 corpora
1211 4875 1323 4930 movent.
1342 4870 1434 4934 quippo
1451 4882 1509 4934 qum
1528 4867 1578 4920 sint
1589 4870 1646 4918 ante
1658 4865 1784 4924 ultimam.

180 4965 211 5004 0⁰
222 4951 376 5017 Pimsslffll·
835 5001 838 5008 .
1005 4961 1030 5009 et
1044 4972 1099 5009 com
1123 4973 1181 5026 quo
1202 4973 1281 5010 uuum
1305 4962 1400 5010 astrum
1423 4957 1539 5008 continet.
1564 4959 1593 5007 Iu
1608 4953 1697 5006 multis
1718 4957 1784 5006 onim

213 5043 253 5090 δέ·
270 5039 355 5090 ΡΓῙΜ
376 5038 441 5090 enlm
457 5053 509 5091 ΠΜ
529 5040 631 5108 quidem
647 5045 700 5105 θθῑν
720 5043 764 5094 τοῦ
784 5043 863 5094 multu
885 5043 960 5095 σιτίο-
1004 5049 1108 5113 sphaeris
1124 5049 1211 5099 ultimo
1226 5049 1322 5114 ephoro
1344 5047 1438 5111 illigato
1459 5044 1547 5108 fertur,
1564 5057 1723 5112 unaquoque
1738 5059 1784 5098 au-

180 5128 258 5178 rtium
269 5141 400 5194 corporum
416 5132 514 5194 ιιιονεις
529 5133 626 5182 raeterae
640 5146 699 5182 vero
717 5133 774 5184 licot
792 5134 880 5185 multu
896 5135 945 5184 sint
1004 5139 1055 5187 tem
1069 5139 1165 5202 sphaera
1176 5151 1264 5202 corpus
1275 5141 1320 5188 ost.

182 5229 260 5266 unum
280 5218 363 5268 umen
378 5230 485 5283 quoquo
501 5219 671 5270 tautummodo
688 5225 784 5285 morot;
804 5223 896 5288 quippo
915 5238 960 5273 va·
1035 5233 1072 5278 νν.
1091 5229 1184 5276 Limam
1197 5227 1222 5277 in
1234 5227 1314 5290 primo
1330 5240 1405 5290 supro
1418 5229 1510 5278 terram
1521 5225 1626 5278 circuitu
1641 5225 1723 5292 posuit
1739 5224 1783 5275 :iu

176 5332 267 5382 garum
278 5318 412 5371 stellarum
427 5329 585 5384 unoquoquo
595 5313 709 5381 pluribus
722 5313 855 5365 lotionibus
868 5311 954 5365 fertur.
980 5314 985 5379 Ι
1007 5313 1116 5365 secundo
1127 5311 1225 5366 solem:
1240 5310 1348 5364 Luciferi
1358 5311 1446 5364 deiude
1458 5311 1560 5378 globum
1573 5315 1598 5364 ct
1610 5311 1727 5365 Mercurii
1738 5325 1779 5363 ιε·
