4020 5950
836 315 1058 384 PRAEFATIO.
1703 345 1721 386 v

169 455 280 530 modo
301 455 493 553 primarios
516 455 665 530 Eudemi
686 453 807 548 locos,
829 453 1021 527 sedetiam
1045 452 1141 527 dicta
1159 453 1391 547 Aristotelea,
1412 481 1491 553 quae
1507 457 1604 556 apud
1627 460 1720 532 Sim·

169 583 314 680 plicium
340 580 501 653 Rhodius
524 581 763 680 philosophus
785 580 945 680 exponit,
970 604 1124 676 egraeco
1149 581 1187 652 in
1215 582 1367 652 latinum
1396 605 1600 654 sermonem
1616 587 1721 655 verti.

170 712 354 779 Postremo
375 706 588 778 Ethicorum
614 706 938 778 Nicomacheorum
958 693 1215 804 paraphrasin,
1241 731 1321 803 quae
1342 706 1551 779 Andronico
1577 707 1725 780 Rhodio

167 833 380 930 assignatur,
410 830 610 928 neglectam
631 857 652 902 a
675 831 855 929 plerisque
873 831 937 928 qui
957 830 1150 901 Aristotelis
1177 831 1310 928 scripta
1336 831 1490 928 legendo
1513 848 1721 924 conterunt,

170 959 292 1029 critica
318 956 511 1029 subtilitate
536 955 780 1052 castigandam
807 979 882 1026 esse
906 969 1005 1025 ratus
1026 977 1119 1025 sum.
1142 958 1244 1026 Hanc
1272 955 1431 1053 primum
1465 957 1541 1028 sine
1560 958 1718 1028 auctoris

171 1084 318 1156 nomine
350 1080 512 1177 Lugduni
542 1085 757 1152 Batavorum
785 1102 819 1150 a.
859 1077 971 1175 1607,
1007 1076 1141 1150 deinde
1180 1077 1322 1174 adjecto
1363 1080 1560 1152 Andronici
1588 1079 1710 1152 Rhodi

171 1209 317 1281 nomine
335 1206 529 1304 additaque
562 1230 626 1276 sua
659 1203 893 1276 translatione
929 1202 1039 1274 latina
1064 1201 1178 1275 edidit
1210 1203 1334 1277 Daniel
1362 1207 1527 1277 Heinsius
1555 1232 1589 1280 a.
1617 1206 1721 1304 1617.

171 1339 303 1432 Nempe
327 1333 364 1405 in
392 1331 519 1404 codice
547 1355 657 1428 quem
685 1328 981 1428 pervolutaverat
1011 1327 1155 1399 titulum
1178 1324 1373 1427 Ἀνδρονίκου
1396 1323 1514 1402 Ῥοδίου
1548 1337 1727 1430 Περιπατη-

168 1473 254 1530 τικοῦ
274 1463 437 1555 φιλοσόφου
458 1482 533 1530 non
560 1454 707 1551 quidem
744 1455 937 1545 omissum,
970 1453 1035 1526 sed
1065 1453 1204 1526 indocti
1224 1454 1383 1526 hominis
1404 1482 1515 1528 manu
1541 1471 1725 1528 exaratum

171 1585 367 1655 invenerat.
399 1588 478 1654 lam
506 1604 594 1654 vero
614 1605 656 1651 ea
683 1593 737 1652 est
755 1579 870 1677 hujus
883 1577 1049 1679 opusculi
1069 1579 1296 1670 excellentia,
1316 1595 1356 1652 ut
1380 1580 1462 1677 jure
1481 1559 1726 1654 Andronicum

172 1712 249 1808 ejus
263 1711 458 1808 [auctorem
483 1731 672 1805 agnoscere
703 1731 892 1806 queamus.
915 1709 1040 1801 ltaque
1073 1706 1181 1776 etiam
1211 1705 1345 1776 Heinsii
1379 1704 1556 1777 industria
1583 1703 1725 1777 laudata

169 1813 222 1908 est
244 1861 265 1907 a
287 1835 500 1908 Casaubono
527 1834 597 1932 (a),
613 1834 712 1931 quod
737 1834 913 1928 insignem
933 1825 1188 1928 paraphrasin,
1214 1853 1294 1924 quae
1312 1827 1418 1924 longe
1446 1845 1633 1927 praestaret
1652 1835 1722 1902 En-

169 1964 307 2054 strati0,
326 1961 363 2033 in
386 1959 505 2032 lucem
522 1958 748 2059 protulisset.
773 1955 1018 2054 Quamobrem
1040 1953 1186 2049 dignam
1201 1951 1309 2044 duxi,
1329 1979 1439 2051 quam
1463 1955 1600 2028 collatis
1619 1981 1725 2056 supe-

169 2087 325 2159 rioribus
359 2082 577 2157 editionibus
615 2081 837 2178 recognitam
879 2095 916 2152 et
951 2078 1062 2151 latine
1103 2101 1244 2150 versam
1289 2079 1608 2176 Peripateticorum
1656 2079 1726 2151 lra-

173 2213 326 2309 gmentis
350 2210 557 2307 adjicerem.
1720 2307 1723 2312 Ι

219 2337 394 2433 Subjunxi
426 2335 511 2406 huic
543 2333 763 2432 antiquitatis
800 2345 1037 2404 monumento
1069 2327 1267 2399 Andronici
1304 2325 1351 2398 de
1385 2329 1499 2400 animi
1536 2330 1727 2404 allectibus

170 2462 352 2553 libellum,
374 2485 544 2532 mancum
564 2459 665 2530 illum
689 2456 837 2555 quidem
860 2470 969 2552 atque
996 2480 1017 2524 a
1036 2454 1189 2527 librariis
1209 2453 1302 2523 male
1317 2447 1502 2545 habitum,
1523 2451 1586 2528 sed
1610 2464 1726 2530 aba·
1832 2509 1834 2514 ,

172 2587 264 2659 niele
289 2587 434 2658 Heinsio
470 2610 513 2656 ex
549 2583 678 2656 eodem
698 2581 842 2671 codice,
875 2579 938 2677 qui
967 2577 1205 2676 paraphrasin
1234 2578 1413 2668 continet,
1440 2593 1549 2676 atque
1578 2606 1620 2652 ex
1649 2582 1726 2653 aliis

172 2709 388 2808 quibusdam
415 2708 655 2799 membranis,
672 2722 712 2778 nt
743 2729 820 2778 mea
844 2704 914 2776 fert
945 2701 1096 2800 opini0‚
1123 2697 1395 2796 depromptum.

223 2835 301 2928 lpse
328 2829 425 2902 euim
459 2828 528 2900 hac
563 2827 609 2898 de
642 2851 682 2899 re
711 2825 801 2897 silet.
840 2826 913 2897 Etsi
942 2849 1027 2896 vero
1063 2847 1177 2895 novos
1205 2821 1404 2896 lectionum
1433 2823 1552 2896 lontes
1589 2829 1727 2926 aperire

179 2955 267 3026 mihi
298 2979 370 3026 non
392 2953 555 3049 contigit,
587 2951 624 3023 id
654 2966 773 3023 tamen
792 2949 932 3042 studui,
953 2965 993 3020 ut
1018 2948 1114 3019 hanc
1141 2946 1488 3046 disputatiunculam
1512 2951 1726 3024 inculcatam

177 3075 311 3148 crebris
339 3077 428 3152 locis
459 3093 495 3149 et
521 3077 689 3148 refectam
713 3075 894 3176 latineque
921 3074 1100 3148 redditam
1122 3072 1170 3144 in
1193 3069 1312 3143 lucem
1331 3096 1553 3148 revocarem.

223 3205 273 3271 lta
297 3225 403 3299 spero
426 3200 518 3293 lore,
547 3217 588 3274 ut
613 3202 758 3274 tertium
787 3227 933 3300 quoque
956 3199 1066 3298 hujus
1090 3196 1209 3297 operis
1237 3196 1404 3270 volumen
1424 3199 1556 3270 veteris
1584 3201 1726 3298 sapien·

175 3323 232 3394 tiae
257 3324 424 3397 studiosis
446 3326 632 3426 probetur.
1607 3307 1610 3312 Ι

222 3451 396 3520 Caeterum
428 3450 590 3522 maximis
618 3450 787 3524 laudibus
812 3449 1017 3524 ellerendus
1045 3465 1099 3532 est
1132 3441 1646 3538 Atsredusnirminus‘uidot,
1673 3451 1729 3520 vir

174 3573 346 3668 egregius,
368 3563 568 3646 studiorum
601 3575 834 3647 humanitatis
859 3599 901 3646 ac
925 3575 1125 3646 litterarum
1145 3573 1264 3645 fautor
1286 3587 1322 3644 et
1344 3574 1511 3663 antistes,
1533 3574 1594 3668 qui
1618 3572 1728 3668 patris

174 3699 319 3794 vestigia
348 3713 557 3796 persecutus
593 3698 852 3772 Bibliothecam
891 3702 1068 3790 Graecam,
1108 3699 1368 3798 amplissimum
1410 3698 1531 3769 solidae
1567 3721 1729 3792 veraque

175 3821 294 3918 gloriae
332 3839 627 3917 monumentum,
672 3826 719 3897 ita
756 3824 929 3916 instituit,
968 3839 1008 3896 ut
1039 3824 1157 3896 omnis
1184 3824 1323 3921 generis
1355 3819 1727 3920 praestantissimorum

172 3949 391 4046 scriptorum
422 3953 525 4048 copia
550 3950 723 4025 abundet.
1136 3933 1138 3936 V

217 4075 393 4160 Quartum
427 4089 547 4146 antem
581 4075 751 4152 volumen
787 4107 870 4154 cum
907 4083 1062 4154 aliorum
1101 4104 1183 4179 quae
1219 4077 1383 4148 seruntur
1416 4068 1725 4171 philosophorum

175 4197 384 4304 fragmenta,
404 4212 480 4270 tum
494 4201 697 4276 Stoicorum
716 4220 824 4304 atque
842 4209 1101 4304 Epicureorum
1123 4206 1397 4305 disputationes,
1410 4226 1500 4298 quas
1515 4199 1601 4270 huic
1620 4211 1721 4267 tomo

176 4323 332 4393 inserere
353 4321 405 4393 las
421 4324 510 4396 mihi
533 4350 609 4398 esse
632 4353 707 4400 non
727 4332 863 4428 putavi,
882 4331 969 4405 'cum
991 4329 1172 4403 indicibus
1194 4355 1317 4401 rerum
1335 4343 1372 4400 et
1394 4325 1590 4398 verborum
1605 4320 1724 4393 conti-

176 4445 287 4518 nebit.

223 4571 355 4670 Scripsi
377 4572 529 4647 Berolini
554 4599 587 4646 a·
612 4575 649 4649 d.
679 4569 756 4652 Vlll
778 4579 830 4653 ld.
853 4585 932 4654 lan.
959 4605 991 4650 a.
1015 4581 1322 4652 MDCOCLXXlX.

206 4721 1725 4755 Ἢ--ι--κ

218 4815 349 4894 (11Vide
370 4817 538 4882 Casauboni
567 4821 652 4900 epist.
669 4821 726 4898 507
753 4823 799 4885 ed.
829 4823 929 4884 Graev.
980 4793 982 4798 V

853 5084 1064 5114 mano-—
