4020 5950
199 337 239 398 to
482 393 485 399 .
882 335 934 398 DE
956 335 1144 400 PLATONE.

198 491 273 552 quos
290 471 383 530 solere
407 489 467 530 esse
492 472 572 530 cives
595 469 667 550 (τί).
695 469 775 528 ldem
790 489 880 550 porro
896 471 983 550 jubet
1030 473 1156 552 quodem
1180 471 1299 532 oraculo
1320 469 1476 530 instinctus
1496 461 1632 528 videatur
1645 469 1717 548 (xe).
1741 469 1816 540 Quis

198 573 310 621 tantum
322 559 497 619 contendere
511 559 543 620 in
557 559 726 638 republica,
746 572 887 636 quantum
909 581 982 640 pro·
1029 565 1106 621 enim
1124 561 1246 624 uberior
1258 558 1424 620 indicendo
1438 577 1524 637 quam
1538 558 1640 618 Plato?
1654 558 1752 629 Quare
1764 558 1817 618 lo·

197 650 269 710 bere
283 649 341 708 tuis
366 646 482 726 civibus
511 648 625 726 possis3
651 648 711 705 vim
736 666 830 724 neque
856 651 983 727 parenti,
1029 671 1094 711 vem
1108 653 1134 712 si
1154 650 1419 728 Graeceloqnatur,
1437 647 1810 730 sicloquiajuntphiloso·

198 753 294 814 neque
307 735 408 815 patriae
430 735 528 794 efferri
548 747 693 814 oportere.
712 735 807 812 Atque
821 735 896 793 hanc
915 737 982 814 qui·
1031 741 1083 820 phi
1099 739 1171 820 (19).
1182 739 1283 817 Neque
1293 737 1405 816 injurie
1419 737 1521 798 Cicero
1535 736 1614 796 hunc
1625 757 1716 796 unum
1731 740 1814 815 quasi

199 825 263 883 dem
278 824 330 884 ille
343 843 458 884 causam
474 823 532 884 sibi
545 825 586 883 ait
600 844 659 882 non
679 824 853 899 attingendae
870 829 913 884 rei
929 845 982 906 pu·
1029 829 1175 906 quendam
1192 827 1435 907 philosophorum
1456 825 1544 885 deum
1558 823 1617 906 (ao)
1633 825 1816 903 eundemque

198 913 284 974 blicue
309 913 399 973 fnisse
419 934 426 972 :
444 913 523 992 quod
541 931 631 992 quum
654 911 823 970 offendisset
842 913 984 994 populum
1029 917 1117 976 simul
1135 915 1319 992 intelligendi
1352 914 1440 974 simul
1464 913 1583 974 dicendi
1609 915 1814 992 gravissimum

199 1003 405 1062 Atheniensem
423 1021 517 1083 prope
531 1003 593 1080 jani
611 1002 803 1082 desipientem
818 1015 981 1078 senectute,
1031 1019 1177 1064 auctorem
1191 1015 1220 1061 et
1237 1003 1410 1078 magistrum
1428 1001 1647 1084 nominatior).
1664 1001 1750 1062 llecte
1765 1021 1817 1061 eu·

199 1109 345 1168 quemque
369 1109 422 1150 nec
449 1090 653 1170 persuadendo
678 1109 732 1149 nec
756 1091 890 1168 cogendo
919 1094 982 1168 regi
1031 1107 1087 1152 tem
1101 1091 1274 1153 Aristoteles
1294 1092 1375 1171 apud
1398 1091 1560 1169 Diogenem
1583 1091 1732 1153 Laertium
1754 1091 1815 1162 tu,

151 1233 156 1242 .
198 1198 284 1258 posse
298 1179 436 1254 vidisset,
456 1192 518 1239 tum
530 1179 700 1259 persuaderi
712 1183 798 1258 posse
814 1179 981 1258 diffideret,
1029 1182 1067 1255 37
1098 1181 1213 1242 Platoni
1239 1179 1315 1240 illud
1342 1181 1488 1240 sermonis
1515 1199 1606 1256 genus
1634 1179 1714 1258 quod
1739 1180 1818 1239 inter

198 1281 259 1335 tum
274 1269 339 1344 cogi
355 1268 396 1326 sas
410 1286 472 1328 esse
482 1287 541 1328 non
554 1266 755 1326 arbitraretur.
765 1266 825 1346 (ιδ)
842 1265 982 1328 Consiliis
1030 1275 1135 1350 poema
1145 1284 1175 1329 et
1192 1289 1310 1350 prosam
1324 1268 1451 1328 medium
1461 1268 1511 1341 sit,
1527 1269 1667 1344 assignet.
1687 1269 1746 1344 tea)
1761 1267 1819 1326 lta·

198 1369 293 1417 temen
314 1356 418 1436 juvare
434 1376 513 1422 nrrnc
541 1357 666 1414 Dionem
690 1376 768 1416 nunc
790 1357 864 1416 alios
883 1375 982 1416 rerum
1031 1379 1088 1436 que
1105 1360 1239 1418 videmus
1258 1359 1354 1417 risum
1378 1376 1442 1417 esse
1463 1358 1625 1435 nonnullis,
1642 1357 1773 1416 Platonis
1789 1373 1819 1416 et

197 1447 382 1524 publicarum
393 1461 523 1506 rectores
540 1466 599 1504 non
613 1444 773 1508 dubitavit.
790 1445 889 1516 Quid?
904 1447 983 1525 quod
1032 1443 1193 1506 Democriti
1215 1448 1413 1520 locutionem,
1431 1446 1487 1505 etsi
1515 1445 1593 1505 absit
1616 1465 1633 1504 a
1649 1465 1753 1518 versu,
1769 1459 1818 1504 ta-

200 1536 342 1596 Archelao
359 1537 548 1597 Macedonum
570 1539 633 1615 regi
648 1537 816 1596 carissimus
833 1535 898 1615 tuit,
916 1538 984 1597 licet
1031 1554 1113 1610 men,
1129 1535 1207 1613 quod
1223 1534 1374 1595 incitatius
1390 1534 1499 1592 seretur
1513 1547 1543 1592 et
1559 1533 1731 1594 clarissimis
1749 1553 1818 1592 ver-

199 1625 230 1681 iu
244 1625 363 1703 seriptis
375 1645 442 1684 eum
464 1625 694 1704 reprehenderit.
714 1624 884 1702 Philippum
908 1647 984 1704 quo·
1030 1622 1136 1684 borum
1159 1623 1322 1684 luminibus
1336 1635 1453 1695 utatur,
1467 1622 1567 1700 potius
1591 1641 1696 1700 poema
1709 1635 1817 1701 puten-

199 1731 256 1790 que
270 1711 457 1772 Macedonem
472 1713 620 1773 Perdiccae
634 1713 762 1791 primurn
779 1714 983 1775 commendare
1030 1710 1110 1786 dum,
1129 1731 1220 1790 quam
1236 1713 1415 1772 comicorum
1429 1725 1580 1791 poetarum
1601 1734 1607 1768 :
1623 1711 1702 1791 apud
1725 1731 1816 1790 quos,

199 1821 259 1861 non
271 1801 410 1876 erubuit,
434 1803 485 1880 qui
503 1803 666 1881 provinciae
681 1801 718 1860 ab
740 1802 797 1860 boc
810 1801 985 1881 praepositus
1030 1801 1088 1862 nisi
1111 1802 1191 1880 quod
1206 1803 1344 1862 versiculi
1364 1815 1451 1876 sunt,
1468 1802 1543 1864 nihil
1564 1816 1607 1864 est
1621 1802 1701 1862 aliud
1722 1803 1819 1882 qnoti-

199 1889 370 1967 copiisque,
386 1907 459 1966 quas
474 1888 603 1965 elueret,
618 1888 761 1960 confisus,
775 1885 897 1965 regnum
918 1903 985 1968 post
1029 1892 1110 1951 diani
1123 1892 1273 1952 dissimile
1286 1893 1432 1953 sermonis
1448 1895 1520 1971 (23).

197 1977 261 2056 ejus
275 1976 388 2036 obitum
403 1977 557 2056 occuparit
571 1976 642 2056 (ιη).
681 2005 685 2014 ·
1071 1984 1189 2040 Summa
1202 1981 1394 2060 temperantia
1407 1983 1439 2042 in
1453 1983 1535 2041 victu
1545 1980 1576 2040 id
1592 1995 1764 2042 consecutus
1773 1994 1819 2042 est

237 2066 419 2128 DePletonis
427 2066 594 2143 eloquentia
605 2077 633 2124 et
641 2077 745 2124 ornato
754 2065 871 2124 dicendi
879 2083 984 2142 genere
1031 2069 1131 2144 Plato,
1148 2084 1179 2130 ut
1193 2070 1398 2130 adextremem
1414 2083 1591 2132 senectutem
1610 2071 1725 2130 veniret
1745 2068 1816 2150 (at).

198 2155 885 2233 nulleiuter'scriptorescontrouersiaest,quia
899 2175 984 2214 nenio
1029 2155 1110 2218 ldem
1135 2157 1257 2236 jamjam
1284 2159 1448 2219 moriturus
1472 2157 1590 2236 genium
1615 2178 1700 2218 suuni
1727 2159 1818 2218 tortu·

198 2245 315 2306 dubitat
328 2244 411 2304 illum
429 2243 493 2302 sive
507 2245 641 2302 acumine
652 2242 830 2315 disserendi,
846 2243 910 2302 sive
924 2244 983 2303 elo·
1030 2265 1155 2325 namque
1177 2247 1324 2320 laudavit,
1352 2249 1483 2327 primum
1505 2247 1585 2326 quod
1608 2247 1697 2307 homo
1718 2247 1818 2327 potius

198 2333 308 2412 quendi
332 2333 469 2392 facultate
498 2331 602 2390 divina
629 2331 754 2409 quadem
774 2343 803 2390 et
831 2331 984 2391 Homerica
1029 2356 1117 2413 quarn
1131 2339 1251 2399 brutum
1267 2339 1388 2418 animal,
1399 2338 1506 2396 deinde
1520 2337 1600 2416 quod
1614 2335 1745 2410 Graccus,
1757 2355 1816 2394 non

198 2421 351 2484 excellere.
365 2420 489 2479 Multum
503 2419 580 2478 enim
592 2437 681 2498 supra
690 2438 808 2499 prosam
820 2421 983 2481 orationem
1004 2447 1008 2488 t
1030 2422 1190 2498 barbarus,
1210 2425 1339 2504 denique
1373 2427 1454 2505 quod
1481 2425 1611 2488 somatis
1634 2423 1818 2505 temporibus

200 2511 315 2588 surgit,
340 2522 371 2569 st
389 2529 448 2568 non
462 2508 592 2568 hominis
613 2508 747 2586 ingenio,
773 2507 823 2567 sed
840 2507 983 2588 Delphico
1004 2497 1008 2586 Ι
1029 2524 1115 2572 natus
1128 2527 1203 2574 esset
1218 2513 1288 2592 (οὔ).
1311 2513 1435 2572 hlortem
1453 2512 1530 2571 obiit
1555 2513 1696 2574 archonte
1720 2512 1818 2571 Theo-

197 2731 249 2798 (te)
264 2731 351 2784 cicero
364 2730 441 2795 Epist.
453 2729 485 2779 ed
501 2731 570 2780 Fam.
587 2731 607 2789 1,
621 2733 654 2788 a·‚
677 2727 747 2778 Plato
764 2726 870 2792 delegg.
891 2729 932 2780 lib.
950 2732 985 2780 iv
1030 2746 1107 2782 uuum
1119 2737 1193 2796 atque
1207 2734 1386 2798 octogesimum
1399 2734 1512 2799 implerit
1530 2735 1583 2786 sine
1597 2733 1647 2784 ulle
1659 2735 1816 2788 deductione.

198 2803 471 2868 μηδιίςὺμᾶςπειίίτω,
489 2803 509 2850 ὦ
524 2801 600 2866 pilot,
613 2801 684 2858 ἄλλην
698 2802 798 2861 θᾶττον,
812 2801 851 2849 καί
864 2801 920 2865 ῥᾷον
939 2819 982 2864 ρε-
1028 2805 1088 2855 Ideo
1099 2806 1179 2866 magi,
1201 2804 1245 2868 qui
1261 2805 1324 2855 torte
1340 2804 1444 2856 Athenis
1463 2809 1546 2864 ment,
1568 2805 1759 2856 immolaverunt
1770 2805 1816 2856 tle·

195 2875 319 2924 cutellum
337 2873 366 2921 άν
378 2889 436 2922 ποτε
446 2871 531 2935 πόλιν,
548 2873 589 2921 sei
604 2873 657 2930 τοὺς
671 2870 755 2933 νόμους
772 2871 787 2929 ἡ
804 2876 834 2934 τῇ
851 2875 899 2922 τῶν
911 2873 976 2924 δυνα-
1029 2875 1128 2936 iuncto,
1146 2874 1271 2939 amplioris
1286 2875 1361 2926 tuisse
1377 2877 1534 2938 sortisquem
1548 2875 1663 2926 humane
1677 2877 1741 2934 rati.
1757 2876 1816 2940 quie

198 2946 329 2996 πινόντων
339 2943 462 3006 ἡγεμονίᾳ.
475 2968 507 2978 -
521 2941 573 3006 (lo)
588 2940 675 2992 Cicero
690 2940 767 3004 Epist.
784 2940 816 2991 ed
828 2943 896 2993 Fam.
913 2946 981 3005 1‚s·,
1028 2949 1224 2996 consummasset
1235 2945 1442 3010 periectissimum
1462 2959 1606 3008 numerum,
1627 2960 1702 3011 quem
1723 2961 1813 2998 norem

198 3015 269 3066 Plato
279 3014 338 3066 orit.
358 3028 380 3064 c.
396 3019 424 3065 22
438 3018 560 3077 πενταχοῦ
572 3012 708 3071 ποιητάονά
724 3013 752 3060 ἂν
761 3013 871 3076 ιιελεύηὴ
882 3013 949 3073 πόλις
958 3033 983 3049 ..
1029 3019 1113 3068 novies
1126 3017 1289 3082 multiphceia
1303 3020 1461 3081 componunt.
1473 3042 1505 3054 -

198 3086 372 3148 anthemis,
390 3087 406 3144 l
425 3084 513 3135 mlius
524 3085 613 3145 altit,
631 3083 647 3146 d
666 3083 695 3134 τὸ
711 3083 802 3133 δίκαιον
815 3087 916 3150 πέρυνε,
928 3088 983 3151 βιά-
1061 3087 1112 3152 (25)
1125 3086 1275 3138 Plutarchus
1286 3086 1334 3138 rit.
1350 3087 1421 3136 hierii
1432 3101 1485 3151 cep.
1502 3091 1532 3138 42
1547 3088 1601 3138 Vol.
1620 3091 1657 3140 ΙΠ
1675 3101 1700 3153 p.
1715 3094 1758 3140 129
1774 3091 1813 3140 ed.

199 3159 278 3216 ζεαίαι
292 3158 317 3206 u
338 3157 384 3220 οὐχ
401 3157 468 3208 ὅσιον
486 3156 541 3206 οὔτε
565 3155 653 3219 μητέρα
676 3153 729 3204 οὔτε
752 3155 855 3219 πατίρα,
879 3157 938 3208 πολὺ
959 3157 984 3208 tt
1012 3162 1129 3210 'liutteu
1146 3159 1246 3210 Πλάτων
1261 3159 1302 3222 μὶν
1317 3157 1357 3208 οὖν
1371 3159 1416 3217 ἠδη
1429 3161 1486 3222 πρὸς
1500 3164 1535 3223 τῷ
1547 3161 1656 3225 τελευτᾷν
1672 3160 1810 3224 γενόμενος,

198 3229 288 3279 τούτων
305 3229 339 3278 ἔτι
353 3228 423 3290 ἦττον
436 3231 477 3287 τὴν
492 3227 601 3290 πατρίδα.
612 3253 645 3264 -
846 3268 847 3271 ,
1029 3232 1095 3294 ὕμνει
1107 3231 1147 3280 τὸν
1160 3231 1232 3279 αὑτοῦ
1240 3228 1340 3292 δαίμονα
1353 3229 1393 3278 sat
1409 3231 1451 3286 ctu
1463 3229 1549 3293 τύχην,
1562 3231 1598 3279 ὅτι
1611 3235 1702 3295 πρῶτον
1715 3232 1756 3294 μὲν
1770 3233 1814 3282 άν-

230 3299 281 3365 (il.)
291 3300 425 3351 Athenaeus
436 3301 470 3355 lli
484 3312 507 3363 p.
523 3304 577 3348 50⁰.
593 3297 619 3348 d.
632 3311 655 3349 e.
669 3298 686 3347 ί.
700 3298 741 3348 καί
751 3299 765 3347 d
777 3298 869 3361 Κρίτων
880 3297 901 3348 δ’
911 3299 984 3348 αὐτοῦ
1029 3303 1133 3366 θρωπος,
1154 3300 1205 3350 alac
1217 3300 1319 3362 Ἕλλην,
1342 3300 1370 3350 οὔ
1393 3301 1525 3363 βάρίορος,
1545 3299 1596 3350 οὐδ’
1611 3299 1696 3365 άλογον
1707 3306 1736 3365 τῇ
1749 3302 1814 3360 φύσει

200 3373 343 3434 Σορωιλίους
355 3371 458 3436 περιίχει
473 3369 632 3433 καταδρομήν.
648 3369 696 3418 ott
707 3367 805 3432 Γοργίας
820 3369 849 3419 οὐ
865 3370 935 3431 μόνον
945 3370 984 3429 άρ·
1030 3373 1107 3436 θηρίον
1120 3372 1218 3434 γίνοιτο·
1229 3371 1286 3434 πρὸς
1301 3371 1326 3420 u
1339 3370 1443 3432 τούτοις,
1459 3372 1494 3419 ὅτι
1509 3375 1558 3427 τοῖς
1576 3371 1713 3434 Σωκράτους
1723 3372 1814 3434 χρόνοις

199 3443 264 3493 oure
282 3443 434 3506 ἐπίγραμμα,
446 3441 505 3491 άλλά
523 3441 563 3488 καί
577 3438 702 3502 Ἀρχελάου
716 3444 758 3489 τοῦ
774 3441 920 3497 Μακεδονίας
939 3442 984 3505 βα-
1029 3444 1160 3502 ίιπήνιηστν
1183 3443 1307 3502 briucort*
1321 3443 1402 3491 αὐτοῦ.
1418 3442 1561 3492 Lactantius
1572 3441 1622 3492 uir.
1639 3441 1697 3492 inst.
1715 3441 1758 3493 lib.
1777 3446 1815 3494 lli

200 3513 331 3570 ethioclis
345 3513 373 3564 oti
387 3513 457 3576 μόνον
474 3511 631 3560 ἐπονείδιστον
651 3510 717 3572 γίνος
732 3509 810 3572 ἔχειν,
824 3511 874 3561 ἀλλ’
894 3511 929 3560 ὅτι
943 3514 984 3562 sel
1029 3527 1086 3578 sep.
1106 3517 1143 3564 te.
1155 3513 1210 3562 Nou
1222 3511 1340 3563 dissimile
1351 3512 1461 3562 Platonis
1476 3511 1537 3562 illud
1550 3517 1597 3573 est,
1610 3511 1678 3576 quod
1686 3513 1777 3578 ajebat,
1788 3529 1815 3565 su

200 3586 321 3634 ἀπέκτεινε
333 3584 373 3636 τὸν
389 3581 514 3642 δεσπότην.
532 3581 608 3637 οὗτος
627 3581 648 3630 δ’
664 3579 715 3632 teo
730 3581 844 3644 Πλάτων,
867 3583 893 3631 tv
908 3583 984 3633 Σπεύ-
1029 3583 1121 3648 gratias
1136 3585 1317 3647 agerentinus
1331 3597 1336 3626 ι
1352 3583 1461 3647 primum
1472 3618 1479 3640 .
1491 3583 1556 3646 qnod
1571 3582 1645 3632 laonio
1665 3587 1738 3634 natus
1750 3589 1814 3635 essct

200 3657 288 3714 οιππίς
302 3673 359 3719 φησι
376 3655 489 3719 φίλτατον
503 3653 561 3703 ὄντα
576 3651 707 3717 Ἀρχελάῳ,
726 3649 840 3718 Φιλίππῳ
855 3661 896 3713 τῆς
912 3656 979 3718 βασι·
1031 3655 1198 3719 potiusquam
1210 3657 1308 3704 mutum
1319 3655 1408 3704 ammei
1426 3674 1431 3704 :
1448 3653 1553 3714 deiude,
1567 3653 1636 3717 quod
1654 3666 1708 3704 tuos
1720 3655 1812 3720 potitis,

201 3730 263 3784 λείας
272 3728 347 3778 cirros
359 3727 476 3788 γενέσθαι.
488 3725 572 3790 Γράφει
586 3729 642 3786 γοῦν
654 3725 788 3789 Καρύστιος
804 3730 817 3776 ί
831 3729 985 3790 Περγαμηνὸς
1029 3738 1103 3788 quent
1115 3723 1203 3774 lemine
1215 3744 1220 3773 :
1231 3723 1299 3786 quod
1311 3726 1424 3784 Gemens,
1439 3737 1513 3787 quem
1527 3725 1665 3775 barbarus:
1679 3728 1812 3790 postremo,

201 3802 225 3850 ίν
234 3804 282 3855 τοῖς
297 3802 424 3864 ἱστορικοῖς
432 3797 598 3860 υπομνήμαπιν
608 3796 691 3852 οὕτως’
707 3796 881 3856 «Σπεύσιππος
895 3801 983 3848 ousta-
1029 3795 1096 3858 quod
1110 3794 1281 3856 Atheniensis,
1295 3799 1322 3846 et
1333 3795 1402 3858 quod
1415 3795 1565 3859 temporibus
1574 3797 1689 3848 Socratis
1700 3797 1755 3848 Dici
1767 3812 1814 3848 non

201 3869 428 3934 ciproquement
444 3870 592 3931 βλασφημεῖν
601 3868 653 3928 περὶ
667 3867 794 3923 Πλάτωνος
810 3871 843 3926 είς
858 3869 985 3926 ἐπιστολὴν
1030 3871 1126 3932 potest,
1136 3871 1253 3930 queniam
1266 3868 1389 3918 mentibus
1405 3868 1555 3928 caecitetem,
1569 3871 1725 3932 quantosque
1734 3869 1814 3932 pariet

201 3937 287 4002 ίηρεψί
306 3955 328 3986 τι
347 3939 469 3994 τοιοῦτον,
493 3935 586 4000 Ὥσπερ
620 3935 761 3999 ἀγνοοῦντος
780 3939 833 3992 τοὺς
850 3939 984 4003 ἀνθρώπους
1030 3951 1125 3990 errores
1137 3937 1258 4003 ignoratio
1269 3938 1389 3989 veritatis.
1404 3942 1455 4002 Ego
1472 3937 1545 4002 plane
1562 3937 1738 4000 contenderim,
1751 3952 1814 3988 nun-

201 4011 237 4059 ὀτι
251 4010 292 4058 soi
306 4009 349 4067 τὴν
370 4006 446 4070 ἀρχὴν
467 4013 506 4066 τῆς
528 4007 649 4070 βασιλείας
669 4007 787 4066 Φίλιππος
804 4010 843 4060 διὰ
859 4009 984 4068 Πλάτωνος
1029 4023 1103 4072 quoru
1119 4007 1254 4074 quidquem
1265 4008 1359 4061 dietum
1371 4023 1426 4062 esse
1438 4011 1464 4061 in
1478 4009 1552 4060 rebus
1563 4009 1677 4060 lrtrmenls
1692 4007 1810 4059 delirius:

201 4082 279 4144 ίπχιν.
293 4079 410 4140 hippotes
427 4077 471 4142 γὰρ
483 4077 605 4130 ἀπέστειλε
624 4078 664 4128 τὸν
680 4079 788 4142 Ὠρείτην
803 4081 860 4146 πρὸς
882 4083 984 4146 neptis·
1029 4081 1173 4144 quasivero
1187 4080 1209 4130 si
1228 4085 1273 4130 eut
1288 4079 1423 4143 barbarus,
1436 4084 1480 4132 aut
1495 4082 1594 4139 mulier.
1608 4085 1651 4130 eut
1666 4079 1748 4130 asinus
1766 4079 1812 4130 dc-

202 4169 246 4204 ιιαν
255 4149 370 4211 Πλάτων,
380 4150 406 4208 ὃς
423 4149 516 4201 tucceta
535 4150 676 4213 ἀπομερίσαι
694 4153 748 4201 τινὰ
761 4149 840 4216 χώραν
860 4155 981 4217 Φιλίππῳ.
1029 4151 1103 4213 nique
1111 4151 1185 4201 natus
1192 4155 1266 4210 esset,
1282 4151 1349 4202 idem
1360 4152 1413 4216 ipse
1424 4152 1495 4202 Pluto
1505 4155 1580 4214 esset,
1591 4165 1620 4202 eo
1631 4163 1680 4200 uon
1691 4149 1772 4213 ipsunt
1784 4149 1813 4198 il·

202 4221 336 4286 Διατρίφων
350 4217 370 4269 δ’
386 4220 485 4270 ἐνταῦθα
499 4220 596 4284 δύναμιν
608 4261 614 4283 ,
627 4225 658 4278 ὡς
680 4223 784 4273 ἀπέθανε
799 4224 946 4288 Περδίκκας,
963 4229 985 4284 εξ
1030 4219 1086 4280 lud,
1100 4219 1168 4283 quod
1182 4223 1255 4270 uetus
1268 4221 1364 4272 diisset.
1382 4221 1430 4272 Sed
1445 4222 1559 4273 videlicet
1569 4222 1717 4286 Pyungore
1732 4221 1812 4272 eredi-

202 4292 296 4353 ἑτοίμου
321 4291 441 4352 δυνάμεως
462 4293 626 4356 ὑπαρχούσης,
644 4293 745 4343 ἐπέπεσε
762 4298 810 4350 τοῖς
823 4295 952 4358 πράγμασι.
972 4317 984 4340 ν
1031 4293 1082 4354 dit,
1095 4293 1152 4356 qui.
1165 4295 1195 4344 ut
1212 4297 1308 4344 vetaret
1330 4293 1440 4345 homines
1462 4293 1609 4346 animalibus
1631 4297 1715 4356 vesei,
1736 4294 1814 4358 dixit,

201 4365 294 4428 -(tt)
309 4362 476 4422 Quintilianus
487 4365 517 4423 x,
534 4367 556 4425 i,
578 4367 616 4414 ti.
633 4393 663 4404 -
677 4363 729 4428 (te)
747 4363 834 4415 ulcero
845 4367 915 4416 Brut.
930 4379 982 4430 cap.
1030 4365 1124 4414 enimes
1147 4362 1178 4413 de
1202 4363 1344 4427 corporibus
1369 4365 1395 4414 in
1423 4365 1528 4416 aliorum
1549 4365 1693 4416 animalium
1713 4377 1815 4430 corpora
1847 4387 1850 4394 ·

202 4441 239 4488 et.
249 4432 342 4499 -(2ο)
349 4433 435 4485 cicero
444 4433 532 4488 donat.
541 4433 610 4484 deor.
622 4438 655 4496 ΙΙ,
668 4441 703 4486 ta.
715 4433 900 4500 -(2l)Gieero
911 4437 980 4486 orat.
1030 4446 1181 4496 commeare,
1196 4435 1263 4498 quod
1276 4439 1301 4486 ot
1318 4448 1410 4486 vonum
1426 4438 1452 4487 et
1469 4435 1619 4501 impossbile
1638 4439 1677 4487 esi
1691 4457 1697 4488 ι
1713 4451 1813 4498 vanum,

201 4519 256 4571 cap.
283 4509 306 4558 3.
323 4531 355 4543 -
372 4504 423 4569 (22)
439 4505 560 4569 Diogenes
579 4505 689 4554 Laertius
704 4508 755 4565 111,
771 4505 800 4554 37
818 4506 874 4566 φησὶ
886 4504 906 4553 t’
926 4503 984 4567 'Apt-
1030 4505 1089 4570 quie
1103 4517 1204 4556 necesse
1224 4519 1274 4556 non
1288 4506 1335 4556 init
1353 4509 1451 4558 veteres
1472 4507 1567 4557 animes
1583 4505 1608 4556 hi
1631 4519 1695 4556 nove
1713 4519 1815 4572 corpora

201 4577 312 4636 στοτίλης
325 4578 425 4636 τὴντῶν
438 4576 516 4640 λόγων
527 4576 590 4626 ἰδίαν
603 4576 676 4624 αὑτοῦ
690 4575 776 4638 paretis
785 4576 915 4638 ποιήματος
926 4576 986 4625 εἶναι
1030 4575 1161 4638 inducere,
1177 4590 1256 4640 quum
1272 4577 1338 4628 idern
1353 4577 1454 4641 artilex,
1468 4577 1510 4640 qui
1520 4578 1613 4640 prhuus
1630 4577 1761 4639 aliquando
1779 4578 1814 4628 le-

201 4651 242 4700 ssi
256 4652 326 4708 πεζοῦ
337 4646 419 4709 λόγου.
436 4675 462 4684 -
474 4647 525 4712 (23)
535 4647 623 4698 cicero
636 4647 706 4697 orat.
721 4659 773 4710 cap.
792 4651 831 4696 2ο.
843 4676 872 4687 -
884 4645 934 4710 (24)
944 4649 987 4696 Se-
1030 4650 1110 4708 cerat,
1123 4647 1230 4710 potuerit
1244 4659 1341 4711 semper
1353 4659 1429 4698 noves
1449 4647 1532 4697 tacere
1549 4661 1556 4690 ι
1574 4647 1739 4711 impossibiie.
1754 4650 1813 4712 quia

204 4733 264 4770 neca
277 4721 348 4784 epist.
363 4723 392 4770 ott
405 4717 475 4770 Plato
486 4716 519 4769 ad
528 4719 682 4769 senectutem
694 4729 721 4766 se
733 4715 859 4780 dumentis
872 4715 983 4781 pertulit.
1030 4721 1104 4768 rectu
1118 4718 1220 4768 rationis
1236 4717 1316 4768 anime
1334 4719 1386 4768 tem
1400 4717 1532 4769 immutare
1548 4721 1663 4767 neturaru
1683 4719 1764 4768 status
1776 4717 1814 4767 sui

203 4791 261 4840 Erat
269 4789 369 4854 quidem
382 4801 472 4854 corpus
483 4787 593 4839 rohdum
607 4801 636 4838 ec
648 4787 711 4837 sorte
727 4787 838 4850 ocutus,
855 4791 881 4839 et
891 4786 927 4838 illi
941 4802 985 4838 no·
1030 4801 1078 4838 non
1091 4791 1184 4854 potet,
1198 4802 1273 4852 quem
1284 4788 1362 4853 ignis,
1373 4793 1416 4840 aut
1428 4789 1544 4840 deorsum
1557 4788 1619 4850 niti,
1635 4788 1679 4839 eut
1691 4787 1717 4837 in
1732 4791 1814 4838 trans·

205 4873 261 4912 men
274 4861 380 4912 latitudo
395 4859 502 4926 pectoris
516 4859 629 4910 feteret:
652 4857 697 4908 sed
713 4857 881 4921 navigationes
897 4869 927 4908 ec
943 4870 986 4920 pe-
1031 4872 1128 4910 versum
1149 4859 1257 4909 fulminis
1271 4859 1345 4911 niodo
1362 4860 1486 4910 hammam
1505 4871 1576 4910 suam
1590 4857 1702 4910 tundere.
1718 4860 1812 4911 eristi-

207 4933 283 4998 picula
295 4932 400 4983 multum
414 4932 571 4984 detraxerant
583 4930 676 4979 viribus
689 4941 695 4974 :
708 4927 855 4992 pershnonie
869 4929 988 4992 temeret
1030 4931 1190 4994 moritigitnr
1201 4930 1274 4980 horno
1286 4931 1395 4995 sepiens,
1409 4930 1520 4995 potuisse
1532 4929 1599 4993 fleri,
1615 4933 1644 4982 nt
1653 4931 1743 4991 anime,
1757 4943 1813 4994 ques

210 5011 306 5062 tunam,
316 5016 372 5067 quac
385 5002 527 5054 eriditetem
539 5003 657 5062 evocant,
670 4999 774 5058 modus,
794 5002 821 5050 et
832 4999 936 5061 (litigem
948 4998 986 5048 sui
1029 5002 1089 5050 tunc
1103 5001 1193 5050 cretio
1206 5000 1361 5063 Plutone,in
1372 5000 1472 5064 aliquod
1487 5003 1584 5050 mutum
1598 4999 1689 5051 enirnel
1701 4999 1814 5050 includo-

206 5071 283 5122 tutelo
296 5074 411 5135 perduxit
427 5074 495 5124 illurn
511 5071 543 5122 ed
557 5073 711 5122 seneclutem
717 5107 726 5133 ,
738 5069 823 5119 multis
837 5068 987 5133 prohibenti·
1030 5072 1112 5128 retur,
1123 5074 1236 5134 essetque
1247 5071 1353 5121 hnmano
1366 5086 1439 5122 sensu
1455 5071 1572 5135 praedite,
1586 5074 1615 5120 ut
1625 5069 1773 5135 intelilgeret
1785 5085 1814 5121 ee

207 5143 253 5194 bus
272 5145 361 5193 causis.
373 5147 433 5194 uaso
446 5145 493 5196 hoc
511 5143 573 5206 scis,
589 5146 663 5207 puto,
676 5141 771 5192 Platoni
790 5140 922 5205 diligentie
933 5153 985 5190 snas
1031 5139 1125 5192 doleret
1141 5140 1310 5204 incongruenti
1319 5156 1346 5193 sc
1356 5155 1458 5208 corpme
1469 5144 1604 5193 oneratam.
1617 5145 1717 5201 Quanto
1729 5141 1813 5193 eonius

206 5209 323 5262 beneficio
337 5214 483 5275 contigisse,
499 5213 564 5276 quod
577 5207 652 5265 netuli
664 5223 710 5262 sno
722 5212 842 5272 decessit,
856 5213 881 5262 et
895 5225 985 5264 annum
1031 5211 1135 5272 iaceret,
1156 5211 1178 5262 si
1199 5211 1291 5277 gratias
1306 5225 1378 5277 agere
1400 5227 1427 5264 se
1447 5212 1556 5276 diceret,
1578 5211 1646 5280 quod
1660 5211 1813 5278 ingeniosus,
