3976 5948
218 424 273 486 Ιθθ

212 559 291 634 giam
305 561 430 617 Platonis
439 563 622 639 interpretem
635 563 696 644 (τίς)
711 578 739 623 et
752 581 925 644 postremum
935 571 994 644 ejus

212 661 292 706 sectae
320 661 473 724 patronum
509 671 538 709 se
569 653 744 727 praebuisset.
767 659 904 716 Caeterum
936 680 994 716 non

211 739 298 812 pauci
307 749 409 807 erant,
420 741 470 814 qui
484 753 548 815 post
562 743 732 802 Xenocratis
746 758 868 804 mortem
883 750 992 806 scholas

211 826 247 881 ab
263 827 324 901 ipso
336 827 472 886 Crantore
485 830 585 888 baberi
599 844 685 907 atque
699 835 729 890 in
742 835 801 908 ejus
815 837 992 912 disciplinam

211 933 240 970 se
253 915 364 971 tradere
376 918 488 977 vellent.
495 921 651 996 Postquam
660 922 794 980 videlicet
806 927 899 982 morbi
910 946 991 984 causa

211 1004 366 1076 aliquando
381 1005 412 1060 in
428 1007 582 1083 AEscnlapii
596 1012 733 1086 templum
746 1017 899 1086 concessit,
912 1019 992 1072 multi

212 1093 261 1164 qui
276 1111 338 1148 eum
352 1112 411 1149 non
423 1096 526 1152 morbo
541 1109 688 1170 vexatum,
701 1100 749 1156 sed
770 1101 805 1156 ad
815 1102 933 1174 juvenes
947 1106 993 1160 lit-

145 1245 148 1254 ,
211 1182 277 1236 teris
292 1181 464 1238 erudiendos
487 1203 661 1259 propensum
684 1187 724 1242 ibi
740 1189 845 1244 morari
867 1190 989 1264 suspica-

760 433 810 494 Dll
832 435 1035 500 CRANTORE
1058 439 1304 504 Acauuutco'

1035 572 1165 632 mendaci
1186 572 1312 634 volebat.
1329 573 1425 644 Quidr
1439 573 1519 654 quod
1539 574 1668 634 moriens
1690 575 1816 636 Crantor

1034 660 1184 720 Arcesilan
1207 662 1417 741 patrimonium
1437 681 1523 722 suum
1535 709 1543 734 ,
1557 665 1638 741 quod
1657 663 1816 724 duodecim

1032 749 1149 810 talentis
1163 751 1332 831 constabat,
1343 751 1629 831 reliquissedicitur.
1643 753 1714 813 Vide
1725 755 1815 832 Diog.

1031 835 1126 900 Laert.
1144 837 1194 912 tv,
1211 841 1312 908 atrab.

1066 925 1131 985 Jam
1143 929 1261 1006 quando
1270 930 1460 990 Academicus
1473 930 1527 989 suit
1536 929 1672 1001 Crantor,
1690 931 1818 989 forsitan

1028 1013 1101 1074 nihil
1114 1037 1190 1096 opus
1209 1019 1353 1092 rideatur,
1371 1040 1436 1098 qrrae
1452 1019 1516 1097 ejus
1531 1022 1668 1096 dogmata
1684 1021 1818 1098 iruerint,

1030 1107 1192 1179 sciscitari,
1209 1109 1372 1186 praesertim
1394 1131 1486 1188 quum
1502 1109 1605 1169 Cicero
1619 1111 1677 1187 (aa)
1693 1131 1747 1170 nos
1762 1114 1820 1170 do-

1037 1198 1112 1258 ceat,
1137 1190 1336 1264 Polemonem,
1353 1193 1493 1250 Cratctem
1514 1205 1543 1251 et
1563 1197 1731 1254 crantorem
1749 1197 1820 1254 dili-

210 1269 323 1338 bantur,
335 1273 473 1328 continuo
483 1274 599 1329 inillam
610 1276 705 1331 locum
715 1276 990 1354 convenerunt(15).
1035 1287 1133 1351 genter
1146 1280 1232 1334 tuitos
1246 1297 1305 1334 esse
1319 1298 1351 1336 ea
1367 1301 1430 1356 quae
1451 1301 1467 1338 a
1481 1285 1677 1358 superioribus
1691 1288 1821 1360 accepis-

209 1362 246 1414 At
261 1360 382 1416 Crantor
403 1377 461 1433 qrra
475 1371 535 1416 erat
552 1362 693 1419 modestia
710 1375 818 1423 tantum
833 1367 939 1436 abluit,
961 1377 992 1422 ut
1035 1376 1112 1437 sent;
1126 1365 1206 1440 quod
1220 1365 1303 1423 simul
1318 1373 1489 1444 argumentis
1503 1391 1537 1428 ex
1553 1373 1678 1447 quadam
1691 1373 1822 1447 philoso-

208 1449 333 1504 aemulari
349 1467 413 1504 curn
431 1449 585 1506 Polemone
601 1453 748 1524 vellet,ut
763 1455 857 1510 statim
872 1456 991 1510 sanitate
1035 1451 1086 1526 phi
1109 1451 1300 1528 disputatione
1324 1455 1382 1531 (aa)
1407 1456 1500 1514 ductis
1528 1459 1689 1516 confirmari
1710 1473 1818 1536 potest.

208 1546 373 1611 recuperata
398 1537 434 1592 ad
451 1538 632 1594 Polemonem
656 1541 763 1597 rediret
782 1543 864 1616 eique
888 1544 991 1598 multos

207 1643 297 1682 annos
311 1643 428 1700 operam
439 1625 518 1681 daret
530 1624 602 1706 (ιθ).
616 1628 757 1700 Quocirca
769 1641 885 1706 rogatus
899 1651 992 1706 quon·

210 1712 294 1782 darn,
310 1733 367 1789 qua
390 1715 552 1770 Polemonis
574 1717 679 1772 virtute
702 1729 863 1794 caperetur,
875 1739 990 1796 respon·

210 1801 282 1856 disse
297 1800 469 1876 sertatim),
485 1785 553 1876 quin
568 1806 648 1859 illrum
663 1825 804 1880 nunquam
817 1827 905 1882 raeque
922 1830 990 1864 ncu-

209 1897 264 1946 tius
280 1911 368 1966 ireque
380 1898 492 1965 grauius
506 1895 660 1967 loquentem
675 1898 831 1954 audivisset.
848 1901 990 1971 Quemad-

208 1979 326 2035 modum
338 1999 407 2036 vero
418 1981 539 2039 Crantor
550 1985 732 2040 Polemonem
744 1996 775 2040 ut
785 1998 989 2062 praeceptorem

204 2078 288 2130 snum
312 2070 417 2130 dilexit
437 2068 582 2142 :siceum
599 2068 767 2128 Arcesilaus
784 2072 937 2132 admiratus
963 2088 990 2132 et

207 2169 303 2208 amore
317 2163 482 2226 prosecutus
493 2165 533 2209 est
547 2174 554 2210 :
568 2174 651 2229 quam
664 2158 814 2216 amicitiam
828 2172 918 2218 ortam
932 2182 990 2221 csse

206 2249 317 2296 constat
331 2240 449 2314 quodie
462 2243 587 2316 prinnnn
599 2246 722 2301 Crantor
736 2249 908 2306 Arcesilaum
921 2272 989 2308 con·

204 2329 305 2402 spexit.
319 2329 390 2385 Turn
402 2331 476 2386 enim
486 2332 578 2386 statim
593 2351 691 2390 amore
705 2333 835 2392 incensus
848 2341 989 2398 versiculo
1011 2388 1014 2406 ,

205 2413 359 2492 Euripidco
373 2438 438 2476 eum
454 2421 592 2477 allocutus
605 2441 662 2478 esse
676 2425 842 2500 perhibetur
862 2425 922 2504 (ιθ)
939 2449 945 2484 :

108 2557 113 2564 ·
147 2569 229 2608 ·····“.
284 2550 438 2646 duratii,
456 2567 899 2656 ιέσῶσαῑμέσλῑέσθμοέχάρινέ

205 2719 250 2774 cui
267 2719 338 2774 nihil
359 2717 437 2776 aliud
452 2721 599 2796 respondit
615 2723 791 2804 Arcesilaus,
807 2746 893 2802 quam
908 2730 987 2803 qnod

205 2806 282 2880 σμυιέ
295 2807 459 2882 Euripidem
473 2811 602 2884 sequitur
618 2829 627 2870 ι

204 2947 246 3073 3⁴*
285 2951 349 3032 άγου
366 2977 399 3032 με
413 2944 434 3014 ιθ
448 2954 520 3040 ξένα,
535 2958 589 3020 εἴτε
608 2960 702 3040 δμωΐδ’
719 2963 829 3043 ἐθέλεις,
852 2967 900 3030 εἶτ’
915 2970 984 3140 (tto,-

843 3064 902 3139 [χον
930 3083 985 3139 ¹9·

1036 1540 1079 1596 lbi
1095 1542 1169 1596 enim
1184 1543 1222 1598 sic
1238 1541 1353 1598 ordinat
1367 1545 1429 1600 ritae
1444 1545 1573 1603 humanae
1587 1549 1679 1616 bona,
1691 1559 1724 1604 nt
1741 1569 1822 1606 surn-

1035 1647 1111 1684 rnum
1130 1629 1237 1686 bonum
1252 1632 1388 1688 virtutem
1403 1653 1461 1689 esse
1474 1613 1559 1705 aelii,
1572 1655 1634 1710 quae
1649 1639 1732 1693 etiam
1748 1638 1822 1695 deii·

1036 1717 1173 1773 cientibus
1196 1719 1313 1792 reliqnis
1338 1719 1376 1776 ad
1403 1721 1476 1777 bene
1499 1723 1640 1797 beateque
1662 1726 1821 1782 vivendum

1034 1801 1172 1874 sufficiat,
1201 1806 1357 1862 secundum
1386 1808 1482 1864 locum
1505 1812 1673 1883 valetudini,
1703 1815 1821 1870 tertium

1035 1893 1192 1968 voluptati,
1211 1905 1345 1968 quartum
1362 1897 1467 1952 divitiis
1490 1901 1638 1957 concedat.
1654 1902 1728 1958 lluic
1744 1923 1820 1958 con-

1034 1991 1167 2038 sentanea
1185 1994 1226 2038 est
1242 1985 1404 2040 Polemonis
1423 1989 1573 2056 sententia,
1588 2000 1657 2044 teste
1674 1991 1821 2049 Clemente

1034 2066 1225 2125 Alexandrino
1248 2070 1306 2146 (τό)
1325 2073 1392 2146 qui,
1407 2075 1578 2130 Xenocratis
1595 2075 1755 2148 lamiliaris,
1774 2079 1821 2134 in·

1035 2157 1113 2228 quit,
1139 2159 1256 2216 Polemo
1286 2161 1399 2228 videtur
1422 2163 1494 2218 velle
1526 2160 1734 2221 beatitudinem
1759 2184 1821 2222 esse

1034 2243 1258 2304 moderationem
1273 2249 1303 2304 in
1318 2251 1449 2306 omnibus
1463 2251 1564 2319 bonis,
1578 2253 1622 2307 vel
1641 2253 1773 2326 plurimis
1788 2267 1819 2312 ct

1033 2333 1172 2390 inanimis.
1186 2337 1322 2392 Decernit
1333 2338 1432 2412 igitur,
1441 2339 1501 2394 sine
1512 2339 1616 2396 virtute
1626 2357 1685 2394 non
1693 2339 1819 2397 luteram

1033 2438 1159 2494 unqiram
1170 2413 1393 2496 beatitudInem,
1409 2428 1469 2484 sine
1482 2429 1612 2503 corporis
1622 2438 1717 2484 antem
1732 2429 1820 2486 bonis

1034 2519 1062 2564 et
1086 2512 1206 2567 externis
1235 2514 1370 2570 virtutem
1391 2515 1429 2571 ad
1449 2516 1653 2572 beatitudinem
1671 2516 1819 2580 sulficere.

1034 2596 1115 2654 Adde
1133 2599 1223 2656 Cicer.
1246 2607 1296 2662 Ac.
1324 2615 1398 2678 post.
1421 2605 1446 2674 l,
1472 2602 1501 2680 5,
1523 2604 1551 2661 6.
1570 2606 1650 2662 Licet
1671 2619 1767 2665 autem
1786 2611 1820 2665 in

1033 2687 1195 2742 universum
1209 2691 1339 2764 priorum
1355 2693 1588 2750 Academicorum
1604 2695 1709 2768 placita
1723 2699 1818 2753 Cran-

1034 2783 1080 2830 tor
1102 2784 1238 2849 tueretur,
1253 2790 1346 2836 tamen
1368 2782 1511 2838 interdurn
1533 2781 1645 2840 abillis
1667 2784 1820 2844 dissentire

1033 2880 1115 2919 ausus
1140 2876 1192 2926 est.
1210 2869 1273 2923 Huc
1296 2865 1440 2942 pertinent
1463 2888 1496 2926 ca
1523 2891 1585 2946 quae
1608 2872 1689 2928 refert
1706 2875 1818 2930 ‘Cicero

1033 2951 1147 3011 'l'usmrL
1161 2957 1216 3025 Ill,
1231 2957 1248 3014 6
1265 3000 1271 3014 .
1293 2982 1305 3008 ν
1325 2959 1383 3014 Nec
1397 2957 1519 3016 absurde
1541 2961 1661 3016 Crantor
1677 2959 1737 3035 (τί.)
1753 2963 1819 3036 ille,

1034 3041 1082 3113 qui
1097 3041 1126 3096 in
1149 3042 1302 3100 Academia
1316 3056 1415 3102 nostra
1429 3047 1473 3102 vel
1495 3048 1525 3102 in
1545 3049 1647 3123 ‚primis
1662 3049 1715 3104 luit
1728 3051 1817 3106 nobi-

1033 3127 1075 3183 lis.
1092 3130 1225 3205 Minime,
1241 3133 1343 3206 inquit,
1358 3136 1496 3192 assentior
1507 3137 1557 3204 iis,
1567 3137 1617 3210 qui
1628 3139 1706 3192 istam
1718 3141 1816 3195 nescio

204 3187 305 3262 litque
319 3207 353 3246 ex
368 3208 402 3246 eo
419 3202 549 3267 tempore
566 3195 630 3252 facti
645 3208 710 3254 sunl
724 3201 808 3256 amiel
828 3214 857 3259 et
881 3218 986 3262 conlu—
1036 3233 1121 3290 quani
1137 3218 1324 3275 indolentiam
1342 3240 1514 3298 magnopere
1528 3223 1646 3280 landant
1662 3245 1669 3279 ς
1686 3244 1749 3299 quae
1762 3245 1818 3282 nec

203 3278 333 3334 berriales
346 3276 502 3356 (νομίμων
511 3283 579 3339 istos
589 3296 682 3341 autem
692 3288 741 3362 qui
750 3299 847 3362 postea
858 3291 987 3352 Creatori
1033 3315 1127 3377 protest
1139 3307 1198 3362 ulla
1218 3326 1292 3382 esse,
1309 3327 1361 3364 nec
1375 3309 1470 3369 debet.
1488 3311 1530 3367 Ne
1545 3324 1667 3387 aegrotus
1679 3314 1747 3384 sim,
1763 3314 1815 3370 sed

204 3367 233 3420 in
262 3367 416 3441 AEsculapii
440 3368 545 3443 templo
568 3371 761 3430 deambulanti
782 3380 986 3455 occurrebant,
1033 3391 1056 3444 si
1079 3390 1200 3470 luerim,
1215 3412 1311 3451 sensus
1331 3396 1420 3464 adsit,
1436 3399 1494 3454 sire
1516 3411 1627 3454 secetur
1648 3399 1734 3474 quid,
1754 3401 1815 3456 sire

204 3464 236 3510 ut
250 3454 274 3508 si
289 3453 361 3509 lorte
375 3457 484 3512 scholas
499 3459 610 3531 aperire
625 3462 726 3532 vellet,
740 3463 800 3536 ejus
813 3467 988 3528 institutione

205 3541 412 3613 imbuerentur,
432 3546 588 3602 Arcesilaus
609 3567 725 3624 quoque
750 3565 825 3622 erat,
847 3559 986 3629 quoniam

204 3628 241 3683 ab
262 3629 334 3698 illo,
349 3634 479 3704 quarrmis
499 3645 628 3692 amatore
641 3657 710 3707 sno,
732 3641 880 3699 Polemoni
903 3665 986 3702 corn-

1033 3479 1170 3537 avellatur
1185 3500 1201 3538 a
1217 3502 1349 3559 corpore.
1367 3487 1438 3572 Nam
1454 3487 1531 3543 istud
1543 3488 1613 3542 nihil
1636 3487 1734 3545 dolere
1753 3508 1817 3545 non

1032 3566 1092 3622 sine
1117 3587 1220 3644 magna
1249 3572 1381 3630 mercede
1401 3575 1556 3651 contingit,
1580 3577 1818 3633 immanitatis'in

1032 3655 1124 3711 animo
1136 3661 1274 3733 ,stuporis
1287 3661 1317 3716 in
1330 3681 1462 3738 corpore.
1484 3687 1496 3715 ν
1515 3665 1565 3718 ilis
1580 3683 1648 3739 ergo
1662 3665 1756 3721 verbis
1767 3683 1817 3721 sa-

204 3741 1107 3781 Ἢ...-

204 3793 384 3847 Alexandrinus
397 3799 489 3850 strom.
506 3803 527 3860 Ι,
545 3815 573 3865 ρ.
590 3807 650 3865 ³⁰¹3
666 3805 773 3855 Galenus
787 3805 845 3858 hist.
857 3809 918 3872 phil.
930 3825 984 3877 cap.

203 3867 230 3914 2.
245 3891 270 3900 -
285 3864 336 3930 (rt)
349 3866 387 3917 cl.
401 3867 488 3932 fragm.
503 3873 601 3923 1·7.—

209 3939 210 3946 ’
235 3935 285 3997 (15)
300 3937 423 4002 Diogenes
435 3941 548 3992 Laertius
562 3943 605 3994 lib.
622 3945 666 4008 lV,
678 3949 707 3997 at
718 3946 785 4004 οὗτος
795 3951 898 4009 νοσήσας
911 3955 943 4012 εἰς
959 3955 987 4005 τὸ

203 4003 364 4064 Ἀσκληπιεῖον
374 4009 512 4072 ἀνεχώρησε
537 4015 607 4064 κάκεῖ
614 4017 761 4076 περιεπάτει·
772 4023 795 4068 οἱ
806 4022 831 4070 δέ
840 4026 987 4088 πανταχόθεν

206 4079 342 4152 προσῄεσαν
357 4083 437 4142 αὐτῷ,
454 4088 586 4147 νομίζοντας
597 4093 625 4141 οὐ
639 4094 679 4144 διά
689 4098 774 4157 νόσον,
788 4095 848 4144 άλλά
862 4097 987 4157 βούλεσθαι

205 4145 285 4190 αὑτοθι
298 4145 386 4206 σχολὴν
396 4151 569 4208 συστήσασθαι.
583 4179 615 4191 -
627 4157 678 4218 (tu)
689 4159 809 4222 Diogenes
825 4167 935 4218 Laertius
945 4169 986 4218 tib.

205 4211 248 4272 tv,
266 4214 296 4260 tl
313 4213 371 4261 άλλά
383 4216 424 4264 καί
434 4217 504 4267 αὐτόν
517 4223 644 4282 ὑγιάναντα
658 4227 774 4278 διακούειν
788 4233 942 4296 Πολέμωνος,
952 4237 987 4300 ἐρ’

205 4275 224 4348 ᾧ
237 4283 278 4330 καὶ
291 4282 392 4344 μάλιστα
402 4288 574 4348 θαυμασθῆναι.
584 4319 617 4330 -
630 4297 679 4356 (tt)
690 4297 811 4362 Diogenes
820 4304 933 4355 Laertius
943 4307 986 4358 lib.

206 4352 250 4408 lv,
267 4355 296 4400 24
310 4353 366 4414 φασὶ
384 4355 410 4404 δὲ
425 4357 495 4407 αὐτόν
507 4361 650 4422 ἐρωτηθέντα
668 4365 712 4414 τίνι
731 4369 839 4431 θηραθείη
853 4375 899 4426 irad
912 4379 987 4427 uete-

205 4438 297 4484 μωνας,
311 4425 398 4487 εἰπεῖν,
415 4430 448 4488 τῷ
469 4430 528 4490 μήτε
546 4431 651 4496 ὀξύτερον
667 4437 724 4496 μήτε
744 4441 869 4506 βαρύτερον
882 4437 987 4499 Ιοἰκοῦσαι

204 4495 371 4557 φθεγγομένου.
381 4521 416 4556 -,
425 4496 476 4561 (tt)
487 4499 608 4565 Diogenes
620 4505 731 4556 Laertius
742 4509 783 4559 lib.
795 4515 838 4575 tv,
854 4521 883 4565 29
895 4534 933 4568 και
947 4521 988 4569 αὐ·

203 4569 245 4614 τοῦ
258 4565 370 4630 Κράντωρ
381 4567 498 4630 ἐρωτικῶς
510 4571 621 4631 διατεθεὶς
633 4576 739 4640 ἐπύθετο,
753 4581 781 4628 τὰ
795 4583 819 4638 te
837 4584 986 4652 Ἀνδρομέδης

203 4635 330 4698 Εὐριπίδου
341 4640 571 4702 προσενεγκάμενος·
586 4646 606 4694 ὢ
618 4647 719 4710 παρθέν’,
734 4653 754 4699 εί
764 4653 870 4718 σώσαιμί
885 4656 916 4720 α’,
934 4661 987 4722 rien

205 4722 245 4770 μοι
262 4711 345 4774 χάρινς
357 4713 398 4760 καί
415 4711 440 4768 ὃς
451 4713 481 4762 τά
492 4713 608 4778 ἐχόμενα·
619 4719 679 4780 ἄγου
690 4735 727 4780 με,
740 4721 760 4770 ὦ
776 4724 836 4786 ξένε,
847 4727 893 4777 εἰτε
901 4731 988 4792 duali·

205 4782 302 4843 ἐθέλεις,
324 4783 366 4833 σῖτ’
385 4784 481 4847 ἄλοχον.
498 4785 561 4837 Vide
579 4789 702 4852 Euripidis
717 4797 815 4858 Pragtn.
839 4812 864 4861 p.
884 4806 929 4850 950
945 4801 985 4852 ed.

206 4855 322 4916 Wagner.
350 4855 475 4904 Ceterum
496 4857 581 4908 confer
601 4860 689 4912 Euseb.
712 4877 788 4928 praep.
813 4881 853 4917 er.
874 4871 939 4932 XlV,
961 4879 986 4934 o,

204 4937 229 4988 p.
248 4927 289 4975 731
305 4925 344 4974 διά
353 4926 380 4975 τό
391 4927 461 4984 καλός
470 4927 530 4978 εἶναι
542 4930 714 4996 (Ἀρκεσίλαος)
724 4939 757 4988 ἔτι
767 4939 800 4986 ὼν
813 4943 898 5002 ὡραῖος
907 4945 986 5006 τυχὼν

204 4997 304 5058 ἐραστοῦ
330 4997 462 5061 Κράντορος
484 5005 526 5048 τοῦ
549 4999 722 5067 Ἀκαδημαῑκοῦ
743 5012 912 5075 προσεχώρησε
946 5015 986 5075 μὲν

203 5067 289 5130 τούτῳ.
301 5093 332 5104 -
343 5067 395 5133 (19)
409 5070 508 5134 corrigo
518 5085 547 5121 ex
560 5075 701 5127 Herodiano
709 5081 760 5142 περὶ
771 5081 900 5144 σχημάτων
910 5099 933 5147 ρ.
946 5093 984 5143 aa.

203 5140 219 5186 a
231 5152 236 5183 :
247 5137 343 5197 άγουιδέ
353 5139 387 5199 μ’,
400 5141 419 5188 ὦ
431 5142 482 5202 ξέν’,
493 5143 539 5192 είτε
548 5145 682 5208 πρόσπολον
696 5150 780 5212 θέλεις,
791 5149 831 5201 εἶτ’
844 5151 930 5218 ἄλογον
941 5158 985 5208 rire

204 5207 304 5264 δμωίδα.
318 5235 349 5244 -
370 5211 421 5274 (aa)
434 5214 570 5277 Antigonus
585 5219 713 5282 caesarius
728 5221 793 5286 apud
812 5222 882 5288 Βίοις.
903 5227 984 5280 ἐστιν.

208 5277 249 5340 tu,
262 5285 291 5329 22
304 5281 425 5330 συσσίτιον
438 5284 463 5332 δι’
476 5301 547 5349 φησιν
559 5289 623 5352 αὐτῷ
638 5289 691 5354 [τῷ
704 5293 816 5360 Κράτητι]
827 5297 840 5346 ό
859 5297 986 5362 Ἀντίγονος

1031 3819 1166 3885 εἶναιπαρὰ
1184 3823 1317 3892 Κράντορι,
1336 3827 1441 3888 ὁμονόως
1457 3829 1618 3890 σνμθιοιίντων
1637 3830 1724 3879 τούτων
1736 3847 1759 3880 τι
1773 3848 1816 3880 και

1031 3890 1187 3954 Ἀρκεσιλάου.
1215 3897 1264 3956 Tria
1283 3898 1308 3946 δέ
1331 3899 1425 3957 οίνιησιν
1448 3899 1596 3962 Ἀρκεσίλαον
1616 3903 1657 3963 μέν
1675 3903 1736 3964 ἐχειν
1754 3904 1816 3964 μετά

1031 3961 1177 4026 Κράντορος,
1192 3968 1325 4029 Πολέμωνα
1337 3969 1363 4018 δὲ
1378 3969 1422 4019 σὺν
1434 3972 1538 4032 Κράτητι
1551 3971 1612 4020 ειτά
1623 3974 1767 4029 Λυσικλέα-ις
1781 3991 1817 4021 τι-

1031 4034 1069 4088 νός
1080 4039 1126 4082 τῶν
1138 4038 1248 4088 πολιτῶν.
1261 4036 1308 4089 'lle
1322 4040 1362 4102 δέ,
1373 4039 1456 4103 φησίν,
1470 4041 1586 4104 ἐρώμενος
1604 4045 1696 4105 Κράτης
1710 4046 1767 4106 με’ν,
1781 4047 1816 4099 ὡς

1031 4104 1178 4168 προείρηται,
1195 4110 1352 4172 Πολέμωνος,
1368 4109 1514 4174 Ἀρκεσίλαος
1531 4112 1705 4176 δὲΚράντορος,
1717 4141 1746 4154 -
1761 4113 1815 4176 (tl)

1032 4175 1118 4224 Giocro
1134 4177 1211 4230 Acad.
1223 4186 1287 4242 post.
1300 4183 1320 4244 l,
1335 4185 1359 4232 9.
1374 4209 1406 4218 -
1416 4181 1467 4244 (22)
1484 4181 1541 4232 riu
1556 4183 1644 4246 fragm.
1662 4187 1699 4234 13.
1716 4210 1748 4220 —
1762 4183 1815 4245 (23)

1031 4244 1145 4297 Clemens
1154 4249 1334 4302 Alexandrinus
1343 4253 1434 4304 strom.
1448 4254 1502 4314 Vll,
1517 4267 1542 4316 p.
1554 4256 1608 4303 ltu.
1622 4256 1651 4305 c.
1663 4255 1676 4303 ό
1687 4255 1731 4318 γάρ
1740 4255 1815 4304 Emo-

1031 4315 1129 4379 κράτους
1142 4320 1258 4384 γνώριμος
1271 4323 1386 4385 Πολέμων
1397 4323 1502 4386 φαίνεται
1512 4324 1554 4382 τὴν
1564 4325 1712 4386 εὐδαιμονίαν
1730 4325 1816 4388 αι’ντάρ-

1031 4403 1095 4436 κειαν
1109 4389 1170 4439 εἶναι
1183 4392 1326 4456 βουλόμενος
1338 4394 1432 4455 ἀγαθῶν
1442 4395 1536 4443 πάντων
1550 4395 1565 4454 ἢ
1577 4401 1625 4445 τῶν
1636 4396 1753 4445 πλείστων
1771 4398 1814 4446 καί

1032 4458 1156 4520 μεγίστων,
1171 4464 1310 4526 Δογμιιτίζιι
1326 4469 1396 4527 γοῦν,
1411 4467 1481 4528 χωρίς
1501 4465 1542 4528 μὲν
1557 4467 1639 4528 άρετῆς
1653 4468 1769 4528 μηδέποτε
1782 4469 1814 4516 ἂν

1031 4527 1180 4591 εὐδαιμονίαν
1195 4533 1322 4597 ὑπάρχειν,
1333 4534 1389 4597 δίχα
1400 4535 1424 4582 tt
1436 4536 1477 4584 καί
1489 4541 1536 4584 τῶν
1553 4543 1696 4598 σωματικῶν
1714 4539 1753 4586 καὶ
1766 4544 1815 4588 τῶν

1031 4597 1096 4655 ἐκτός
1110 4601 1151 4658 τὴν
1165 4600 1248 4664 διρετήν
1264 4603 1369 4666 αὐτάρκη
1383 4605 1439 4668 πρὸς
1460 4605 1610 4668 εὐδαιμονίαν
1624 4607 1692 4656 εἶναι.
1709 4633 1742 4644 -
1762 4609 1812 4668 (2θέ

1031 4667 1181 4720 Plutarchus
1197 4672 1321 4724 consolat.
1338 4675 1370 4724 ad
1388 4675 1498 4738 Apollon.
1523 4676 1571 4726 νοΙ.
1589 4679 1643 4736 vu,
1666 4691 1690 4742 p.
1713 4682 1757 4728 918
1772 4679 1813 4730 ed.

1030 4739 1131 4789 llullen.
1146 4741 1230 4792 διὸκαὶ
1242 4750 1311 4795 τοῦτο
1325 4746 1366 4809 μὲν
1376 4747 1471 4809 ἐατέον,
1487 4751 1519 4803 ὡς
1535 4749 1647 4811 βλαόερόν
1661 4749 1701 4799 καὶ
1712 4753 1814 4812 mulos,

1031 4811 1071 4858 καὶ
1089 4813 1226 4870 σπουδαίοις
1244 4815 1353 4880 ἀνδράσιν
1370 4819 1458 4876 haustu
1471 4819 1572 4881 πρέπον·
1588 4821 1633 4876 τὴν
1646 4819 1672 4868 δὲ
1688 4821 1816 4882 μετριοπά-

1030 4881 1092 4931 θειαν
1107 4883 1150 4932 οὐκ
1164 4884 1375 4948 ἀποδοκιμαστέον.
1385 4889 1426 4947 Μὴ
1440 4889 1482 4952 γάρ
1494 4895 1616 4952 νοσοῖμεν,
1629 4891 1723 4950 ρησὶνό
1743 4890 1815 4941 Ἀκα-

1031 4953 1145 5014 δημσιίκός
1170 4957 1290 5022 Κράντωρ,
1305 4959 1423 5017 νοσήσασι
1437 4960 1461 5008 δὲ
1479 4962 1563 5024 παρείη
1586 4979 1620 5018 τις
1632 4963 1756 5022 ululasse,
1772 4963 1816 5013 εἶτ’

1030 5023 1071 5073 οὖν
1082 5025 1189 5088 τέμνοιτό
1198 5045 1219 5076 τι
1229 5035 1276 5077 τῶν
1289 5031 1421 5093 ἡμετέρων,
1434 5031 1475 5080 σῖτ’
1486 5032 1626 5093 ἀποσπῷτο.
1643 5036 1676 5083 Τό
1691 5035 1735 5100 γάρ
1752 5035 1815 5084 ἀνιό-

1030 5095 1099 5146 δυνον
1125 5103 1194 5147 τοῦτο
1212 5099 1256 5148 οὐκ
1274 5100 1328 5149 ἄνευ
1345 5103 1452 5163 μεγάλων
1470 5103 1583 5164 ἐγγίνεται
1603 5107 1694 5165 μισθῶν
1719 5111 1755 5169 τῷ
1770 5107 1828 5156 ιίν-·

1030 5165 1129 5227 θρώπῳ·
1140 5168 1293 5230 τεθηριῶσθαι
1304 5170 1348 5233 γάρ
1361 5171 1423 5226 εἰκός
1437 5171 1484 5220 ἐκεῖ
1495 5170 1537 5230 μἐν
1554 5176 1625 5235 σῶμα
1642 5179 1761 5238 τοιοῦτον,
1778 5180 1816 5230 ἐν·

1029 5239 1104 5287 tauta
1113 5237 1138 5287 δὲ
1151 5238 1240 5302 ψυχήν.
1251 5238 1312 5290 Vide
1321 5239 1385 5290 intra
1405 5241 1490 5304 fragm
1503 5245 1525 5290 8.
1539 5269 1563 5283 -
