3938 5968
259 347 318 406 bid

869 329 1081 396 monemur
1101 329 1237 391 nasoon

257 478 303 548 νῆν
317 464 395 534 εἶναι·
404 472 450 533 καλ
461 471 512 551 γδρ
524 470 606 537 οὐδεὶς
618 472 704 549 ἐρωτᾷ
715 467 785 535 τίνος
798 465 875 527 ἕνεκα
884 465 933 538 τὴν
943 463 1039 538 ἡδονὴν
1094 472 1215 536 luptatem
1228 491 1235 532 ;
1251 483 1322 520 namo
1334 471 1400 520 enim
1415 469 1494 533 rogat,
1515 479 1593 531 quam
1605 465 1637 516 ob
1650 478 1753 515 causam
1769 462 1889 527 volupta-

259 563 422 646 βουλόμεθα,
440 562 510 621 dili
533 559 595 640 περὶ
611 560 659 636 μέν
683 562 734 616 τῶν
758 557 845 616 ἄλλων
861 555 1038 636 ἐρωτώμεθα,
1095 555 1145 601 tem
1162 555 1317 615 expetamus,
1335 564 1414 614 qaum
1427 549 1458 598 de
1473 547 1529 598 aliis
1544 547 1619 598 rebus
1637 546 1833 608 interrogemur,
1850 551 1888 598 ut.

257 647 324 728 οἷον,
340 652 401 733 φέρε
417 653 511 722 εἰπεῖν,
523 649 592 714 τῖνος
609 647 686 706 ένεκα
697 647 731 706 τδι
746 643 893 725 χρήματα,
907 643 951 714 ἡὴ
966 666 1014 718 τιμ

258 743 318 822 περλ
340 741 367 800 δέ
379 745 426 812 Ιτῆς
442 742 539 813 ἡδονῆς
554 735 641 796 ούκέτι
654 737 667 772 ³
679 757 684 767 ·
698 735 780 801 ούδεῖς
801 733 852 812 γδιρ
867 732 947 790 δώσει
965 733 1040 795 τέλος

258 837 304 906 τῆς
318 832 422 904 ἡδονῆς,
435 831 492 887 ἀνθ’
509 829 568 886 ὅτου
584 821 707 905 βούλεται
727 822 852 895 ἥδεσθαι,
876 820 945 878 ἀλλὰ
962 817 1042 888 αύτὴν

260 925 375 1002 αἱρεῖται
395 921 454 979 καθ’
480 915 594 987 έσυτῆν,
618 917 653 982 ῶς
677 915 736 972 καθ’
758 910 854 982 ἑαυτὴν
873 901 970 970 οὖσαν·
986 909 1044 966 ἐπεὶ

260 1009 288 1072 δέ
311 1012 342 1070 τό
363 1012 422 1068 καθ’
444 1005 523 1066 ἑαυτὸ
539 1001 642 1083 αἱρετὸν
658 1001 770 1068 τὸτέλος
786 997 843 1057 ἐστὶ
867 997 896 1056 τὸ
913 997 1042 1076 ἔσχατον,

260 1099 347 1160 καὶτὸ
364 1097 460 1177 ἀγαθόν
473 1095 551 1168 αύτό,
567 1093 611 1154 διὰ
627 1099 709 1152 τούτο·
719 1093 815 1167 συνῆγε
838 1087 886 1158 τὴν
901 1085 997 1160 ἡδονὴν
1015 1085 1045 1144 τὸ

261 1191 373 1270 ἔσχατον
385 1187 481 1266 ἀγαθὸν
494 1175 570 1244 εἶναι.
583 1177 647 1246 Ἔτι
664 1177 750 1238 δὲκαὶ
766 1178 861 1237 ἐκεῖθεν
882 1177 961 1248 δῆλον
978 1165 1045 1234 εἶναι

260 1278 327 1362 ᾤετο
337 1277 366 1338 τὸ
380 1275 552 1357 προκείμενον
564 1295 570 1309 ·
584 1266 776 1350 προστιθεμένη
793 1267 844 1347 γδιρ
859 1269 876 1338 ἡ
892 1264 972 1339 ἡδονὴ
995 1267 1046 1322 τῶν

262 1372 368 1447 ἀγαθῶν
385 1371 498 1447 ὁτῳοῦν,
522 1360 693 1443 αἱρετώτερον
708 1359 780 1416 ποιεῖ
803 1356 847 1414 καὶ
868 1353 958 1434 έφετῖιν
974 1354 1045 1431 μᾶλ-

260 1459 322 1518 λον·
338 1456 418 1536 ἡγδιρ
440 1451 596 1536 σωφροσύνη
609 1448 657 1520 τὴν
680 1445 776 1517 ἡδονὴν
792 1441 983 1524 προσλαόοῢσα
997 1439 1046 1513 ἡὴ

262 1545 430 1618 δικαιοσύνη,
442 1543 524 1616 ἡδέων
542 1540 616 1600 ἔσται
628 1537 674 1597 καλ
691 1531 853 1614 αῖρετωτέροι
867 1534 978 1602 ἑαυτῆς·
991 1527 1005 1590 δ
1020 1529 1047 1586 δέ

261 1633 464 1720 προστιθέμενον
480 1629 560 1690 παντὶ
579 1628 671 1707 ἀγαθῷ
689 1623 790 1704 βέλτιον
816 1619 926 1679 δύναται
948 1623 1049 1691 ποιεῖν,

261 1733 338 1787 τούτο
353 1723 469 1800 ἐνόμιζεν
482 1711 549 1779 εἶναι
563 1717 593 1776 τὸ
609 1715 721 1795 ἔσχατον
739 1710 847 1792 ἀγαθόν.
864 1707 946 1788 Ἔχει
962 1707 989 1766 δέ
1001 1709 1050 1785 οὐχ

262 1813 353 1881 ούτως.
372 1809 410 1871 ⁶0
427 1809 476 1888 γδιρ
488 1802 692 1886 προστιθέμενον
708 1803 799 1880 ἀγαθῷ
823 1798 924 1880 βέλτιον
940 1796 1049 1855 δύναται

261 1911 357 1974 ποιεῖν,
371 1897 492 1982 φαίνεται
505 1895 544 1953 ότι
556 1891 652 1972 ἀγαθόν
667 1894 749 1950 ἔστιν·
763 1891 810 1948 οὐκ
828 1887 931 1966 οἷνόγκη
947 1885 975 1944 δέ
985 1881 1049 1942 αὐτὸ

263 1982 372 2051 εἶναιτὸ
387 1987 500 2068 ἔσχατον
527 1981 671 2062 ἀγαθόν,ῆ
692 1979 781 2060 έτέρου
804 1981 910 2038 ὁτουοῦν
933 1974 1049 2054 βελτιον·

262 2091 315 2142 πᾶν
333 2081 384 2160 γὰρ
399 2077 494 2157 ἀγαθὸν
511 2073 592 2154 ἑτέρῳ
611 2069 751 2154 προστεθέν
768 2069 860 2149 ἀγαθῷ
876 2061 1048 2145 αἱρετώτερον

264 2179 348 2232 ποιεῖ·
364 2171 451 2248 μεῖζον
465 2163 516 2246 γδρ
528 2163 558 2224 τὸ
570 2161 630 2222 όλδν
645 2168 690 2222 τοῦ
704 2159 797 2240 μέρους
809 2159 851 2216 ἐπὶ
867 2154 977 2224 παντός.
995 2151 1051 2214 Καὶ

264 2261 282 2321 δ
296 2260 343 2339 μέν
360 2257 443 2318 ἐδόκει
457 2257 495 2337 τῷ
508 2251 614 2320 Εὐδόξου
627 2248 688 2331 περὶ
699 2251 808 2320 ἡδονῆς,
821 2250 916 2305 ταῦτα.

304 2350 317 2375 *
334 2348 447 2410 Πλάτων
470 2345 497 2403 δέ
521 2345 567 2403 οὐκ
582 2365 594 2400 ε
608 2363 649 2400 νοιι
663 2338 778 2420 ἔφασκεν
795 2336 877 2406 αὐτὴν
893 2331 923 2392 ab
938 2331 1050 2411 ἔσχατον

265 2438 383 2519 σἰγαθόν,
399 2435 452 2494 ἀπὸ
473 2437 526 2493 τῶν
542 2433 629 2490 αὐτῶν
651 2431 791 2509 ἐπιχειρῶν
803 2424 909 2504 λόγων,
927 2424 983 2480 ὅθεν
999 2420 1052 2482 Eb-

266 2529 337 2598 δοξος
348 2530 470 2606 ἐπειρᾶτο
483 2522 513 2582 τὸ
523 2521 633 2602 ἔσχατον
649 2519 744 2597 ἀγαθὸν
756 2514 803 2587 τὴν
818 2511 915 2586 ἡδονὴν
930 2509 1046 2592 σἰπσφαί-

265 2641 328 2678 νιιν.
345 2613 424 2678 Ἐπεὶ
442 2611 493 2693 γδιρ
512 2612 560 2670 ούκ
585 2609 657 2685 έστι,
680 2605 777 2689 φησίν,
801 2602 898 2682 ἀγαθόν
920 2599 1050 2746 έαγατον,

266 2699 295 2767 ού
309 2705 442 2786 ἐνδέχεται
460 2702 547 2778 μεῖζον
562 2698 700 2778 γενέσθαι·
714 2693 779 2753 αύτὸ
790 2690 841 2772 γδρ
857 2689 925 2758 εἰκός
940 2712 952 2748 ε
964 2711 1007 2746 ναι
1022 2687 1052 2746 τὸ

268 2798 391 2875 μέγιστον
408 2789 519 2871 αἰγαθόν·
535 2775 557 2871 ᾧ
576 2787 628 2868 ἄρα
645 2787 736 2866 ἀγαθῷ
751 2781 816 2841 ἄλλο
828 2777 926 2858 ἀγαθόν
937 2798 1050 2858 προστε-

267 2886 308 2944 θέν
320 2885 408 2961 μεῖζον
419 2880 524 2952 ἐποίησε
542 2876 588 2936 καλ
605 2871 789 2954 αἱρετώτερον,
802 2873 879 2932 τοῦτο
893 2869 941 2928 ούκ
957 2865 1052 2925 ἔστιτὸ

266 2973 378 3053 ἔσχατον
387 2969 498 3049 ἀγαθόν·
516 2970 544 3026 οὗ
559 2967 611 3044 γάρ
629 2967 685 3023 έοτι
702 2963 733 3022 τό
747 2959 869 3040 μέγιστον
895 2955 1007 3036 ἀγαθόν,
1023 2946 1053 3014 ού

267 3061 355 3140 μεῖζον
372 3059 438 3118 ἄλλο
453 3057 561 3117 δύναται
575 3052 708 3134 γενέσθαι·
725 3055 741 3123 ἡ
761 3049 787 3109 δέ
802 3045 883 3121 ἡδονὴ
898 3045 1021 3116 τοιαύτη·
1039 3045 1053 3102 ὁ

265 3149 317 3228 γὰρ
326 3147 387 3220 ἡδὺς
398 3141 603 3228 βίαςφρόνησινῆ
614 3137 783 3223 σωφροσύνην
790 3134 962 3216 προσλαβών,
972 3133 1053 3206 ἡδέων

265 3237 364 3314 γίνεται
378 3234 422 3294 καλ
438 3233 607 3314 αἱρετώτερος
617 3248 624 3263 ·
633 3228 704 3288 ἔστιν
712 3226 795 3308 τέρατι
814 3223 917 3303 βέλτιον
932 3227 978 3300 τῆς
989 3223 1052 3294 ἡδο-

266 3329 327 3396 νῆς·
344 3325 390 3382 οὐκ
405 3325 457 3404 ἄρα
472 3329 488 3394 ἡ
501 3319 580 3393 ἡδονὴ
597 3321 653 3378 ἐστι
677 3315 707 3375 τό
723 3314 835 3395 ἔσχατον
850 3311 966 3392 ιἰγοιθόν,
985 3306 1053 3368 illi

267 3411 364 3491 ἀγαθόν
371 3413 397 3472 τί
413 3413 468 3470 ἐστι
485 3416 617 3480 τοιοῦτον,
634 3395 677 3466 οἷα
688 3402 774 3484 ἀγαθέ
785 3404 850 3462 εἰσιν
861 3403 888 3460 αἱ
901 3399 992 3480 ἀρεταλ
1008 3400 1053 3458 καλ

267 3503 294 3560 αἱ
306 3503 466 3577 ἐπιστῆμαι,
486 3498 532 3557 καλ
544 3497 647 3568 τᾶλλα,
664 3486 702 3554 ῶν
720 3492 765 3551 καὶ
777 3491 852 3568 ἡμεῖς
868 3493 1052 3563 κοινωνοῦμεν.

267 3589 354 3650 Τοῦτο
367 3587 419 3668 γὰρ
441 3587 487 3647 καλ
514 3589 642 3660 ζητοῦμεν
666 3583 709 3643 tnt
732 3585 777 3640 τοῦ
807 3578 934 3658 παρόντος
952 3574 1053 3644 δέῖξυιι·

267 3678 365 3738 τούτων
380 3679 432 3736 τῶν
447 3680 551 3756 σἰγαθῶν
565 3673 592 3733 έν
607 3697 633 3732 τι
648 3662 716 3731 εἶναι
730 3669 778 3742 τὴν
792 3667 906 3740 ἡδονήν·
925 3664 1009 3745 ἕτεροι
1026 3663 1053 3724 δέ

268 3765 434 3846 ἐνιστάμενοι
457 3764 521 3846 πρὸς
535 3761 594 3830 τούς
614 3766 660 3821 τοῦ
678 3758 792 3828 Εὐδόξου
820 3755 914 3830 λόγους
940 3752 1053 3836 ἔφασκον

269 3857 306 3936 μῆ
322 3848 389 3916 εἶναι
400 3855 512 3938 σἰγοιθόν,
526 3845 555 3914 οδ
566 3849 651 3912 πάντα
666 3847 783 3931 έρέεται·
803 3846 909 3926 λέγουσι
925 3843 952 3900 δέ
968 3841 1051 3905 οὐδέν.

268 3945 374 4007 Ἐκεῖνο
385 3947 436 4027 γάρ
449 3966 534 4026 φαμεν
547 3941 641 4012 ἀληθές
657 3929 739 4012 εἶναι,
758 3937 850 3998 batilei
868 3939 937 3998 δοκεῖ
950 3933 1053 4007 ἀληθές·

268 4037 316 4096 δδέ
333 4035 432 4106 ταύτην
445 4035 558 4114 ἀναιρῶν
569 4029 617 4102 τὴν
630 4028 718 4102 κοινὴν
735 4027 824 4103 δόξαν,
835 4025 882 4086 καὶ
896 4023 945 4098 τὴν
958 4025 1054 4084 ἐκεῖθεν

270 4124 458 4202 ἀποσειόμενος
482 4122 571 4182 πίστιν
598 4123 653 4184 πῶς
676 4116 708 4176 ἂν
726 4116 829 4176 δύναιτο
854 4114 996 4196 πιστότερα
1011 4114 1055 4173 λέ·

269 4237 341 4292 γειν;
358 4213 398 4272 δτι
425 4213 452 4272 δέ
475 4211 570 4288 αἰγαθόν
594 4212 664 4270 ἔστιν
685 4197 714 4265 σύ
740 4207 828 4266 πάντα
854 4205 971 4285 ἐφίεται,
986 4212 1053 4262 πᾶσι

270 4304 323 4369 τοῖς
348 4305 375 4361 έν
392 4299 511 4373 αἰσθήσει
523 4301 608 4358 δοκεῖ·
628 4297 660 4354 δι’
677 4285 713 4354 ῶν
734 4297 784 4376 γὰρ
806 4297 841 4362 εἰς
856 4295 920 4354 αὐτὸ
933 4293 1055 4373 φέρονται

270 4389 420 4452 διώκουσιν·
441 4394 476 4458 ὡς
497 4387 549 4470 όριι
574 4385 671 4466 ἀγαθὸν
699 4385 847 4460 νομίζουσιν
865 4373 940 4446 εἶναι.
960 4384 991 4444 Εἰ
1007 4381 1054 4459 μέν

268 4481 320 4561 γὰρ
343 4481 376 4541 τὰ
395 4479 491 4553 ἀνόητα
516 4477 594 4558 μόνον
609 4475 738 4555 ὠρέγοντο
756 4475 851 4543 αὐτοῦ,
871 4472 957 4539 αὐτοῖς
977 4471 1009 4529 δν
1023 4461 1056 4543 ἡν

270 4569 368 4650 ἀγαθόν
384 4569 475 4648 μόνον,
498 4568 543 4628 καὶ
569 4573 586 4640 ἡ
615 4569 698 4646 ψῆφος
722 4564 769 4622 οὗκ
785 4561 817 4620 διν
836 4553 869 4635 ῆν
890 4559 986 4642 βεύαέα
1003 4563 1054 4619 τῶν

270 4661 406 4736 ἀνοήτων,
419 4661 472 4720 οὐδ’
491 4658 538 4717 ἂνο
561 4656 646 4718 ἐδόκει
663 4653 759 4735 ἀγαθὸν
776 4655 879 4723 ἀληθῶς
892 4642 974 4711 εἶναι·
992 4654 1054 4710 ὅταν

270 4751 297 4808 δέ
312 4748 358 4809 καλ
373 4748 407 4808 τδι
424 4748 537 4823 ἀνόητα,
554 4745 600 4806 καλ
615 4747 648 4806 τδι
664 4743 776 4826 φρόνιμα
791 4747 865 4822 κοινῇ
877 4741 965 4802 πάντα
981 4738 1053 4816 νομί-

270 4842 348 4907 ζωσιν
363 4842 457 4918 ἀγαθὸν
469 4830 556 4919 εἶναι,
573 4839 606 4896 δι’
624 4827 660 4896 ῶν
677 4837 797 4907 ζητοῦσιν
812 4831 893 4906 αὐτό,
909 4831 936 4891 τί
948 4831 986 4890 ἔτι
997 4849 1055 4889 κω-

270 4928 325 4988 λύει
344 4930 440 5008 ἀγαθδν
457 4931 559 5002 ἀληθῶς
578 4917 662 5004 εἷναι;
683 4923 728 4984 καῖ
744 4923 795 5003 γὰρ
810 4919 854 4982 καῖ
870 4924 896 4981 ἒν
909 4924 960 4989 τοῖς
976 4918 1054 4988 ἀνοή-

270 5040 323 5085 τοις
337 5019 393 5078 έστέ
412 5043 437 5078 τι
462 5017 572 5100 φυσικόν
588 5013 703 5095 ἀγαθόν,
719 5012 767 5085 τὴν
789 5010 943 5094 φαυλότητα
967 5009 1053 5068 αὐτῶν

1015 641 1041 714 ,γ’
1096 632 1165 682 verbi
1178 631 1264 694 gratia,
1275 645 1397 696 quorsum
1409 631 1448 681 hae
1462 629 1574 695 pecuniae
1585 628 1624 679 rel
1637 628 1678 677 hie
1691 627 1790 677 honori
1803 626 1837 676 de
1847 641 1888 674 ro-

1096 716 1192 781 luptate
1208 721 1292 766 autem
1312 731 1361 766 uon
1382 717 1463 766 item:
1482 729 1554 765 nemo
1568 713 1634 764 euim
1657 710 1799 776 voluptatis
1818 711 1888 760 Γιυττιι

1096 799 1177 863 dabit,
1190 804 1291 865 propter
1303 815 1379 865 quem
1394 814 1424 849 ea
1438 797 1504 849 affici
1521 799 1585 856 rull,
1600 797 1644 848 aed
1660 797 1741 861 ipsam
1757 809 1804 859 per
1814 809 1842 844 se
1853 810 1889 844 er·

1097 884 1167 948 petit,
1194 888 1223 934 ut
1241 897 1300 948 quas
1316 897 1360 948 per
1388 897 1414 933 se
1434 882 1552 948 optabilis
1566 882 1622 932 sit:
1646 896 1726 946 quum
1752 885 1841 930 autern
1866 879 1889 928 id

1097 967 1166 1034 quod
1179 981 1223 1031 per
1237 981 1263 1017 se
1275 971 1314 1017 est
1327 966 1494 1030 expetendum
1508 965 1564 1015 sinis
1573 964 1606 1014 sit
1616 969 1748 1015 extremus
1759 964 1889 1028 ipsumque

1099 1050 1161 1100 adeo
1176 1050 1278 1110 θουυιιι,
1300 1051 1358 1100 biae
1373 1050 1504 1114 colligebat
1522 1049 1675 1112 voluptatem
1692 1063 1750 1099 csse
1770 1048 1890 1098 bonorum

1099 1132 1246 1180 extremum.
1270 1128 1318 1178 Sed
1342 1131 1367 1178 et
1387 1129 1445 1178 hino
1475 1125 1636 1178 manifestum
1665 1139 1721 1176 esse
1742 1125 1890 1191 putabatid

1099 1209 1167 1274 quod
1181 1209 1335 1274 propositum
1353 1210 1392 1263 cst
1414 1208 1553 1272 :voluptas
1579 1207 1644 1257 enim
1662 1208 1811 1271 cuicunque
1832 1207 1891 1256 mro

1100 1293 1204 1354 accedit,
1229 1293 1364 1358 optabilius
1383 1292 1446 1342 illud
1469 1293 1527 1342 tacit
1546 1291 1673 1356 magisque
1694 1291 1892 1354 expetendum:

1100 1379 1191 1444 quippe
1208 1377 1379 1443 temperantia,
1401 1377 1422 1427 si
1439 1377 1560 1440 adjungas
1580 1375 1783 1439 &voluptatem
1801 1376 1892 1437 autju·

1102 1463 1180 1524 stitia,
1195 1461 1328 1526 iucundior
1347 1465 1372 1510 et
1387 1459 1521 1524 optabilior
1535 1473 1562 1508 se
1578 1458 1631 1522 ipsa
1651 1456 1778 1508 alliciatur
1798 1475 1806 1506 ε
1828 1456 1893 1520 quod
1960 1463 1961 1468 ’

1103 1539 1162 1598 νοιο
1173 1548 1322 1612 cuicumque
1333 1547 1398 1596 bono
1410 1544 1506 1596 accedit
1522 1543 1612 1594 mellus
1624 1541 1688 1592 iilud
1702 1541 1785 1592 lacere
1803 1544 1893 1606 potest.

1102 1634 1149 1684 hoo
1165 1633 1287 1684 bonorum
1309 1635 1450 1680 extremum
1472 1642 1526 1679 esse
1546 1626 1714 1684 existimabat
1735 1628 1784 1675 iles
1811 1627 1895 1674 autem

1102 1720 1204 1770 nonita
1222 1716 1346 1768 sehabet.
1364 1718 1457 1780 Nempe
1480 1713 1550 1780 quod
1568 1727 1648 1777 quum
1665 1711 1758 1762 aooedit
1778 1709 1851 1760 bono
1873 1710 1897 1758 in

1103 1805 1193 1856 rnebus
1207 1803 1269 1855 iilud
1285 1805 1384 1853 mutare
1396 1803 1487 1867 potest,
1501 1800 1592 1850 Ινοιιυινι
1608 1812 1662 1848 esse
1677 1799 1778 1862 apparet
1791 1816 1800 1846 ε
1813 1809 1897 1859 neque

1104 1893 1187 1940 umen
1200 1901 1299 1938 neeesse
1313 1891 1350 1938 est
1372 1886 1420 1936 hoc
1442 1897 1568 1935 summum
1585 1895 1639 1933 esse
1657 1881 1761 1938 bonum,
1778 1882 1827 1929 aut
1850 1878 1897 1927 alio

1104 1975 1216 2042 quolibet
1232 1973 1322 2024 molius
1344 1984 1440 2022 :onmo
1462 1971 1527 2020 euim
1546 1969 1639 2018 bonum
1653 1967 1697 2016 alii
1719 1966 1788 2016 bono
1809 1964 1896 2028 adjun-
1960 1955 1961 2016 ζ

1105 2061 1174 2108 ctum
1189 2055 1268 2118 magis
1287 2051 1455 2118 expetendum
1469 2049 1533 2100 illud
1549 2048 1624 2099 efficit
1638 2069 1644 2109 ς
1656 2047 1779 2097 nimirum
1789 2046 1820 2096 in
1834 2045 1897 2114 moni

1104 2157 1131 2193 re
1144 2145 1226 2192 totum
1242 2141 1324 2204 majus
1343 2141 1381 2189 est
1396 2140 1475 2203 parte.
1496 2139 1527 2186 Et
1544 2135 1599 2185 heo
1618 2133 1721 2199 quidem
1744 2131 1846 2182 Eudoxi
1867 2130 1896 2182 de

1106 2234 1234 2300 voluptate
1252 2229 1432 2296 orantplaelta.

1136 2321 1208 2372 Plato
1221 2325 1306 2371 autem
1320 2333 1375 2370 eam
1388 2331 1515 2368 summum
1530 2315 1621 2366 bouum
1644 2327 1699 2365 esse
1717 2312 1839 2378 negabat,
1856 2311 1898 2376 qui
1960 2373 1961 2376 Ἴ

1106 2406 1195 2458 iisdem
1208 2406 1234 2456 id
1249 2405 1353 2471 probare
1374 2403 1511 2454 conabatur
1525 2401 1686 2464 argumentis,
1707 2397 1807 2464 quibus
1828 2397 1897 2446 finem
1960 2381 1961 2402 ³

1106 2491 1227 2542 bonorum
1246 2504 1300 2540 esse
1314 2489 1470 2552 voluptatem
1488 2483 1606 2538 eudoxus
1622 2483 1799 2534 demonstrare
1821 2484 1897 2529 lenta

1106 2575 1157 2625 bat.
1174 2577 1258 2632 Quum
1274 2571 1341 2622 enim
1355 2585 1404 2620 non
1428 2571 1469 2629 sii,
1484 2569 1574 2634 iuquit,
1590 2581 1717 2618 summum
1731 2565 1840 2622 bonum,
1853 2577 1898 2627 quo

1107 2659 1164 2724 fingi
1177 2659 1258 2722 maius
1276 2656 1360 2722 possit,
1375 2655 1436 2720 quia
1451 2653 1514 2704 illud
1526 2653 1608 2718 ipsum
1624 2651 1836 2702 maximumesse
1846 2665 1900 2700 eon·
1960 2673 1961 2704 l

1108 2743 1251 2790 sentaneum
1263 2743 1302 2790 est
1315 2758 1321 2788 :
1336 2738 1386 2788 tale
1398 2737 1438 2787 cui
1453 2736 1545 2786 bouum
1555 2735 1576 2785 si
1591 2734 1737 2799 adiunctum
1746 2731 1832 2784 inerit
1841 2733 1900 2783 aite-
1960 2747 1961 2800 γ

1107 2837 1174 2887 rum,
1189 2823 1270 2887 majus
1294 2819 1356 2872 iliud
1382 2823 1459 2885 atque
1473 2817 1608 2882 optabilius
1620 2815 1689 2878 iacit,
1703 2819 1773 2867 oeric
1799 2831 1849 2867 non
1866 2817 1899 2864 esi
1960 2801 1961 2820 ¹

1108 2919 1234 2958 summum
1247 2908 1359 2958 bouum:
1379 2917 1460 2969 noque
1478 2902 1545 2953 euim
1563 2901 1618 2952 finis
1639 2901 1763 2952 bonorum
1786 2904 1837 2959 εει,
1854 2913 1899 2964 quo
1960 2909 1961 2912 ¹

1107 2992 1189 3056 majus
1201 3003 1256 3041 esso
1269 2991 1351 3053 potest
1366 2985 1455 3037 aliud:
1471 2984 1530 3034 talis
1541 2986 1626 3033 autem
1640 2987 1679 3032 est
1695 2982 1839 3047 voluptas:
1853 2981 1899 3028 rita

1108 3079 1174 3132 euim
1187 3073 1307 3140 jucunda,
1324 3071 1345 3122 si
1359 3067 1517 3134 prudentiam
1539 3070 1583 3116 aut
1601 3065 1798 3129 temperantiam
1814 3063 1897 3125 adium

1108 3178 1159 3230 gas,
1175 3157 1307 3226 jucundior
1322 3155 1350 3204 lit
1362 3157 1387 3204 et
1403 3151 1536 3217 optabilior
1558 3171 1564 3200 :
1585 3154 1624 3201 est
1637 3164 1697 3214 ergo
1711 3149 1814 3214 aliquid
1829 3148 1898 3199 rolo·
1960 3137 1961 3148 ³

1108 3250 1177 3313 ptate
1190 3239 1351 3308 praestantius
1364 3255 1370 3286 :
1386 3249 1465 3302 quare
1478 3235 1592 3298 voluptas
1604 3249 1653 3284 nou
1665 3239 1704 3285 est
1716 3233 1845 3284 bonorum
1856 3248 1899 3281 er·
1960 3263 1961 3268 ,

1109 3338 1226 3388 tremum,
1242 3324 1285 3375 scd
1301 3323 1349 3373 tale
1364 3321 1492 3387 quoddam
1501 3323 1540 3370 est
1551 3318 1653 3381 bouum,
1666 3320 1753 3384 qualia
1764 3319 1835 3369 bona
1847 3321 1897 3368 sunt
1960 3343 1961 3386 γ

1110 3420 1216 3470 virtutes
1230 3426 1259 3462 ac
1277 3407 1397 3460 doctrinae
1419 3411 1445 3457 et
1464 3405 1560 3471 roilqua
1573 3419 1681 3470 quorum
1702 3419 1748 3456 uos
1766 3405 1899 3469 participa

1111 3513 1207 3555 sumus.
1222 3499 1286 3548 Nam
1306 3496 1332 3544 ct
1351 3493 1399 3544 hoe
1422 3491 1448 3542 in
1470 3491 1600 3556 prasentia
1619 3489 1751 3540 ostendere
1770 3503 1895 3542 coumnm.

1110 3601 1188 3638 unum
1206 3579 1334 3647 quoddam
1345 3593 1376 3628 er
1389 3577 1429 3626 his
1443 3575 1514 3628 bouis
1526 3589 1581 3625 csse
1595 3573 1749 3638 voluptatem
1766 3593 1773 3623 τ
1790 3575 1834 3624 alii
1854 3576 1896 3621 Ευ-
1960 3575 1961 3578 ’

1110 3667 1168 3720 dori
1183 3661 1322 3716 rationibus
1335 3660 1496 3710 adversantes
1513 3657 1635 3720 negabant
1650 3656 1713 3706 illud
1725 3671 1783 3707 esse
1800 3658 1895 3714 bonum.

1110 3751 1179 3818 quod
1191 3747 1273 3799 ornuia
1287 3743 1429 3796 desiderant
1444 3763 1450 3792 ι
1464 3743 1508 3808 qui
1522 3745 1605 3792 lamen
1617 3739 1679 3790 nibil
1692 3740 1790 3790 dicunt.
1806 3741 1897 3804 Quippe
1960 3725 1961 3758 ³

1111 3833 1174 3885 iilud
1188 3844 1275 3881 verum
1297 3841 1351 3877 osse
1367 3826 1483 3885 dicimus,
1504 3825 1572 3889 quod
1590 3823 1706 3874 omnibus
1726 3822 1831 3872 ridetur
1848 3836 1898 3871 esse

1112 3941 1219 3977 verum:
1241 3923 1355 3988 quivero
1378 3915 1443 3964 hanc
1458 3925 1614 3961 communem
1629 3909 1767 3974 opinionem
1782 3907 1897 3958 coureilit
1960 3955 1961 3978 γ

1110 4015 1135 4060 et
1150 4007 1268 4059 traditam
1282 4003 1337 4054 inde
1350 3999 1533 4066 persuasionem
1552 3992 1695 4052 labefactat,
1708 3990 1834 4056 quomodo
1848 3991 1897 4054 ipse
1960 4017 1961 4038 2

1112 4091 1276 4158 probabiliora
1295 4087 1377 4136 dicere
1391 4083 1486 4148 queat?
1500 4081 1595 4128 Bonum
1607 4078 1691 4126 autem
1705 4073 1730 4122 id
1746 4086 1809 4128 esse,
1827 4071 1897 4136 quod

1111 4176 1195 4228 omnia
1212 4172 1363 4226 desiderant.
1379 4165 1495 4216 omnibus
1510 4159 1635 4211 communi
1648 4171 1721 4208 sensu
1732 4155 1848 4222 preditis
1860 4155 1896 4202 ri-

1111 4263 1186 4315 detur
1202 4275 1249 4311 zea
1262 4257 1379 4309 nimirum
1391 4251 1483 4319 quibus
1495 4263 1524 4299 eo
1535 4245 1664 4312 pervenire
1673 4235 1775 4309 queant,
1788 4255 1896 4306 sermun-

1111 4352 1154 4400 tur
1178 4361 1184 4394 ι
1209 4344 1325 4411 quocirca
1339 4339 1400 4406 quin
1420 4337 1510 4388 bouum
1530 4347 1585 4383 esse
1608 4325 1770 4387 arbitrentur,
1792 4329 1893 4378 nonest

1111 4433 1225 4484 dubium.
1242 4431 1269 4484 Si
1286 4429 1351 4481 onim
1367 4427 1442 4477 bruta
1460 4424 1557 4472 tantum
1572 4415 1688 4467 mimalia
1703 4413 1731 4463 id
1745 4415 1892 4478 appeterent.

1110 4517 1150 4567 bis
1165 4515 1225 4567 solis
1241 4513 1306 4566 foret
1319 4513 1420 4567 bouum.
1439 4505 1481 4558 sed
1499 4513 1675 4564 aerumnaque
1693 4495 1843 4558 suffragium
1857 4495 1894 4541 tir-

1110 4614 1180 4650 mum
1195 4601 1268 4660 esset,
1286 4609 1366 4661 neque
1379 4605 1465 4644 revera
1479 4589 1572 4638 bonum
1590 4596 1643 4634 esse
1655 4581 1806 4630 videretur:
1822 4591 1894 4642 quaa-

1110 4683 1143 4734 do
1158 4697 1218 4734 vero
1230 4681 1304 4732 simul
1318 4683 1343 4730 et
1361 4677 1436 4728 bruta
1453 4670 1569 4724 animalia
1586 4671 1611 4718 et
1623 4667 1722 4716 nature
1735 4662 1893 4724 intelligentes

1111 4765 1275 4816 communiter
1289 4763 1314 4812 id
1330 4760 1422 4811 bonum
1441 4771 1495 4808 esse
1508 4753 1623 4820 judicant
1637 4749 1669 4799 iis
1685 4745 1828 4797 rationibus
1841 4743 1891 4806 qui-
1960 4751 1961 4796 ἑ

1111 4853 1158 4903 bus
1173 4849 1237 4901 illud
1260 4849 1443 4900 consectantur.
1462 4840 1525 4906 quid
1545 4837 1627 4888 adbuc
1653 4833 1746 4890 obstat,
1765 4828 1894 4895 quominus

1110 4938 1144 4988 sit
1158 4949 1244 4986 revera
1258 4932 1369 4983 bonum?
1380 4931 1443 4980 Nam
1455 4929 1480 4976 et
1494 4925 1519 4974 in
1532 4921 1615 4973 linitis
1626 4915 1777 4969 animalibus
1788 4909 1893 4963 naturale
1960 4905 1961 4928 ¹

1110 5019 1211 5086 aliquod
1225 5018 1319 5069 bouum
1332 5017 1379 5075 est,
1402 5011 1492 5062 melius
1511 5021 1587 5074 quam
1602 5005 1713 5068 ipsorum
1735 4999 1769 5049 sit
1790 4995 1891 5048 inscitia.

302 5198 317 5226 4
335 5196 448 5262 Τοιούτιρ
464 5195 494 5255 δὴ
508 5196 573 5262 λόγῳ
590 5195 632 5245 καὶ
644 5192 750 5245 Πλάτων
763 5193 875 5258 ἀναιρεῖ,
894 5189 951 5239 κτλ.
