<?xml version="1.0" encoding="UTF-8"?>
<!DOCTYPE html PUBLIC "-//W3C//DTD XHTML 1.0 Transitional//EN"
    "http://www.w3.org/TR/xhtml1/DTD/xhtml1-transitional.dtd">
<html xmlns="http://www.w3.org/1999/xhtml" xml:lang="en" lang="en">
 <head>
  <title>
</title>
<meta http-equiv="Content-Type" content="text/html;charset=utf-8" />
  <meta name='ocr-system' content='tesseract 3.04.00' />
  <meta name='ocr-capabilities' content='ocr_page ocr_carea ocr_par ocr_line ocrx_word'/>
</head>
<body>
  <div class='ocr_page' id='page_1' title='image "./fragmentaphilos01mullgoog/fragmentaphilos01mullgoog_0358.png"; bbox 0 0 3934 5956; ppageno 0'>
   <div class='ocr_carea' id='block_1_1' title="bbox 493 389 1726 462">
    <p class='ocr_par' dir='ltr' id='par_1_1' title="bbox 493 389 1726 462">
     <span class='ocr_line' id='line_1_1' title="bbox 493 389 1726 462; baseline 0.01 -12"><span class='ocrx_word' id='word_1_1' title='bbox 493 389 715 452; x_wconf 81' lang='lat' dir='ltr'>ETHlCORUM</span> <span class='ocrx_word' id='word_1_2' title='bbox 735 389 1069 456; x_wconf 78' lang='lat' dir='ltr'>Nlecnllcunouttnl</span> <span class='ocrx_word' id='word_1_3' title='bbox 1089 394 1369 460; x_wconf 78' lang='lat' dir='ltr'>PARAPHRdSlS.</span> <span class='ocrx_word' id='word_1_4' title='bbox 1668 403 1726 462; x_wconf 82' lang='lat'>337</span> 
     </span>
    </p>
   </div>
   <div class='ocr_carea' id='block_1_2' title="bbox 126 521 1732 688">
    <p class='ocr_par' dir='ltr' id='par_1_2' title="bbox 126 521 1732 688">
     <span class='ocr_line' id='line_1_2' title="bbox 127 521 1732 604; baseline 0.004 -21"><span class='ocrx_word' id='word_1_5' title='bbox 127 547 168 591; x_wconf 89' lang='grc' dir='ltr'>νις</span> <span class='ocrx_word' id='word_1_6' title='bbox 177 522 347 603; x_wconf 89' lang='grc' dir='ltr'>πράττουσιν.</span> <span class='ocrx_word' id='word_1_7' title='bbox 378 521 463 581; x_wconf 83' lang='grc' dir='ltr'>Ὥστε</span> <span class='ocrx_word' id='word_1_8' title='bbox 478 523 563 588; x_wconf 84' lang='grc' dir='ltr'>καλῶς</span> <span class='ocrx_word' id='word_1_9' title='bbox 585 521 799 602; x_wconf 59' lang='lat' dir='ltr'>Mastanabale</span> <span class='ocrx_word' id='word_1_10' title='bbox 814 529 859 584; x_wconf 83' lang='grc' dir='ltr'>τοῦ</span> <span class='ocrx_word' id='word_1_11' title='bbox 872 523 906 582; x_wconf 78' lang='grc' dir='ltr'>τὰ</span> <span class='ocrx_word' id='word_1_12' title='bbox 951 532 1038 585; x_wconf 89' lang='lat' dir='ltr'>solent.</span> <span class='ocrx_word' id='word_1_13' title='bbox 1052 535 1140 601; x_wconf 86' lang='lat' dir='ltr'>itaque</span> <span class='ocrx_word' id='word_1_14' title='bbox 1159 538 1227 586; x_wconf 89' lang='lat' dir='ltr'>recte</span> <span class='ocrx_word' id='word_1_15' title='bbox 1242 536 1342 596; x_wconf 91' lang='lat' dir='ltr'>dicitur,</span> <span class='ocrx_word' id='word_1_16' title='bbox 1358 536 1440 602; x_wconf 79' lang='lat' dir='ltr'>justis</span> <span class='ocrx_word' id='word_1_17' title='bbox 1460 537 1597 589; x_wconf 71' lang='lat' dir='ltr'><strong>actionibus</strong></span> <span class='ocrx_word' id='word_1_18' title='bbox 1612 539 1693 604; x_wconf 78' lang='lat' dir='ltr'>justos</span> <span class='ocrx_word' id='word_1_19' title='bbox 1706 541 1732 591; x_wconf 85' lang='lat' dir='ltr'>et</span> 
     </span>
     <span class='ocr_line' id='line_1_3' title="bbox 126 607 1731 688; baseline 0.004 -18"><span class='ocrx_word' id='word_1_20' title='bbox 126 610 216 670; x_wconf 87' lang='grc' dir='ltr'>δίκαια</span> <span class='ocrx_word' id='word_1_21' title='bbox 238 611 322 668; x_wconf 81' lang='grc' dir='ltr'>ποιεῖν</span> <span class='ocrx_word' id='word_1_22' title='bbox 347 610 362 665; x_wconf 82' lang='grc' dir='ltr'>θ</span> <span class='ocrx_word' id='word_1_23' title='bbox 385 607 484 676; x_wconf 86' lang='grc' dir='ltr'>δίκαιος</span> <span class='ocrx_word' id='word_1_24' title='bbox 497 607 614 688; x_wconf 87' lang='grc' dir='ltr'>γίνεται,</span> <span class='ocrx_word' id='word_1_25' title='bbox 635 611 681 670; x_wconf 88' lang='grc' dir='ltr'>καλ</span> <span class='ocrx_word' id='word_1_26' title='bbox 694 612 725 670; x_wconf 70' lang='grc' dir='ltr'>ἐκ</span> <span class='ocrx_word' id='word_1_27' title='bbox 738 617 784 671; x_wconf 82' lang='grc' dir='ltr'>τοῦ</span> <span class='ocrx_word' id='word_1_28' title='bbox 806 611 840 670; x_wconf 73' lang='grc' dir='ltr'>τὰ</span> <span class='ocrx_word' id='word_1_29' title='bbox 854 609 907 672; x_wconf 90' lang='grc' dir='ltr'>σώ-</span> <span class='ocrx_word' id='word_1_30' title='bbox 950 621 1094 686; x_wconf 83' lang='lat' dir='ltr'>temperatis</span> <span class='ocrx_word' id='word_1_31' title='bbox 1103 625 1268 688; x_wconf 78' lang='lat' dir='ltr'><strong>temperantes</strong></span> <span class='ocrx_word' id='word_1_32' title='bbox 1279 624 1358 688; x_wconf 86' lang='lat' dir='ltr'>affici;</span> <span class='ocrx_word' id='word_1_33' title='bbox 1371 624 1412 676; x_wconf 88' lang='lat' dir='ltr'>bis</span> <span class='ocrx_word' id='word_1_34' title='bbox 1423 628 1507 676; x_wconf 88' lang='lat' dir='ltr'>autem</span> <span class='ocrx_word' id='word_1_35' title='bbox 1518 624 1634 688; x_wconf 70' lang='lat' dir='ltr'>neglectis</span> <span class='ocrx_word' id='word_1_36' title='bbox 1650 625 1731 677; x_wconf 91' lang='lat' dir='ltr'>nemi-</span> 
     </span>
    </p>
   </div>
   <div class='ocr_carea' id='block_1_3' title="bbox 125 697 1697 867">
    <p class='ocr_par' dir='ltr' id='par_1_3' title="bbox 125 697 1697 867">
     <span class='ocr_line' id='line_1_4' title="bbox 125 697 1697 780; baseline 0.008 -24"><span class='ocrx_word' id='word_1_37' title='bbox 125 721 210 780; x_wconf 90' lang='grc' dir='ltr'>φρονα</span> <span class='ocrx_word' id='word_1_38' title='bbox 224 701 237 756; x_wconf 85' lang='grc' dir='ltr'>θ</span> <span class='ocrx_word' id='word_1_39' title='bbox 253 697 375 778; x_wconf 89' lang='grc' dir='ltr'>σώφρων·</span> <span class='ocrx_word' id='word_1_40' title='bbox 393 697 420 764; x_wconf 83' lang='grc' dir='ltr'>θς</span> <span class='ocrx_word' id='word_1_41' title='bbox 436 699 462 756; x_wconf 87' lang='grc' dir='ltr'>δὲ</span> <span class='ocrx_word' id='word_1_42' title='bbox 477 697 514 773; x_wconf 78' lang='grc' dir='ltr'>μὴ</span> <span class='ocrx_word' id='word_1_43' title='bbox 533 698 643 780; x_wconf 85' lang='grc' dir='ltr'>πράττει</span> <span class='ocrx_word' id='word_1_44' title='bbox 658 705 759 774; x_wconf 78' lang='grc' dir='ltr'>ταῦτα,</span> <span class='ocrx_word' id='word_1_45' title='bbox 783 701 905 762; x_wconf 77' lang='grc' dir='ltr'>οὐδέποτε</span> <span class='ocrx_word' id='word_1_46' title='bbox 950 726 1007 764; x_wconf 92' lang='lat' dir='ltr'>nem</span> <span class='ocrx_word' id='word_1_47' title='bbox 1018 728 1128 780; x_wconf 81' lang='lat' dir='ltr'>unquam</span> <span class='ocrx_word' id='word_1_48' title='bbox 1141 715 1225 766; x_wconf 79' lang='lat' dir='ltr'>virum</span> <span class='ocrx_word' id='word_1_49' title='bbox 1238 716 1329 768; x_wconf 91' lang='lat' dir='ltr'>bonum</span> <span class='ocrx_word' id='word_1_50' title='bbox 1340 715 1382 769; x_wconf 83' lang='lat' dir='ltr'>rel</span> <span class='ocrx_word' id='word_1_51' title='bbox 1393 729 1448 769; x_wconf 85' lang='lat' dir='ltr'>csse</span> <span class='ocrx_word' id='word_1_52' title='bbox 1458 716 1499 770; x_wconf 82' lang='lat' dir='ltr'>rel</span> <span class='ocrx_word' id='word_1_53' title='bbox 1511 715 1625 767; x_wconf 84' lang='lat' dir='ltr'>laturum</span> <span class='ocrx_word' id='word_1_54' title='bbox 1636 729 1697 769; x_wconf 89' lang='lat' dir='ltr'>esse.</span> 
     </span>
     <span class='ocr_line' id='line_1_5' title="bbox 125 785 780 867; baseline 0 -21"><span class='ocrx_word' id='word_1_55' title='bbox 125 788 226 866; x_wconf 88' lang='grc' dir='ltr'>γίνεται</span> <span class='ocrx_word' id='word_1_56' title='bbox 236 785 346 865; x_wconf 77' lang='grc' dir='ltr'>ἀγαθός,</span> <span class='ocrx_word' id='word_1_57' title='bbox 360 785 420 844; x_wconf 78' lang='lat' dir='ltr'>otti</span> <span class='ocrx_word' id='word_1_58' title='bbox 435 787 562 862; x_wconf 81' lang='grc' dir='ltr'>μελλήσει</span> <span class='ocrx_word' id='word_1_59' title='bbox 575 788 638 848; x_wconf 78' lang='grc' dir='ltr'>ποτὲ</span> <span class='ocrx_word' id='word_1_60' title='bbox 652 789 780 867; x_wconf 73' lang='grc' dir='ltr'>γενέσθαι.</span> 
     </span>
    </p>
   </div>
   <div class='ocr_carea' id='block_1_4' title="bbox 123 873 1739 2458">
    <p class='ocr_par' dir='ltr' id='par_1_4' title="bbox 124 873 1739 1756">
     <span class='ocr_line' id='line_1_6' title="bbox 167 873 1733 958; baseline 0.005 -24"><span class='ocrx_word' id='word_1_61' title='bbox 167 875 261 934; x_wconf 71' lang='grc' dir='ltr'>*Ἀλλ’</span> <span class='ocrx_word' id='word_1_62' title='bbox 275 877 299 932; x_wconf 86' lang='grc' dir='ltr'>σί</span> <span class='ocrx_word' id='word_1_63' title='bbox 308 873 413 940; x_wconf 89' lang='grc' dir='ltr'>πλείους</span> <span class='ocrx_word' id='word_1_64' title='bbox 422 877 474 932; x_wconf 82' lang='grc' dir='ltr'>τῶν</span> <span class='ocrx_word' id='word_1_65' title='bbox 483 875 626 958; x_wconf 73' lang='grc' dir='ltr'>ἀνθρώπων</span> <span class='ocrx_word' id='word_1_66' title='bbox 634 882 717 936; x_wconf 79' lang='grc' dir='ltr'>ταῦτα</span> <span class='ocrx_word' id='word_1_67' title='bbox 729 875 778 954; x_wconf 84' lang='grc' dir='ltr'>μὲν</span> <span class='ocrx_word' id='word_1_68' title='bbox 785 877 815 937; x_wconf 80' lang='grc' dir='ltr'>οὔ</span> <span class='ocrx_word' id='word_1_69' title='bbox 824 876 906 958; x_wconf 87' lang='grc' dir='ltr'>πράτ·</span> <span class='ocrx_word' id='word_1_70' title='bbox 982 887 1032 939; x_wconf 82' lang='lat' dir='ltr'>Sed</span> <span class='ocrx_word' id='word_1_71' title='bbox 1049 888 1161 955; x_wconf 85' lang='lat' dir='ltr'>plerique</span> <span class='ocrx_word' id='word_1_72' title='bbox 1172 903 1258 942; x_wconf 89' lang='lat' dir='ltr'>omncs</span> <span class='ocrx_word' id='word_1_73' title='bbox 1272 903 1352 956; x_wconf 78' lang='lat' dir='ltr'>quum</span> <span class='ocrx_word' id='word_1_74' title='bbox 1362 891 1417 942; x_wconf 79' lang='lat' dir='ltr'>bac</span> <span class='ocrx_word' id='word_1_75' title='bbox 1433 902 1504 956; x_wconf 79' lang='lat' dir='ltr'>agere</span> <span class='ocrx_word' id='word_1_76' title='bbox 1521 905 1570 942; x_wconf 92' lang='lat' dir='ltr'>non</span> <span class='ocrx_word' id='word_1_77' title='bbox 1585 893 1679 952; x_wconf 82' lang='lat' dir='ltr'>curent,</span> <span class='ocrx_word' id='word_1_78' title='bbox 1701 894 1733 942; x_wconf 89' lang='lat' dir='ltr'>ad</span> 
     </span>
     <span class='ocr_line' id='line_1_7' title="bbox 125 963 1734 1048; baseline 0.002 -23"><span class='ocrx_word' id='word_1_79' title='bbox 125 987 234 1041; x_wconf 85' lang='grc' dir='ltr'>τουσιν,</span> <span class='ocrx_word' id='word_1_80' title='bbox 260 963 303 1022; x_wconf 78' lang='grc' dir='ltr'>ἐπὶ</span> <span class='ocrx_word' id='word_1_81' title='bbox 328 963 356 1022; x_wconf 85' lang='lat' dir='ltr'>tt</span> <span class='ocrx_word' id='word_1_82' title='bbox 372 963 421 1034; x_wconf 85' lang='grc' dir='ltr'>τήν</span> <span class='ocrx_word' id='word_1_83' title='bbox 442 965 536 1045; x_wconf 85' lang='grc' dir='ltr'>σοφίαν</span> <span class='ocrx_word' id='word_1_84' title='bbox 563 966 767 1048; x_wconf 75' lang='grc' dir='ltr'>καταφεύγοντες</span> <span class='ocrx_word' id='word_1_85' title='bbox 783 966 829 1027; x_wconf 82' lang='grc' dir='ltr'>καλ</span> <span class='ocrx_word' id='word_1_86' title='bbox 846 967 906 1036; x_wconf 76' lang='grc' dir='ltr'>τοὺς</span> <span class='ocrx_word' id='word_1_87' title='bbox 951 976 1097 1040; x_wconf 87' lang='lat' dir='ltr'>sapientium</span> <span class='ocrx_word' id='word_1_88' title='bbox 1115 981 1141 1030; x_wconf 89' lang='lat' dir='ltr'>et</span> <span class='ocrx_word' id='word_1_89' title='bbox 1160 978 1471 1046; x_wconf 77' lang='lat' dir='ltr'>rmbaroniugientes,se</span> <span class='ocrx_word' id='word_1_90' title='bbox 1486 981 1653 1045; x_wconf 86' lang='lat' dir='ltr'>philosophari</span> <span class='ocrx_word' id='word_1_91' title='bbox 1667 980 1734 1032; x_wconf 88' lang='lat' dir='ltr'>arbi·</span> 
     </span>
     <span class='ocr_line' id='line_1_8' title="bbox 124 1051 1733 1136; baseline 0.002 -21"><span class='ocrx_word' id='word_1_92' title='bbox 124 1053 233 1133; x_wconf 81' lang='grc' dir='ltr'>λὸγοιις,</span> <span class='ocrx_word' id='word_1_93' title='bbox 258 1051 356 1111; x_wconf 78' lang='grc' dir='ltr'>οἴονται</span> <span class='ocrx_word' id='word_1_94' title='bbox 381 1051 424 1110; x_wconf 76' lang='grc' dir='ltr'>διὰ</span> <span class='ocrx_word' id='word_1_95' title='bbox 449 1058 526 1112; x_wconf 79' lang='grc' dir='ltr'>τοῦτο</span> <span class='ocrx_word' id='word_1_96' title='bbox 551 1057 717 1136; x_wconf 72' lang='grc' dir='ltr'>φιλοσοφεῖν,</span> <span class='ocrx_word' id='word_1_97' title='bbox 741 1057 786 1116; x_wconf 81' lang='grc' dir='ltr'>καὶ</span> <span class='ocrx_word' id='word_1_98' title='bbox 807 1055 906 1118; x_wconf 83' lang='grc' dir='ltr'>οἴονται</span> <span class='ocrx_word' id='word_1_99' title='bbox 951 1068 1058 1126; x_wconf 90' lang='lat' dir='ltr'>trantur,</span> <span class='ocrx_word' id='word_1_100' title='bbox 1076 1067 1185 1134; x_wconf 87' lang='lat' dir='ltr'>bonique</span> <span class='ocrx_word' id='word_1_101' title='bbox 1197 1069 1245 1119; x_wconf 87' lang='lat' dir='ltr'>viri</span> <span class='ocrx_word' id='word_1_102' title='bbox 1257 1073 1390 1134; x_wconf 91' lang='lat' dir='ltr'>propterea</span> <span class='ocrx_word' id='word_1_103' title='bbox 1400 1069 1449 1119; x_wconf 88' lang='lat' dir='ltr'>sibi</span> <span class='ocrx_word' id='word_1_104' title='bbox 1463 1069 1580 1120; x_wconf 86' lang='lat' dir='ltr'>videnlur</span> <span class='ocrx_word' id='word_1_105' title='bbox 1590 1083 1652 1130; x_wconf 86' lang='lat' dir='ltr'>esse,</span> <span class='ocrx_word' id='word_1_106' title='bbox 1665 1068 1733 1133; x_wconf 88' lang='lat' dir='ltr'>quod</span> 
     </span>
     <span class='ocr_line' id='line_1_9' title="bbox 126 1131 1733 1224; baseline 0.003 -21"><span class='ocrx_word' id='word_1_107' title='bbox 126 1143 264 1203; x_wconf 86' lang='grc' dir='ltr'>σπουδαῖοι</span> <span class='ocrx_word' id='word_1_108' title='bbox 280 1131 361 1214; x_wconf 76' lang='grc' dir='ltr'>εἶναι,</span> <span class='ocrx_word' id='word_1_109' title='bbox 382 1137 422 1197; x_wconf 81' lang='grc' dir='ltr'>ὅτι</span> <span class='ocrx_word' id='word_1_110' title='bbox 436 1140 513 1216; x_wconf 84' lang='grc' dir='ltr'>μόνον</span> <span class='ocrx_word' id='word_1_111' title='bbox 530 1141 590 1222; x_wconf 81' lang='grc' dir='ltr'>περὶ</span> <span class='ocrx_word' id='word_1_112' title='bbox 611 1149 659 1215; x_wconf 78' lang='grc' dir='ltr'>τῆς</span> <span class='ocrx_word' id='word_1_113' title='bbox 679 1145 772 1224; x_wconf 80' lang='grc' dir='ltr'>ἀρετῆς</span> <span class='ocrx_word' id='word_1_114' title='bbox 789 1145 907 1224; x_wconf 74' lang='grc' dir='ltr'>θκριὸῶς</span> <span class='ocrx_word' id='word_1_115' title='bbox 951 1152 983 1204; x_wconf 91' lang='lat' dir='ltr'>de</span> <span class='ocrx_word' id='word_1_116' title='bbox 1002 1154 1097 1206; x_wconf 85' lang='lat' dir='ltr'>virtute</span> <span class='ocrx_word' id='word_1_117' title='bbox 1114 1157 1237 1208; x_wconf 80' lang='lat' dir='ltr'>duntaxat</span> <span class='ocrx_word' id='word_1_118' title='bbox 1256 1158 1381 1209; x_wconf 76' lang='lat' dir='ltr'>subtiliter</span> <span class='ocrx_word' id='word_1_119' title='bbox 1404 1158 1524 1209; x_wconf 79' lang='lat' dir='ltr'>disserere</span> <span class='ocrx_word' id='word_1_120' title='bbox 1543 1161 1668 1224; x_wconf 69' lang='lat' dir='ltr'>possuntt</span> <span class='ocrx_word' id='word_1_121' title='bbox 1684 1171 1733 1208; x_wconf 93' lang='lat' dir='ltr'>non</span> 
     </span>
     <span class='ocr_line' id='line_1_10' title="bbox 125 1226 1734 1312; baseline 0.005 -24"><span class='ocrx_word' id='word_1_122' title='bbox 125 1231 296 1309; x_wconf 77' lang='grc' dir='ltr'>γινώσκουσιν</span> <span class='ocrx_word' id='word_1_123' title='bbox 313 1230 406 1286; x_wconf 80' lang='grc' dir='ltr'>εἰπεῖν·</span> <span class='ocrx_word' id='word_1_124' title='bbox 421 1226 511 1306; x_wconf 77' lang='grc' dir='ltr'>ὅμοιόν</span> <span class='ocrx_word' id='word_1_125' title='bbox 533 1253 559 1288; x_wconf 88' lang='grc' dir='ltr'>τι</span> <span class='ocrx_word' id='word_1_126' title='bbox 572 1235 706 1298; x_wconf 80' lang='grc' dir='ltr'>ποιοῦντες</span> <span class='ocrx_word' id='word_1_127' title='bbox 721 1241 775 1300; x_wconf 86' lang='grc' dir='ltr'>τοῖς</span> <span class='ocrx_word' id='word_1_128' title='bbox 788 1232 907 1310; x_wconf 86' lang='grc' dir='ltr'>κάμνου·</span> <span class='ocrx_word' id='word_1_129' title='bbox 952 1243 1059 1295; x_wconf 85' lang='lat' dir='ltr'>multum</span> <span class='ocrx_word' id='word_1_130' title='bbox 1073 1245 1104 1295; x_wconf 89' lang='lat' dir='ltr'>ab</span> <span class='ocrx_word' id='word_1_131' title='bbox 1116 1246 1190 1309; x_wconf 73' lang='lat' dir='ltr'>{agris</span> <span class='ocrx_word' id='word_1_132' title='bbox 1206 1245 1358 1306; x_wconf 77' lang='lat' dir='ltr'>differentes,</span> <span class='ocrx_word' id='word_1_133' title='bbox 1378 1247 1422 1312; x_wconf 87' lang='lat' dir='ltr'>qui</span> <span class='ocrx_word' id='word_1_134' title='bbox 1438 1247 1676 1312; x_wconf 83' lang='lat' dir='ltr'>diligenterquidem</span> <span class='ocrx_word' id='word_1_135' title='bbox 1688 1261 1734 1296; x_wconf 90' lang='lat' dir='ltr'>au·</span> 
     </span>
     <span class='ocr_line' id='line_1_11' title="bbox 126 1317 1735 1401; baseline 0.004 -22"><span class='ocrx_word' id='word_1_136' title='bbox 126 1345 185 1394; x_wconf 90' lang='grc' dir='ltr'>σεν,</span> <span class='ocrx_word' id='word_1_137' title='bbox 202 1317 227 1378; x_wconf 72' lang='grc' dir='ltr'>οἳ</span> <span class='ocrx_word' id='word_1_138' title='bbox 239 1323 291 1378; x_wconf 82' lang='grc' dir='ltr'>τῶν</span> <span class='ocrx_word' id='word_1_139' title='bbox 306 1320 404 1398; x_wconf 78' lang='grc' dir='ltr'>ἰατρῶν</span> <span class='ocrx_word' id='word_1_140' title='bbox 418 1318 542 1378; x_wconf 84' lang='grc' dir='ltr'>σἰκοώουσε</span> <span class='ocrx_word' id='word_1_141' title='bbox 565 1318 612 1396; x_wconf 74' lang='grc' dir='ltr'>μὲν</span> <span class='ocrx_word' id='word_1_142' title='bbox 634 1323 783 1399; x_wconf 73' lang='grc' dir='ltr'>ἐπιμελῶς,</span> <span class='ocrx_word' id='word_1_143' title='bbox 804 1330 907 1384; x_wconf 80' lang='grc' dir='ltr'>ποιοῦσι</span> <span class='ocrx_word' id='word_1_144' title='bbox 951 1330 1024 1381; x_wconf 87' lang='lat' dir='ltr'>diunt</span> <span class='ocrx_word' id='word_1_145' title='bbox 1037 1333 1154 1394; x_wconf 87' lang='lat' dir='ltr'>medicos,</span> <span class='ocrx_word' id='word_1_146' title='bbox 1176 1334 1220 1384; x_wconf 89' lang='lat' dir='ltr'>sed</span> <span class='ocrx_word' id='word_1_147' title='bbox 1239 1335 1301 1385; x_wconf 86' lang='lat' dir='ltr'>nihil</span> <span class='ocrx_word' id='word_1_148' title='bbox 1314 1349 1401 1386; x_wconf 90' lang='lat' dir='ltr'>eorum</span> <span class='ocrx_word' id='word_1_149' title='bbox 1414 1336 1514 1400; x_wconf 80' lang='lat' dir='ltr'>quaeub</span> <span class='ocrx_word' id='word_1_150' title='bbox 1527 1336 1577 1386; x_wconf 92' lang='lat' dir='ltr'>illis</span> <span class='ocrx_word' id='word_1_151' title='bbox 1590 1336 1735 1401; x_wconf 71' lang='lat' dir='ltr'>precipiun-</span> 
     </span>
     <span class='ocr_line' id='line_1_12' title="bbox 127 1407 1735 1489; baseline 0.004 -21"><span class='ocrx_word' id='word_1_152' title='bbox 127 1409 154 1468; x_wconf 72' lang='grc' dir='ltr'>δὲ</span> <span class='ocrx_word' id='word_1_153' title='bbox 167 1407 239 1468; x_wconf 76' lang='grc' dir='ltr'>οὐδὲν</span> <span class='ocrx_word' id='word_1_154' title='bbox 251 1411 303 1466; x_wconf 87' lang='grc' dir='ltr'>τῶν</span> <span class='ocrx_word' id='word_1_155' title='bbox 318 1407 565 1488; x_wconf 80' lang='grc' dir='ltr'>προσταττομένων.</span> <span class='ocrx_word' id='word_1_156' title='bbox 578 1407 685 1488; x_wconf 81' lang='grc' dir='ltr'>Ὥσπερ</span> <span class='ocrx_word' id='word_1_157' title='bbox 706 1410 791 1470; x_wconf 89' lang='grc' dir='ltr'>τοίνυν</span> <span class='ocrx_word' id='word_1_158' title='bbox 802 1412 907 1480; x_wconf 76' lang='grc' dir='ltr'>ἐκείνοις</span> <span class='ocrx_word' id='word_1_159' title='bbox 952 1423 994 1469; x_wconf 89' lang='lat' dir='ltr'>tur</span> <span class='ocrx_word' id='word_1_160' title='bbox 1006 1419 1108 1473; x_wconf 86' lang='lat' dir='ltr'>iaciunt.</span> <span class='ocrx_word' id='word_1_161' title='bbox 1127 1423 1343 1480; x_wconf 85' lang='lat' dir='ltr'>Quemadmodum</span> <span class='ocrx_word' id='word_1_162' title='bbox 1357 1425 1433 1488; x_wconf 85' lang='lat' dir='ltr'>igitur</span> <span class='ocrx_word' id='word_1_163' title='bbox 1446 1424 1497 1475; x_wconf 89' lang='lat' dir='ltr'>illis</span> <span class='ocrx_word' id='word_1_164' title='bbox 1506 1439 1634 1489; x_wconf 88' lang='lat' dir='ltr'>nunquam</span> <span class='ocrx_word' id='word_1_165' title='bbox 1645 1438 1735 1489; x_wconf 87' lang='lat' dir='ltr'>corpus</span> 
     </span>
     <span class='ocr_line' id='line_1_13' title="bbox 126 1494 1734 1579; baseline 0.004 -21"><span class='ocrx_word' id='word_1_166' title='bbox 126 1494 353 1563; x_wconf 63' lang='lat' dir='ltr'>obtimatibus</span> <span class='ocrx_word' id='word_1_167' title='bbox 368 1495 478 1571; x_wconf 88' lang='grc' dir='ltr'>σώματα</span> <span class='ocrx_word' id='word_1_168' title='bbox 493 1497 591 1572; x_wconf 85' lang='grc' dir='ltr'>καλῶς,</span> <span class='ocrx_word' id='word_1_169' title='bbox 602 1494 670 1555; x_wconf 76' lang='grc' dir='ltr'>οὕτω</span> <span class='ocrx_word' id='word_1_170' title='bbox 678 1498 906 1579; x_wconf 80' lang='grc' dir='ltr'>θεραπευομένοις,</span> <span class='ocrx_word' id='word_1_171' title='bbox 951 1508 1000 1559; x_wconf 86' lang='lat' dir='ltr'>erit</span> <span class='ocrx_word' id='word_1_172' title='bbox 1013 1509 1076 1562; x_wconf 91' lang='lat' dir='ltr'>bene</span> <span class='ocrx_word' id='word_1_173' title='bbox 1086 1511 1258 1572; x_wconf 89' lang='lat' dir='ltr'>constitutum,</span> <span class='ocrx_word' id='word_1_174' title='bbox 1278 1527 1355 1577; x_wconf 90' lang='lat' dir='ltr'>quam</span> <span class='ocrx_word' id='word_1_175' title='bbox 1368 1512 1412 1564; x_wconf 92' lang='lat' dir='ltr'>diu</span> <span class='ocrx_word' id='word_1_176' title='bbox 1430 1513 1466 1563; x_wconf 90' lang='lat' dir='ltr'>ita</span> <span class='ocrx_word' id='word_1_177' title='bbox 1478 1517 1598 1564; x_wconf 89' lang='lat' dir='ltr'>curantur</span> <span class='ocrx_word' id='word_1_178' title='bbox 1610 1532 1617 1562; x_wconf 78' lang='grc' dir='ltr'>ε</span> <span class='ocrx_word' id='word_1_179' title='bbox 1637 1513 1673 1564; x_wconf 89' lang='lat' dir='ltr'>sic</span> <span class='ocrx_word' id='word_1_180' title='bbox 1688 1527 1734 1564; x_wconf 91' lang='lat' dir='ltr'>ne-</span> 
     </span>
     <span class='ocr_line' id='line_1_14' title="bbox 128 1574 1739 1668; baseline 0.004 -23"><span class='ocrx_word' id='word_1_181' title='bbox 128 1584 211 1651; x_wconf 81' lang='grc' dir='ltr'>οθτως</span> <span class='ocrx_word' id='word_1_182' title='bbox 227 1583 285 1642; x_wconf 81' lang='grc' dir='ltr'>οὐδὲ</span> <span class='ocrx_word' id='word_1_183' title='bbox 298 1574 366 1642; x_wconf 66' lang='grc' dir='ltr'>οὗτοι</span> <span class='ocrx_word' id='word_1_184' title='bbox 380 1583 428 1654; x_wconf 79' lang='grc' dir='ltr'>τήν</span> <span class='ocrx_word' id='word_1_185' title='bbox 442 1585 531 1664; x_wconf 82' lang='grc' dir='ltr'>ψυχὴν</span> <span class='ocrx_word' id='word_1_186' title='bbox 548 1583 648 1642; x_wconf 79' lang='grc' dir='ltr'>καλλίω</span> <span class='ocrx_word' id='word_1_187' title='bbox 659 1584 824 1660; x_wconf 82' lang='grc' dir='ltr'>ποιήσουσιν,</span> <span class='ocrx_word' id='word_1_188' title='bbox 839 1587 907 1647; x_wconf 78' lang='grc' dir='ltr'>οὕτω</span> <span class='ocrx_word' id='word_1_189' title='bbox 935 1599 938 1606; x_wconf 85' lang='grc'><strong>’</strong></span> <span class='ocrx_word' id='word_1_190' title='bbox 952 1611 1002 1662; x_wconf 74' lang='lat' dir='ltr'>que</span> <span class='ocrx_word' id='word_1_191' title='bbox 1014 1597 1041 1648; x_wconf 89' lang='lat' dir='ltr'>bi</span> <span class='ocrx_word' id='word_1_192' title='bbox 1057 1579 1229 1652; x_wconf 75' lang='lat' dir='ltr'>emendabunt</span> <span class='ocrx_word' id='word_1_193' title='bbox 1237 1601 1356 1664; x_wconf 89' lang='lat' dir='ltr'>animum,</span> <span class='ocrx_word' id='word_1_194' title='bbox 1372 1616 1449 1668; x_wconf 89' lang='lat' dir='ltr'>quam</span> <span class='ocrx_word' id='word_1_195' title='bbox 1461 1602 1506 1654; x_wconf 91' lang='lat' dir='ltr'>diu</span> <span class='ocrx_word' id='word_1_196' title='bbox 1525 1603 1573 1654; x_wconf 93' lang='lat' dir='ltr'>boc</span> <span class='ocrx_word' id='word_1_197' title='bbox 1589 1601 1664 1654; x_wconf 92' lang='lat' dir='ltr'>modo</span> <span class='ocrx_word' id='word_1_198' title='bbox 1676 1601 1739 1666; x_wconf 88' lang='lat' dir='ltr'>pbi-·</span> 
     </span>
     <span class='ocr_line' id='line_1_15' title="bbox 127 1677 1122 1756; baseline 0.006 -18"><span class='ocrx_word' id='word_1_199' title='bbox 127 1677 336 1756; x_wconf 70' lang='grc' dir='ltr'>φιλοσοφοῦντα·</span> <span class='ocrx_word' id='word_1_200' title='bbox 951 1689 1122 1756; x_wconf 88' lang='lat' dir='ltr'>losophantur.</span> 
     </span>
    </p>

    <p class='ocr_par' dir='ltr' id='par_1_5' title="bbox 124 1759 907 2285">
     <span class='ocr_line' id='line_1_16' title="bbox 168 1759 907 1840; baseline 0.001 -21"><span class='ocrx_word' id='word_1_201' title='bbox 168 1761 299 1840; x_wconf 85' lang='lat' dir='ltr'>(Scripsi</span> <span class='ocrx_word' id='word_1_202' title='bbox 318 1787 324 1818; x_wconf 93' lang='lat'><strong>:</strong></span> <span class='ocrx_word' id='word_1_203' title='bbox 340 1769 353 1795; x_wconf 83' lang='lat'>⁸</span> <span class='ocrx_word' id='word_1_204' title='bbox 367 1759 587 1840; x_wconf 78' lang='grc' dir='ltr'>ἄμετακενήτως]</span> <span class='ocrx_word' id='word_1_205' title='bbox 603 1763 667 1823; x_wconf 89' lang='lat' dir='ltr'>cod.</span> <span class='ocrx_word' id='word_1_206' title='bbox 685 1760 825 1833; x_wconf 72' lang='grc' dir='ltr'>ἀκινήτως.</span> <span class='ocrx_word' id='word_1_207' title='bbox 842 1763 907 1808; x_wconf 54' lang='lat'>-3</span> 
     </span>
     <span class='ocr_line' id='line_1_17' title="bbox 127 1842 905 1931; baseline 0.001 -21"><span class='ocrx_word' id='word_1_208' title='bbox 127 1849 328 1925; x_wconf 76' lang='grc' dir='ltr'>ἂμετακινήτως</span> <span class='ocrx_word' id='word_1_209' title='bbox 343 1847 436 1930; x_wconf 81' lang='grc' dir='ltr'>ἔχειν]</span> <span class='ocrx_word' id='word_1_210' title='bbox 453 1851 516 1909; x_wconf 91' lang='lat' dir='ltr'>cod.</span> <span class='ocrx_word' id='word_1_211' title='bbox 538 1850 667 1922; x_wconf 76' lang='grc' dir='ltr'>ἀκινήτως</span> <span class='ocrx_word' id='word_1_212' title='bbox 682 1851 761 1931; x_wconf 83' lang='grc' dir='ltr'>ἔχειν.</span> <span class='ocrx_word' id='word_1_213' title='bbox 783 1861 847 1897; x_wconf 73' lang='lat' dir='ltr'>-e</span> <span class='ocrx_word' id='word_1_214' title='bbox 863 1842 905 1911; x_wconf 76' lang='grc' dir='ltr'>οἷα</span> 
     </span>
     <span class='ocr_line' id='line_1_18' title="bbox 125 1931 905 2018; baseline -0.001 -18"><span class='ocrx_word' id='word_1_215' title='bbox 125 1941 156 2000; x_wconf 75' lang='grc' dir='ltr'>ἂν</span> <span class='ocrx_word' id='word_1_216' title='bbox 180 1945 194 2000; x_wconf 87' lang='grc' dir='ltr'>θ</span> <span class='ocrx_word' id='word_1_217' title='bbox 214 1939 314 2004; x_wconf 84' lang='grc' dir='ltr'>δίκαιος</span> <span class='ocrx_word' id='word_1_218' title='bbox 332 1935 379 2008; x_wconf 82' lang='grc' dir='ltr'><strong>ἢὸ</strong></span> <span class='ocrx_word' id='word_1_219' title='bbox 400 1939 511 2017; x_wconf 86' lang='grc' dir='ltr'>σώφρων</span> <span class='ocrx_word' id='word_1_220' title='bbox 527 1937 634 2018; x_wconf 74' lang='grc' dir='ltr'>πράξῃ]</span> <span class='ocrx_word' id='word_1_221' title='bbox 650 1941 713 2000; x_wconf 91' lang='lat' dir='ltr'>cod.</span> <span class='ocrx_word' id='word_1_222' title='bbox 730 1931 771 1998; x_wconf 80' lang='grc' dir='ltr'>οἶα</span> <span class='ocrx_word' id='word_1_223' title='bbox 788 1940 818 1997; x_wconf 75' lang='grc' dir='ltr'>ἂν</span> <span class='ocrx_word' id='word_1_224' title='bbox 838 1939 905 1999; x_wconf 81' lang='grc' dir='ltr'>ὁδί·</span> 
     </span>
     <span class='ocr_line' id='line_1_19' title="bbox 124 2025 905 2106; baseline -0.003 -17"><span class='ocrx_word' id='word_1_225' title='bbox 124 2051 197 2096; x_wconf 88' lang='grc' dir='ltr'>καιος</span> <span class='ocrx_word' id='word_1_226' title='bbox 215 2027 258 2098; x_wconf 78' lang='grc' dir='ltr'>ήθ</span> <span class='ocrx_word' id='word_1_227' title='bbox 279 2025 389 2106; x_wconf 85' lang='grc' dir='ltr'>σώφρων</span> <span class='ocrx_word' id='word_1_228' title='bbox 417 2025 520 2106; x_wconf 79' lang='grc' dir='ltr'>πράξει.</span> <span class='ocrx_word' id='word_1_229' title='bbox 536 2027 629 2086; x_wconf 85' lang='lat' dir='ltr'>Satius</span> <span class='ocrx_word' id='word_1_230' title='bbox 649 2027 706 2086; x_wconf 90' lang='lat' dir='ltr'>hoc</span> <span class='ocrx_word' id='word_1_231' title='bbox 729 2029 825 2086; x_wconf 86' lang='lat' dir='ltr'>visum</span> <span class='ocrx_word' id='word_1_232' title='bbox 850 2042 905 2103; x_wconf 90' lang='lat' dir='ltr'>est,</span> 
     </span>
     <span class='ocr_line' id='line_1_20' title="bbox 124 2114 905 2199; baseline -0.008 -21"><span class='ocrx_word' id='word_1_233' title='bbox 124 2140 211 2199; x_wconf 88' lang='lat' dir='ltr'>quam</span> <span class='ocrx_word' id='word_1_234' title='bbox 227 2137 264 2176; x_wconf 81' lang='lat' dir='ltr'>ex</span> <span class='ocrx_word' id='word_1_235' title='bbox 279 2117 432 2176; x_wconf 80' lang='lat' dir='ltr'>Aristotele</span> <span class='ocrx_word' id='word_1_236' title='bbox 447 2135 589 2194; x_wconf 85' lang='lat' dir='ltr'>reponere</span> <span class='ocrx_word' id='word_1_237' title='bbox 602 2114 727 2196; x_wconf 84' lang='grc' dir='ltr'>πράξειε,</span> <span class='ocrx_word' id='word_1_238' title='bbox 745 2118 905 2194; x_wconf 71' lang='lat' dir='ltr'>praesertim</span> 
     </span>
     <span class='ocr_line' id='line_1_21' title="bbox 125 2201 902 2285; baseline -0.003 -21"><span class='ocrx_word' id='word_1_239' title='bbox 125 2227 215 2285; x_wconf 87' lang='lat' dir='ltr'>quum</span> <span class='ocrx_word' id='word_1_240' title='bbox 236 2203 349 2262; x_wconf 84' lang='lat' dir='ltr'>librarii</span> <span class='ocrx_word' id='word_1_241' title='bbox 378 2205 410 2262; x_wconf 89' lang='lat' dir='ltr'>in</span> <span class='ocrx_word' id='word_1_242' title='bbox 435 2202 479 2261; x_wconf 87' lang='lat' dir='ltr'>his</span> <span class='ocrx_word' id='word_1_243' title='bbox 505 2203 605 2260; x_wconf 81' lang='lat' dir='ltr'>formis</span> <span class='ocrx_word' id='word_1_244' title='bbox 628 2221 703 2281; x_wconf 82' lang='lat' dir='ltr'>saepe</span> <span class='ocrx_word' id='word_1_245' title='bbox 727 2201 902 2262; x_wconf 81' lang='lat' dir='ltr'>erraverint.</span> 
     </span>
    </p>

    <p class='ocr_par' dir='ltr' id='par_1_6' title="bbox 123 2291 905 2458">
     <span class='ocr_line' id='line_1_22' title="bbox 123 2291 905 2370; baseline -0.001 -18"><span class='ocrx_word' id='word_1_246' title='bbox 123 2296 192 2354; x_wconf 87' lang='lat' dir='ltr'>Vid.</span> <span class='ocrx_word' id='word_1_247' title='bbox 210 2294 366 2352; x_wconf 82' lang='lat' dir='ltr'>Hermann.</span> <span class='ocrx_word' id='word_1_248' title='bbox 386 2291 423 2349; x_wconf 90' lang='lat' dir='ltr'>ad</span> <span class='ocrx_word' id='word_1_249' title='bbox 445 2291 542 2368; x_wconf 82' lang='lat' dir='ltr'>Viger.</span> <span class='ocrx_word' id='word_1_250' title='bbox 558 2312 589 2370; x_wconf 89' lang='lat' dir='ltr'>p.</span> <span class='ocrx_word' id='word_1_251' title='bbox 609 2293 668 2368; x_wconf 83' lang='lat'>819</span> <span class='ocrx_word' id='word_1_252' title='bbox 691 2303 721 2349; x_wconf 89' lang='lat' dir='ltr'>et</span> <span class='ocrx_word' id='word_1_253' title='bbox 736 2291 905 2370; x_wconf 81' lang='lat' dir='ltr'>Bernhardy</span> 
     </span>
     <span class='ocr_line' id='line_1_23' title="bbox 124 2379 449 2458; baseline 0 -2"><span class='ocrx_word' id='word_1_254' title='bbox 124 2381 287 2458; x_wconf 64' lang='lat' dir='ltr'>Suum-1&gt;-</span> <span class='ocrx_word' id='word_1_255' title='bbox 305 2381 374 2457; x_wconf 78' lang='grc'>399·</span> <span class='ocrx_word' id='word_1_256' title='bbox 390 2379 449 2456; x_wconf 90' lang='grc'>-)</span> 
     </span>
    </p>
   </div>
   <div class='ocr_carea' id='block_1_5' title="bbox 272 2571 1602 2808">
    <p class='ocr_par' dir='ltr' id='par_1_7' title="bbox 272 2571 1602 2808">
     <span class='ocr_line' id='line_1_24' title="bbox 454 2571 1397 2653; baseline 0.001 -19"><span class='ocrx_word' id='word_1_257' title='bbox 454 2572 524 2653; x_wconf 84' lang='grc' dir='ltr'>Κεφ.</span> <span class='ocrx_word' id='word_1_258' title='bbox 546 2571 580 2632; x_wconf 78' lang='grc' dir='ltr'>ε’.</span> <span class='ocrx_word' id='word_1_259' title='bbox 1289 2583 1347 2648; x_wconf 78' lang='lat' dir='ltr'>Gap.</span> <span class='ocrx_word' id='word_1_260' title='bbox 1365 2585 1397 2636; x_wconf 78' lang='lat' dir='ltr'>V.</span> 
     </span>
     <span class='ocr_line' id='line_1_25' title="bbox 272 2736 1602 2808; baseline 0.006 -20"><span class='ocrx_word' id='word_1_261' title='bbox 272 2742 330 2791; x_wconf 79' lang='grc' dir='ltr'>Ὀτι</span> <span class='ocrx_word' id='word_1_262' title='bbox 338 2741 383 2800; x_wconf 68' lang='grc' dir='ltr'>ἕξις</span> <span class='ocrx_word' id='word_1_263' title='bbox 392 2741 459 2791; x_wconf 83' lang='grc' dir='ltr'>ἐστὶν</span> <span class='ocrx_word' id='word_1_264' title='bbox 469 2744 485 2801; x_wconf 80' lang='grc' dir='ltr'>ἡ</span> <span class='ocrx_word' id='word_1_265' title='bbox 498 2741 575 2808; x_wconf 70' lang='lat' dir='ltr'>&amp;pat-l</span> <span class='ocrx_word' id='word_1_266' title='bbox 589 2739 631 2790; x_wconf 87' lang='grc' dir='ltr'>καλ</span> <span class='ocrx_word' id='word_1_267' title='bbox 642 2736 754 2804; x_wconf 77' lang='grc' dir='ltr'>μεσότης.</span> <span class='ocrx_word' id='word_1_268' title='bbox 1087 2746 1198 2794; x_wconf 87' lang='lat' dir='ltr'>llabltum</span> <span class='ocrx_word' id='word_1_269' title='bbox 1208 2759 1254 2794; x_wconf 82' lang='lat' dir='ltr'>esee</span> <span class='ocrx_word' id='word_1_270' title='bbox 1265 2749 1372 2796; x_wconf 86' lang='lat' dir='ltr'>virtutem</span> <span class='ocrx_word' id='word_1_271' title='bbox 1380 2752 1404 2796; x_wconf 92' lang='lat' dir='ltr'>et</span> <span class='ocrx_word' id='word_1_272' title='bbox 1414 2749 1602 2798; x_wconf 78' lang='lat' dir='ltr'>mediocritatem.</span> 
     </span>
    </p>
   </div>
   <div class='ocr_carea' id='block_1_6' title="bbox 166 2893 1734 2978">
    <p class='ocr_par' dir='ltr' id='par_1_8' title="bbox 166 2893 1734 2978">
     <span class='ocr_line' id='line_1_26' title="bbox 166 2893 1734 2978; baseline 0.003 -15"><span class='ocrx_word' id='word_1_273' title='bbox 166 2903 193 2930; x_wconf 71' lang='lat'>¹*</span> <span class='ocrx_word' id='word_1_274' title='bbox 204 2901 281 2963; x_wconf 79' lang='grc' dir='ltr'>Μετθ.</span> <span class='ocrx_word' id='word_1_275' title='bbox 296 2901 418 2960; x_wconf 78' lang='grc' dir='ltr'>δὲταῦτα</span> <span class='ocrx_word' id='word_1_276' title='bbox 436 2900 562 2960; x_wconf 83' lang='grc' dir='ltr'>σκεπτέον</span> <span class='ocrx_word' id='word_1_277' title='bbox 577 2898 603 2958; x_wconf 89' lang='grc' dir='ltr'>τί</span> <span class='ocrx_word' id='word_1_278' title='bbox 615 2903 684 2966; x_wconf 77' lang='grc' dir='ltr'>ἔστιν</span> <span class='ocrx_word' id='word_1_279' title='bbox 698 2903 716 2970; x_wconf 81' lang='grc' dir='ltr'>ἡ</span> <span class='ocrx_word' id='word_1_280' title='bbox 731 2895 823 2978; x_wconf 73' lang='grc' dir='ltr'>ἐρατή.</span> <span class='ocrx_word' id='word_1_281' title='bbox 837 2893 907 2976; x_wconf 79' lang='grc' dir='ltr'>Τρία</span> <span class='ocrx_word' id='word_1_282' title='bbox 983 2913 1043 2962; x_wconf 84' lang='lat' dir='ltr'>Post</span> <span class='ocrx_word' id='word_1_283' title='bbox 1058 2911 1114 2961; x_wconf 74' lang='lat' dir='ltr'>brec</span> <span class='ocrx_word' id='word_1_284' title='bbox 1125 2915 1213 2973; x_wconf 86' lang='lat' dir='ltr'>restat,</span> <span class='ocrx_word' id='word_1_285' title='bbox 1237 2915 1266 2961; x_wconf 89' lang='lat' dir='ltr'>ut</span> <span class='ocrx_word' id='word_1_286' title='bbox 1288 2912 1417 2963; x_wconf 83' lang='lat' dir='ltr'>videamus</span> <span class='ocrx_word' id='word_1_287' title='bbox 1438 2914 1500 2978; x_wconf 82' lang='lat' dir='ltr'>quid</span> <span class='ocrx_word' id='word_1_288' title='bbox 1520 2915 1553 2966; x_wconf 76' lang='lat' dir='ltr'>sit</span> <span class='ocrx_word' id='word_1_289' title='bbox 1571 2915 1660 2967; x_wconf 81' lang='lat' dir='ltr'>virtus.</span> <span class='ocrx_word' id='word_1_290' title='bbox 1677 2919 1734 2968; x_wconf 82' lang='lat' dir='ltr'>l&#39;ria</span> 
     </span>
    </p>
   </div>
   <div class='ocr_carea' id='block_1_7' title="bbox 124 2973 1735 3087">
    <p class='ocr_par' dir='ltr' id='par_1_9' title="bbox 124 2973 1735 3087">
     <span class='ocr_line' id='line_1_27' title="bbox 124 2973 1735 3087; baseline -0.01 -51"><span class='ocrx_word' id='word_1_291' title='bbox 124 2992 175 3072; x_wconf 60' lang='grc' dir='ltr'>γάρ</span> <span class='ocrx_word' id='word_1_292' title='bbox 191 2995 247 3051; x_wconf 62' lang='grc' dir='ltr'>ἐστ,</span> <span class='ocrx_word' id='word_1_293' title='bbox 262 2991 295 3049; x_wconf 64' lang='grc' dir='ltr'>,ὰ</span> <span class='ocrx_word' id='word_1_294' title='bbox 307 2993 333 3050; x_wconf 65' lang='grc' dir='ltr'>ρ,</span> <span class='ocrx_word' id='word_1_295' title='bbox 348 3014 381 3070; x_wconf 57' lang='grc' dir='ltr'>,η</span> <span class='ocrx_word' id='word_1_296' title='bbox 397 2993 479 3070; x_wconf 64' lang='grc' dir='ltr'>ψυχῇ.</span> <span class='ocrx_word' id='word_1_297' title='bbox 493 2989 586 3063; x_wconf 58' lang='grc' dir='ltr'>πάθη,</span> <span class='ocrx_word' id='word_1_298' title='bbox 603 2987 740 3061; x_wconf 39' lang='lat' dir='ltr'>ruffum,</span> <span class='ocrx_word' id='word_1_299' title='bbox 756 2985 831 3053; x_wconf 43' lang='grc' dir='ltr'>ἔξω,</span> <span class='ocrx_word' id='word_1_300' title='bbox 952 2973 1021 3087; x_wconf 41' lang='lat' dir='ltr'>{illidi</span> <span class='ocrx_word' id='word_1_301' title='bbox 1031 2977 1090 3023; x_wconf 90' lang='lat' dir='ltr'>sunt</span> <span class='ocrx_word' id='word_1_302' title='bbox 1103 2974 1185 3023; x_wconf 89' lang='lat' dir='ltr'>animo</span> <span class='ocrx_word' id='word_1_303' title='bbox 1194 2973 1270 3024; x_wconf 87' lang='lat' dir='ltr'>insita</span> <span class='ocrx_word' id='word_1_304' title='bbox 1285 2989 1291 3020; x_wconf 85' lang='grc' dir='ltr'>ι</span> <span class='ocrx_word' id='word_1_305' title='bbox 1304 2975 1511 3038; x_wconf 79' lang='lat' dir='ltr'>perturbationes,</span> <span class='ocrx_word' id='word_1_306' title='bbox 1530 2977 1674 3040; x_wconf 80' lang='lat' dir='ltr'>facultates,</span> <span class='ocrx_word' id='word_1_307' title='bbox 1687 2980 1735 3030; x_wconf 79' lang='lat' dir='ltr'>ba.</span> 
     </span>
    </p>
   </div>
   <div class='ocr_carea' id='block_1_8' title="bbox 164 3069 1732 3172">
    <p class='ocr_par' dir='ltr' id='par_1_10' title="bbox 164 3069 1732 3172">
     <span class='ocr_line' id='line_1_28' title="bbox 164 3069 1732 3172; baseline 0.003 -22"><span class='ocrx_word' id='word_1_308' title='bbox 164 3079 354 3152; x_wconf 55' lang='lat' dir='ltr'>“Katadas</span> <span class='ocrx_word' id='word_1_309' title='bbox 369 3077 640 3157; x_wconf 61' lang='grc' dir='ltr'>μὲνῑῑῦῑθὲπῑθυμῖαι</span> <span class='ocrx_word' id='word_1_310' title='bbox 654 3075 730 3156; x_wconf 63' lang='grc' dir='ltr'>ὀργή,</span> <span class='ocrx_word' id='word_1_311' title='bbox 744 3069 908 3156; x_wconf 62' lang='grc' dir='ltr'>φόὸθςιθρᾶ·</span> <span class='ocrx_word' id='word_1_312' title='bbox 983 3097 1225 3172; x_wconf 74' lang='lat' dir='ltr'>Etperturbatioaes</span> <span class='ocrx_word' id='word_1_313' title='bbox 1273 3099 1339 3149; x_wconf 89' lang='lat' dir='ltr'>idem</span> <span class='ocrx_word' id='word_1_314' title='bbox 1359 3104 1416 3150; x_wconf 74' lang='lat' dir='ltr'>stunt</span> <span class='ocrx_word' id='word_1_315' title='bbox 1429 3101 1566 3165; x_wconf 87' lang='lat' dir='ltr'>cupiditas,</span> <span class='ocrx_word' id='word_1_316' title='bbox 1581 3102 1632 3162; x_wconf 86' lang='lat' dir='ltr'>ira,</span> <span class='ocrx_word' id='word_1_317' title='bbox 1648 3106 1732 3163; x_wconf 84' lang='lat' dir='ltr'>timor,</span> 
     </span>
    </p>
   </div>
   <div class='ocr_carea' id='block_1_9' title="bbox 125 3160 1735 3336">
    <p class='ocr_par' dir='ltr' id='par_1_11' title="bbox 125 3160 1735 3336">
     <span class='ocr_line' id='line_1_29' title="bbox 125 3160 1735 3272; baseline -0.008 -44"><span class='ocrx_word' id='word_1_318' title='bbox 125 3193 185 3242; x_wconf 88' lang='grc' dir='ltr'>σος,</span> <span class='ocrx_word' id='word_1_319' title='bbox 210 3170 314 3252; x_wconf 84' lang='grc' dir='ltr'>φθόνος,</span> <span class='ocrx_word' id='word_1_320' title='bbox 337 3169 427 3247; x_wconf 85' lang='grc' dir='ltr'>χαρά,</span> <span class='ocrx_word' id='word_1_321' title='bbox 444 3169 537 3248; x_wconf 91' lang='grc' dir='ltr'>φιλία,</span> <span class='ocrx_word' id='word_1_322' title='bbox 563 3169 648 3245; x_wconf 84' lang='grc' dir='ltr'>μῖσος,</span> <span class='ocrx_word' id='word_1_323' title='bbox 661 3172 673 3200; x_wconf 78' lang='lat'>⁸</span> <span class='ocrx_word' id='word_1_324' title='bbox 691 3165 785 3239; x_wconf 84' lang='grc' dir='ltr'>πόθος,</span> <span class='ocrx_word' id='word_1_325' title='bbox 808 3167 903 3242; x_wconf 76' lang='grc' dir='ltr'>ζῆλος,</span> <span class='ocrx_word' id='word_1_326' title='bbox 952 3160 1063 3272; x_wconf 61' lang='grc' dir='ltr'>φρείατα,</span> <span class='ocrx_word' id='word_1_327' title='bbox 1076 3161 1178 3234; x_wconf 62' lang='lat' dir='ltr'>invidia,</span> <span class='ocrx_word' id='word_1_328' title='bbox 1192 3176 1239 3234; x_wconf 73' lang='lat' dir='ltr'>gau</span> <span class='ocrx_word' id='word_1_329' title='bbox 1259 3162 1318 3220; x_wconf 91' lang='lat' dir='ltr'>ium,</span> <span class='ocrx_word' id='word_1_330' title='bbox 1331 3163 1448 3235; x_wconf 82' lang='lat' dir='ltr'>amicitia,</span> <span class='ocrx_word' id='word_1_331' title='bbox 1460 3164 1553 3238; x_wconf 80' lang='lat' dir='ltr'>odium,</span> <span class='ocrx_word' id='word_1_332' title='bbox 1568 3180 1644 3220; x_wconf 82' lang='lat' dir='ltr'>amor.</span> <span class='ocrx_word' id='word_1_333' title='bbox 1658 3181 1735 3216; x_wconf 73' lang='lat' dir='ltr'>amu·</span> 
     </span>
     <span class='ocr_line' id='line_1_30' title="bbox 130 3222 1735 3336; baseline -0.018 -20"><span class='ocrx_word' id='word_1_334' title='bbox 130 3259 212 3326; x_wconf 79' lang='grc' dir='ltr'>ἔλεος·</span> <span class='ocrx_word' id='word_1_335' title='bbox 236 3255 302 3324; x_wconf 75' lang='grc' dir='ltr'>ὅλως</span> <span class='ocrx_word' id='word_1_336' title='bbox 312 3247 349 3323; x_wconf 77' lang='grc' dir='ltr'>οἷς</span> <span class='ocrx_word' id='word_1_337' title='bbox 361 3257 451 3316; x_wconf 81' lang='grc' dir='ltr'>ἕπεται</span> <span class='ocrx_word' id='word_1_338' title='bbox 462 3257 542 3328; x_wconf 83' lang='grc' dir='ltr'>ἡδονὴ</span> <span class='ocrx_word' id='word_1_339' title='bbox 557 3255 665 3328; x_wconf 75' lang='grc' dir='ltr'>ήλῦττή.</span> <span class='ocrx_word' id='word_1_340' title='bbox 979 3222 1229 3336; x_wconf 54' lang='grc' dir='ltr'>[Ιήήῑὶιιῐεῃλλλίιίλῶλῶῶ1</span> <span class='ocrx_word' id='word_1_341' title='bbox 1256 3228 1281 3276; x_wconf 51' lang='grc' dir='ltr'>ει</span> <span class='ocrx_word' id='word_1_342' title='bbox 1294 3237 1394 3274; x_wconf 82' lang='lat' dir='ltr'>ommno</span> <span class='ocrx_word' id='word_1_343' title='bbox 1405 3239 1434 3275; x_wconf 54' lang='grc' dir='ltr'>ω</span> <span class='ocrx_word' id='word_1_344' title='bbox 1449 3240 1532 3277; x_wconf 68' lang='lat'>⁰¹¹¹¹²¹³</span> <span class='ocrx_word' id='word_1_345' title='bbox 1548 3242 1606 3292; x_wconf 59' lang='grc' dir='ltr'>ΨΜ)</span> <span class='ocrx_word' id='word_1_346' title='bbox 1619 3228 1735 3292; x_wconf 68' lang='lat' dir='ltr'>V⁰¹¹¹Pl³S</span> 
     </span>
    </p>
   </div>
   <div class='ocr_carea' id='block_1_10' title="bbox 120 3298 1770 5025">
    <p class='ocr_par' dir='ltr' id='par_1_12' title="bbox 121 3298 1736 3677">
     <span class='ocr_line' id='line_1_31' title="bbox 164 3298 1735 3425; baseline -0.003 -18"><span class='ocrx_word' id='word_1_347' title='bbox 164 3346 228 3382; x_wconf 76' lang='grc'>****</span> <span class='ocrx_word' id='word_1_348' title='bbox 242 3345 372 3422; x_wconf 80' lang='grc' dir='ltr'>Δυνάμεις</span> <span class='ocrx_word' id='word_1_349' title='bbox 384 3346 411 3404; x_wconf 82' lang='grc' dir='ltr'>δὲ</span> <span class='ocrx_word' id='word_1_350' title='bbox 427 3351 454 3406; x_wconf 90' lang='grc' dir='ltr'>αί</span> <span class='ocrx_word' id='word_1_351' title='bbox 468 3345 531 3425; x_wconf 79' lang='grc' dir='ltr'>πρὸς</span> <span class='ocrx_word' id='word_1_352' title='bbox 541 3351 624 3404; x_wconf 81' lang='grc' dir='ltr'>ταῦτα</span> <span class='ocrx_word' id='word_1_353' title='bbox 636 3342 900 3416; x_wconf 73' lang='grc' dir='ltr'>ἐπιτηδειότητεςτῆς</span> <span class='ocrx_word' id='word_1_354' title='bbox 952 3298 1124 3398; x_wconf 61' lang='grc' dir='ltr'>88(λασιιίθιιῑοε</span> <span class='ocrx_word' id='word_1_355' title='bbox 1143 3349 1227 3398; x_wconf 87' lang='lat' dir='ltr'>autem</span> <span class='ocrx_word' id='word_1_356' title='bbox 1243 3351 1302 3398; x_wconf 87' lang='lat' dir='ltr'>sunt</span> <span class='ocrx_word' id='word_1_357' title='bbox 1313 3348 1456 3401; x_wconf 86' lang='lat' dir='ltr'>habilitates</span> <span class='ocrx_word' id='word_1_358' title='bbox 1472 3351 1587 3416; x_wconf 77' lang='lat' dir='ltr'>quadam</span> <span class='ocrx_word' id='word_1_359' title='bbox 1606 3351 1682 3402; x_wconf 87' lang='lat' dir='ltr'>animi</span> <span class='ocrx_word' id='word_1_360' title='bbox 1695 3351 1735 3403; x_wconf 87' lang='lat' dir='ltr'>his</span> 
     </span>
     <span class='ocr_line' id='line_1_32' title="bbox 121 3423 1736 3515; baseline 0 -23"><span class='ocrx_word' id='word_1_361' title='bbox 121 3435 224 3515; x_wconf 77' lang='grc' dir='ltr'>ψιγῆς,</span> <span class='ocrx_word' id='word_1_362' title='bbox 237 3433 294 3493; x_wconf 87' lang='grc' dir='ltr'>καθ’</span> <span class='ocrx_word' id='word_1_363' title='bbox 309 3433 339 3499; x_wconf 73' lang='grc' dir='ltr'>ἃς</span> <span class='ocrx_word' id='word_1_364' title='bbox 349 3433 490 3505; x_wconf 83' lang='grc' dir='ltr'>παθητικοὶ</span> <span class='ocrx_word' id='word_1_365' title='bbox 504 3433 601 3493; x_wconf 81' lang='grc' dir='ltr'>τούτων</span> <span class='ocrx_word' id='word_1_366' title='bbox 615 3431 754 3509; x_wconf 76' lang='grc' dir='ltr'>λεγώμεθα·</span> <span class='ocrx_word' id='word_1_367' title='bbox 767 3423 831 3506; x_wconf 77' lang='grc' dir='ltr'>οἷον,</span> <span class='ocrx_word' id='word_1_368' title='bbox 848 3430 908 3489; x_wconf 82' lang='grc' dir='ltr'>καθ’</span> <span class='ocrx_word' id='word_1_369' title='bbox 953 3435 1159 3496; x_wconf 80' lang='lat' dir='ltr'>accommodata,</span> <span class='ocrx_word' id='word_1_370' title='bbox 1185 3436 1278 3501; x_wconf 85' lang='lat' dir='ltr'>quibus</span> <span class='ocrx_word' id='word_1_371' title='bbox 1299 3436 1332 3488; x_wconf 88' lang='lat' dir='ltr'>ad</span> <span class='ocrx_word' id='word_1_372' title='bbox 1349 3439 1396 3489; x_wconf 86' lang='lat' dir='ltr'>has</span> <span class='ocrx_word' id='word_1_373' title='bbox 1412 3441 1610 3504; x_wconf 87' lang='lat' dir='ltr'>perturbationes</span> <span class='ocrx_word' id='word_1_374' title='bbox 1621 3441 1736 3505; x_wconf 79' lang='lat' dir='ltr'>propensi</span> 
     </span>
     <span class='ocr_line' id='line_1_33' title="bbox 123 3501 1736 3601; baseline 0.001 -23"><span class='ocrx_word' id='word_1_375' title='bbox 123 3521 155 3587; x_wconf 74' lang='grc' dir='ltr'>ἅς</span> <span class='ocrx_word' id='word_1_376' title='bbox 169 3501 249 3597; x_wconf 71' lang='grc' dir='ltr'>ίσμεν</span> <span class='ocrx_word' id='word_1_377' title='bbox 263 3519 393 3579; x_wconf 70' lang='lat' dir='ltr'>iteraret</span> <span class='ocrx_word' id='word_1_378' title='bbox 408 3522 574 3601; x_wconf 78' lang='grc' dir='ltr'>ὀργισθῆναι,</span> <span class='ocrx_word' id='word_1_379' title='bbox 588 3519 783 3598; x_wconf 81' lang='grc' dir='ltr'>ἢλυπηθῆναι,</span> <span class='ocrx_word' id='word_1_380' title='bbox 797 3517 815 3590; x_wconf 73' lang='grc' dir='ltr'>ἢ</span> <span class='ocrx_word' id='word_1_381' title='bbox 828 3521 906 3592; x_wconf 81' lang='grc' dir='ltr'>ἐλεῆ-</span> <span class='ocrx_word' id='word_1_382' title='bbox 954 3537 1008 3575; x_wconf 87' lang='lat' dir='ltr'>esse</span> <span class='ocrx_word' id='word_1_383' title='bbox 1021 3523 1136 3583; x_wconf 89' lang='lat' dir='ltr'>dicimur,</span> <span class='ocrx_word' id='word_1_384' title='bbox 1149 3527 1296 3589; x_wconf 82' lang='lat' dir='ltr'>niquarum</span> <span class='ocrx_word' id='word_1_385' title='bbox 1310 3526 1419 3590; x_wconf 88' lang='lat' dir='ltr'>impulsu</span> <span class='ocrx_word' id='word_1_386' title='bbox 1433 3528 1473 3578; x_wconf 86' lang='lat' dir='ltr'>vel</span> <span class='ocrx_word' id='word_1_387' title='bbox 1488 3527 1519 3578; x_wconf 86' lang='lat' dir='ltr'>ad</span> <span class='ocrx_word' id='word_1_388' title='bbox 1529 3529 1686 3580; x_wconf 84' lang='lat' dir='ltr'>irascendum</span> <span class='ocrx_word' id='word_1_389' title='bbox 1694 3529 1736 3580; x_wconf 84' lang='lat' dir='ltr'>vel</span> 
     </span>
     <span class='ocr_line' id='line_1_34' title="bbox 122 3613 1641 3677; baseline -0.002 -9"><span class='ocrx_word' id='word_1_390' title='bbox 122 3631 177 3669; x_wconf 86' lang='grc' dir='ltr'>σαι.</span> <span class='ocrx_word' id='word_1_391' title='bbox 608 3633 612 3642; x_wconf 93' lang='grc'><strong><em>·</em></strong></span> <span class='ocrx_word' id='word_1_392' title='bbox 953 3613 985 3664; x_wconf 89' lang='lat' dir='ltr'>ad</span> <span class='ocrx_word' id='word_1_393' title='bbox 999 3613 1133 3664; x_wconf 93' lang='lat' dir='ltr'>dolendum</span> <span class='ocrx_word' id='word_1_394' title='bbox 1143 3613 1183 3663; x_wconf 87' lang='lat' dir='ltr'>vel</span> <span class='ocrx_word' id='word_1_395' title='bbox 1195 3613 1227 3664; x_wconf 92' lang='lat' dir='ltr'>ad</span> <span class='ocrx_word' id='word_1_396' title='bbox 1239 3613 1406 3664; x_wconf 88' lang='lat' dir='ltr'>miserendum</span> <span class='ocrx_word' id='word_1_397' title='bbox 1420 3614 1542 3677; x_wconf 86' lang='lat' dir='ltr'>proclives</span> <span class='ocrx_word' id='word_1_398' title='bbox 1556 3614 1641 3666; x_wconf 82' lang='lat' dir='ltr'>simus.</span> 
     </span>
    </p>

    <p class='ocr_par' dir='ltr' id='par_1_13' title="bbox 121 3694 1770 4310">
     <span class='ocr_line' id='line_1_35' title="bbox 166 3694 1770 3778; baseline -0.004 -18"><span class='ocrx_word' id='word_1_399' title='bbox 166 3695 235 3760; x_wconf 55' lang='lat' dir='ltr'>*tm*</span> <span class='ocrx_word' id='word_1_400' title='bbox 256 3694 346 3766; x_wconf 82' lang='grc' dir='ltr'>Ἕξεις</span> <span class='ocrx_word' id='word_1_401' title='bbox 360 3695 402 3771; x_wconf 79' lang='grc' dir='ltr'>δέ,</span> <span class='ocrx_word' id='word_1_402' title='bbox 419 3700 443 3757; x_wconf 81' lang='grc' dir='ltr'>σί</span> <span class='ocrx_word' id='word_1_403' title='bbox 459 3697 564 3778; x_wconf 88' lang='grc' dir='ltr'>τρόποι,</span> <span class='ocrx_word' id='word_1_404' title='bbox 587 3696 645 3757; x_wconf 86' lang='grc' dir='ltr'>καθ’</span> <span class='ocrx_word' id='word_1_405' title='bbox 658 3695 701 3763; x_wconf 81' lang='grc' dir='ltr'>οθς</span> <span class='ocrx_word' id='word_1_406' title='bbox 719 3695 858 3775; x_wconf 77' lang='grc' dir='ltr'>πάσχομεν</span> <span class='ocrx_word' id='word_1_407' title='bbox 873 3695 907 3756; x_wconf 74' lang='grc' dir='ltr'>τά</span> <span class='ocrx_word' id='word_1_408' title='bbox 984 3703 1092 3754; x_wconf 82' lang='lat' dir='ltr'>Habitus</span> <span class='ocrx_word' id='word_1_409' title='bbox 1105 3717 1164 3754; x_wconf 80' lang='lat' dir='ltr'>vero</span> <span class='ocrx_word' id='word_1_410' title='bbox 1178 3706 1236 3752; x_wconf 93' lang='lat' dir='ltr'>sunt</span> <span class='ocrx_word' id='word_1_411' title='bbox 1252 3703 1328 3762; x_wconf 92' lang='lat' dir='ltr'>modi,</span> <span class='ocrx_word' id='word_1_412' title='bbox 1344 3702 1437 3767; x_wconf 86' lang='lat' dir='ltr'>quibus</span> <span class='ocrx_word' id='word_1_413' title='bbox 1458 3703 1657 3767; x_wconf 88' lang='lat' dir='ltr'>perturbationes</span> <span class='ocrx_word' id='word_1_414' title='bbox 1671 3703 1735 3754; x_wconf 86' lang='lat' dir='ltr'>tole-</span> <span class='ocrx_word' id='word_1_415' title='bbox 1766 3712 1770 3720; x_wconf 86' lang='lat'>&#39;</span> 
     </span>
     <span class='ocr_line' id='line_1_36' title="bbox 121 3775 1734 3868; baseline -0.005 -21"><span class='ocrx_word' id='word_1_416' title='bbox 121 3787 205 3860; x_wconf 86' lang='grc' dir='ltr'>πάθη,</span> <span class='ocrx_word' id='word_1_417' title='bbox 218 3787 334 3859; x_wconf 87' lang='grc' dir='ltr'>δηλονότι</span> <span class='ocrx_word' id='word_1_418' title='bbox 350 3787 379 3845; x_wconf 75' lang='lat' dir='ltr'>ab</span> <span class='ocrx_word' id='word_1_419' title='bbox 394 3787 507 3868; x_wconf 72' lang='grc' dir='ltr'>πάσχειν</span> <span class='ocrx_word' id='word_1_420' title='bbox 520 3785 586 3847; x_wconf 76' lang='grc' dir='ltr'>αὐτὰ</span> <span class='ocrx_word' id='word_1_421' title='bbox 603 3785 716 3856; x_wconf 80' lang='grc' dir='ltr'>καλῶςῆ</span> <span class='ocrx_word' id='word_1_422' title='bbox 732 3789 829 3852; x_wconf 85' lang='grc' dir='ltr'>κακῶς·</span> <span class='ocrx_word' id='word_1_423' title='bbox 845 3775 907 3853; x_wconf 70' lang='grc' dir='ltr'>οἷον,</span> <span class='ocrx_word' id='word_1_424' title='bbox 953 3806 1051 3851; x_wconf 86' lang='lat' dir='ltr'>ramus,</span> <span class='ocrx_word' id='word_1_425' title='bbox 1065 3791 1183 3841; x_wconf 88' lang='lat' dir='ltr'>nimirum</span> <span class='ocrx_word' id='word_1_426' title='bbox 1202 3791 1242 3842; x_wconf 83' lang='lat' dir='ltr'>rel</span> <span class='ocrx_word' id='word_1_427' title='bbox 1255 3791 1317 3841; x_wconf 88' lang='lat' dir='ltr'>bene</span> <span class='ocrx_word' id='word_1_428' title='bbox 1328 3791 1367 3840; x_wconf 85' lang='lat' dir='ltr'>rel</span> <span class='ocrx_word' id='word_1_429' title='bbox 1378 3790 1455 3850; x_wconf 91' lang='lat' dir='ltr'>male,</span> <span class='ocrx_word' id='word_1_430' title='bbox 1470 3791 1547 3840; x_wconf 85' lang='lat' dir='ltr'>voluti</span> <span class='ocrx_word' id='word_1_431' title='bbox 1561 3791 1582 3839; x_wconf 88' lang='lat' dir='ltr'>si</span> <span class='ocrx_word' id='word_1_432' title='bbox 1598 3790 1634 3840; x_wconf 89' lang='lat' dir='ltr'>ila</span> <span class='ocrx_word' id='word_1_433' title='bbox 1649 3789 1734 3840; x_wconf 84' lang='lat' dir='ltr'>allecti</span> 
     </span>
     <span class='ocr_line' id='line_1_37' title="bbox 122 3868 1735 3958; baseline -0.002 -26"><span class='ocrx_word' id='word_1_434' title='bbox 122 3875 187 3954; x_wconf 75' lang='grc' dir='ltr'>πρὸς</span> <span class='ocrx_word' id='word_1_435' title='bbox 197 3875 383 3953; x_wconf 71' lang='grc' dir='ltr'>τὸθργισθήνριι</span> <span class='ocrx_word' id='word_1_436' title='bbox 395 3874 475 3952; x_wconf 80' lang='grc' dir='ltr'>εἰμὲν</span> <span class='ocrx_word' id='word_1_437' title='bbox 487 3879 604 3958; x_wconf 86' lang='grc' dir='ltr'>σφοδρῶς</span> <span class='ocrx_word' id='word_1_438' title='bbox 611 3873 657 3935; x_wconf 84' lang='grc' dir='ltr'>καὶ</span> <span class='ocrx_word' id='word_1_439' title='bbox 670 3876 787 3954; x_wconf 55' lang='grc' dir='ltr'>ἀσχέτως</span> <span class='ocrx_word' id='word_1_440' title='bbox 802 3874 907 3954; x_wconf 79' lang='grc' dir='ltr'>ἔχομεν,</span> <span class='ocrx_word' id='word_1_441' title='bbox 954 3881 1040 3939; x_wconf 78' lang='lat' dir='ltr'>dmus,</span> <span class='ocrx_word' id='word_1_442' title='bbox 1057 3883 1087 3930; x_wconf 93' lang='lat' dir='ltr'>ut</span> <span class='ocrx_word' id='word_1_443' title='bbox 1096 3881 1256 3931; x_wconf 86' lang='lat' dir='ltr'>vehementer</span> <span class='ocrx_word' id='word_1_444' title='bbox 1270 3882 1296 3929; x_wconf 91' lang='lat' dir='ltr'>et</span> <span class='ocrx_word' id='word_1_445' title='bbox 1308 3879 1470 3928; x_wconf 88' lang='lat' dir='ltr'>immoderate</span> <span class='ocrx_word' id='word_1_446' title='bbox 1481 3881 1525 3927; x_wconf 87' lang='lat' dir='ltr'>aut</span> <span class='ocrx_word' id='word_1_447' title='bbox 1536 3882 1622 3928; x_wconf 84' lang='lat' dir='ltr'>eontra</span> <span class='ocrx_word' id='word_1_448' title='bbox 1633 3868 1735 3928; x_wconf 88' lang='lat' dir='ltr'>remisse</span> 
     </span>
     <span class='ocr_line' id='line_1_38' title="bbox 122 3961 1734 4043; baseline -0.001 -22"><span class='ocrx_word' id='word_1_449' title='bbox 122 3961 298 4032; x_wconf 71' lang='grc' dir='ltr'>ἢτοῦναντίον</span> <span class='ocrx_word' id='word_1_450' title='bbox 321 3963 461 4041; x_wconf 78' lang='grc' dir='ltr'>ἆνειμένως</span> <span class='ocrx_word' id='word_1_451' title='bbox 475 3964 520 4024; x_wconf 86' lang='grc' dir='ltr'>καί</span> <span class='ocrx_word' id='word_1_452' title='bbox 534 3967 678 4042; x_wconf 83' lang='grc' dir='ltr'>μαλακῶς,</span> <span class='ocrx_word' id='word_1_453' title='bbox 699 3969 789 4030; x_wconf 88' lang='grc' dir='ltr'>κακῶς</span> <span class='ocrx_word' id='word_1_454' title='bbox 802 3963 907 4043; x_wconf 77' lang='grc' dir='ltr'>ἔχομεν·</span> <span class='ocrx_word' id='word_1_455' title='bbox 954 3973 979 4020; x_wconf 87' lang='lat' dir='ltr'>el</span> <span class='ocrx_word' id='word_1_456' title='bbox 991 3969 1099 4019; x_wconf 87' lang='lat' dir='ltr'>molliter</span> <span class='ocrx_word' id='word_1_457' title='bbox 1117 3969 1262 4030; x_wconf 85' lang='lat' dir='ltr'>irascamur,</span> <span class='ocrx_word' id='word_1_458' title='bbox 1281 3967 1347 4018; x_wconf 91' lang='lat' dir='ltr'>male</span> <span class='ocrx_word' id='word_1_459' title='bbox 1367 3965 1453 4017; x_wconf 87' lang='lat' dir='ltr'>allecti</span> <span class='ocrx_word' id='word_1_460' title='bbox 1472 3980 1579 4018; x_wconf 86' lang='lat' dir='ltr'>sumus:</span> <span class='ocrx_word' id='word_1_461' title='bbox 1601 3968 1640 4018; x_wconf 92' lang='lat' dir='ltr'>sin</span> <span class='ocrx_word' id='word_1_462' title='bbox 1653 3968 1734 4019; x_wconf 91' lang='lat' dir='ltr'>medic</span> 
     </span>
     <span class='ocr_line' id='line_1_39' title="bbox 122 4049 1735 4134; baseline -0.001 -24"><span class='ocrx_word' id='word_1_463' title='bbox 122 4051 293 4129; x_wconf 78' lang='grc' dir='ltr'>εἰθλμίαως,</span> <span class='ocrx_word' id='word_1_464' title='bbox 305 4056 401 4122; x_wconf 84' lang='grc' dir='ltr'>καλῶς·</span> <span class='ocrx_word' id='word_1_465' title='bbox 416 4054 511 4134; x_wconf 82' lang='grc' dir='ltr'>ὁμοίως</span> <span class='ocrx_word' id='word_1_466' title='bbox 525 4054 552 4112; x_wconf 82' lang='lat' dir='ltr'>at</span> <span class='ocrx_word' id='word_1_467' title='bbox 564 4052 682 4133; x_wconf 83' lang='grc' dir='ltr'>καὶπρὸς</span> <span class='ocrx_word' id='word_1_468' title='bbox 697 4049 731 4112; x_wconf 83' lang='grc' dir='ltr'>τθι</span> <span class='ocrx_word' id='word_1_469' title='bbox 746 4053 825 4113; x_wconf 76' lang='grc' dir='ltr'>ἄλλα.</span> <span class='ocrx_word' id='word_1_470' title='bbox 842 4053 907 4112; x_wconf 76' lang='lat' dir='ltr'>Tot·</span> <span class='ocrx_word' id='word_1_471' title='bbox 953 4057 1062 4124; x_wconf 80' lang='lat' dir='ltr'>quodam</span> <span class='ocrx_word' id='word_1_472' title='bbox 1074 4057 1156 4119; x_wconf 93' lang='lat' dir='ltr'>modo,</span> <span class='ocrx_word' id='word_1_473' title='bbox 1169 4060 1237 4108; x_wconf 89' lang='lat' dir='ltr'>recte</span> <span class='ocrx_word' id='word_1_474' title='bbox 1250 4075 1257 4106; x_wconf 78' lang='grc' dir='ltr'>ε</span> <span class='ocrx_word' id='word_1_475' title='bbox 1272 4056 1383 4122; x_wconf 86' lang='lat' dir='ltr'>itemque</span> <span class='ocrx_word' id='word_1_476' title='bbox 1397 4055 1423 4106; x_wconf 92' lang='lat' dir='ltr'>in</span> <span class='ocrx_word' id='word_1_477' title='bbox 1441 4055 1548 4107; x_wconf 81' lang='lat' dir='ltr'>ceteris.</span> <span class='ocrx_word' id='word_1_478' title='bbox 1564 4057 1620 4107; x_wconf 82' lang='lat' dir='ltr'>tam</span> <span class='ocrx_word' id='word_1_479' title='bbox 1632 4071 1692 4108; x_wconf 84' lang='lat' dir='ltr'>vero</span> <span class='ocrx_word' id='word_1_480' title='bbox 1703 4071 1735 4108; x_wconf 82' lang='lat' dir='ltr'>ex</span> 
     </span>
     <span class='ocr_line' id='line_1_40' title="bbox 122 4132 1736 4224; baseline -0.001 -22"><span class='ocrx_word' id='word_1_481' title='bbox 122 4166 174 4202; x_wconf 90' lang='grc' dir='ltr'>των</span> <span class='ocrx_word' id='word_1_482' title='bbox 190 4143 217 4202; x_wconf 80' lang='grc' dir='ltr'>δὲ</span> <span class='ocrx_word' id='word_1_483' title='bbox 236 4147 287 4203; x_wconf 88' lang='grc' dir='ltr'>τῶν</span> <span class='ocrx_word' id='word_1_484' title='bbox 302 4150 399 4224; x_wconf 83' lang='grc' dir='ltr'>τριῶν,</span> <span class='ocrx_word' id='word_1_485' title='bbox 416 4143 442 4204; x_wconf 94' lang='grc' dir='ltr'>τί</span> <span class='ocrx_word' id='word_1_486' title='bbox 457 4149 526 4206; x_wconf 76' lang='grc' dir='ltr'>ἐστιν</span> <span class='ocrx_word' id='word_1_487' title='bbox 541 4149 558 4217; x_wconf 78' lang='grc' dir='ltr'>ἡ</span> <span class='ocrx_word' id='word_1_488' title='bbox 575 4140 675 4222; x_wconf 79' lang='grc' dir='ltr'>ἀρετή,</span> <span class='ocrx_word' id='word_1_489' title='bbox 688 4142 783 4218; x_wconf 87' lang='grc' dir='ltr'>πάθος,</span> <span class='ocrx_word' id='word_1_490' title='bbox 797 4141 814 4215; x_wconf 76' lang='grc' dir='ltr'>ἣ</span> <span class='ocrx_word' id='word_1_491' title='bbox 831 4132 920 4203; x_wconf 48' lang='grc' dir='ltr'>δύνει·Ἰ</span> <span class='ocrx_word' id='word_1_492' title='bbox 952 4149 993 4200; x_wconf 88' lang='lat' dir='ltr'>bis</span> <span class='ocrx_word' id='word_1_493' title='bbox 1007 4148 1088 4199; x_wconf 86' lang='lat' dir='ltr'>tribus</span> <span class='ocrx_word' id='word_1_494' title='bbox 1102 4147 1164 4214; x_wconf 90' lang='lat' dir='ltr'>quid</span> <span class='ocrx_word' id='word_1_495' title='bbox 1182 4150 1221 4200; x_wconf 88' lang='lat' dir='ltr'>est</span> <span class='ocrx_word' id='word_1_496' title='bbox 1232 4147 1333 4200; x_wconf 85' lang='lat' dir='ltr'>virtust</span> <span class='ocrx_word' id='word_1_497' title='bbox 1355 4149 1433 4199; x_wconf 79' lang='lat' dir='ltr'>Estne</span> <span class='ocrx_word' id='word_1_498' title='bbox 1446 4148 1608 4213; x_wconf 87' lang='lat' dir='ltr'>perturbatio,</span> <span class='ocrx_word' id='word_1_499' title='bbox 1629 4147 1736 4201; x_wconf 83' lang='lat' dir='ltr'>facultas</span> 
     </span>
     <span class='ocr_line' id='line_1_41' title="bbox 122 4226 1123 4310; baseline -0.001 -20"><span class='ocrx_word' id='word_1_500' title='bbox 122 4231 293 4310; x_wconf 75' lang='grc' dir='ltr'>μις,ήῖξις;</span> <span class='ocrx_word' id='word_1_501' title='bbox 911 4226 912 4229; x_wconf 29' lang='grc'><strong>“</strong></span> <span class='ocrx_word' id='word_1_502' title='bbox 952 4252 985 4290; x_wconf 86' lang='lat' dir='ltr'>an</span> <span class='ocrx_word' id='word_1_503' title='bbox 1002 4237 1123 4289; x_wconf 87' lang='lat' dir='ltr'>habitusl</span> 
     </span>
    </p>

    <p class='ocr_par' dir='ltr' id='par_1_14' title="bbox 120 4312 1734 5025">
     <span class='ocr_line' id='line_1_42' title="bbox 163 4312 1734 4401; baseline 0.001 -21"><span class='ocrx_word' id='word_1_504' title='bbox 163 4319 242 4349; x_wconf 53' lang='grc' dir='ltr'>*Μ’*</span> <span class='ocrx_word' id='word_1_505' title='bbox 256 4321 344 4388; x_wconf 68' lang='lat' dir='ltr'>licito&lt;</span> <span class='ocrx_word' id='word_1_506' title='bbox 363 4321 410 4400; x_wconf 75' lang='lat' dir='ltr'>ptr</span> <span class='ocrx_word' id='word_1_507' title='bbox 425 4312 469 4382; x_wconf 71' lang='grc' dir='ltr'>οὖν</span> <span class='ocrx_word' id='word_1_508' title='bbox 484 4324 531 4383; x_wconf 79' lang='grc' dir='ltr'>οὐκ</span> <span class='ocrx_word' id='word_1_509' title='bbox 548 4319 619 4382; x_wconf 80' lang='grc' dir='ltr'>ἔστιν</span> <span class='ocrx_word' id='word_1_510' title='bbox 633 4321 693 4384; x_wconf 76' lang='grc' dir='ltr'>οὔτε</span> <span class='ocrx_word' id='word_1_511' title='bbox 708 4325 724 4393; x_wconf 78' lang='grc' dir='ltr'>ἡ</span> <span class='ocrx_word' id='word_1_512' title='bbox 740 4319 834 4401; x_wconf 77' lang='grc' dir='ltr'>άρετή,</span> <span class='ocrx_word' id='word_1_513' title='bbox 848 4318 906 4381; x_wconf 83' lang='grc' dir='ltr'>οὔτε</span> <span class='ocrx_word' id='word_1_514' title='bbox 983 4331 1016 4380; x_wconf 81' lang='lat' dir='ltr'>ut</span> <span class='ocrx_word' id='word_1_515' title='bbox 1027 4327 1182 4394; x_wconf 87' lang='lat' dir='ltr'>perturbatio</span> <span class='ocrx_word' id='word_1_516' title='bbox 1194 4327 1296 4394; x_wconf 86' lang='lat' dir='ltr'>quidem</span> <span class='ocrx_word' id='word_1_517' title='bbox 1305 4342 1351 4379; x_wconf 90' lang='lat' dir='ltr'>nec</span> <span class='ocrx_word' id='word_1_518' title='bbox 1362 4328 1444 4380; x_wconf 79' lang='lat' dir='ltr'>virtus</span> <span class='ocrx_word' id='word_1_519' title='bbox 1455 4331 1508 4388; x_wconf 88' lang='lat' dir='ltr'>est,</span> <span class='ocrx_word' id='word_1_520' title='bbox 1526 4343 1571 4380; x_wconf 90' lang='lat' dir='ltr'>nec</span> <span class='ocrx_word' id='word_1_521' title='bbox 1584 4329 1683 4381; x_wconf 85' lang='lat' dir='ltr'>vitium.</span> <span class='ocrx_word' id='word_1_522' title='bbox 1696 4333 1734 4381; x_wconf 83' lang='lat' dir='ltr'>Ex</span> 
     </span>
     <span class='ocr_line' id='line_1_43' title="bbox 123 4407 1734 4492; baseline 0.002 -25"><span class='ocrx_word' id='word_1_523' title='bbox 123 4407 242 4480; x_wconf 76' lang='grc' dir='ltr'>ἡκακία.</span> <span class='ocrx_word' id='word_1_524' title='bbox 254 4410 331 4470; x_wconf 75' lang='grc' dir='ltr'>Κατὰ</span> <span class='ocrx_word' id='word_1_525' title='bbox 341 4408 388 4488; x_wconf 77' lang='grc' dir='ltr'>μίν</span> <span class='ocrx_word' id='word_1_526' title='bbox 398 4408 450 4492; x_wconf 80' lang='grc' dir='ltr'>γλιρ</span> <span class='ocrx_word' id='word_1_527' title='bbox 458 4407 607 4489; x_wconf 76' lang='grc' dir='ltr'>τήνάρετήν</span> <span class='ocrx_word' id='word_1_528' title='bbox 618 4410 754 4471; x_wconf 82' lang='grc' dir='ltr'>σπουδαῖοι</span> <span class='ocrx_word' id='word_1_529' title='bbox 765 4407 905 4487; x_wconf 76' lang='grc' dir='ltr'>λεγώμεθα,</span> <span class='ocrx_word' id='word_1_530' title='bbox 952 4417 1046 4469; x_wconf 83' lang='lat' dir='ltr'>virtute</span> <span class='ocrx_word' id='word_1_531' title='bbox 1059 4418 1125 4469; x_wconf 92' lang='lat' dir='ltr'>enim</span> <span class='ocrx_word' id='word_1_532' title='bbox 1140 4417 1197 4468; x_wconf 90' lang='lat' dir='ltr'>boni</span> <span class='ocrx_word' id='word_1_533' title='bbox 1211 4432 1265 4469; x_wconf 88' lang='lat' dir='ltr'>esse</span> <span class='ocrx_word' id='word_1_534' title='bbox 1277 4417 1392 4477; x_wconf 85' lang='lat' dir='ltr'>dicimur,</span> <span class='ocrx_word' id='word_1_535' title='bbox 1413 4431 1445 4468; x_wconf 85' lang='lat' dir='ltr'>ex</span> <span class='ocrx_word' id='word_1_536' title='bbox 1462 4417 1525 4468; x_wconf 80' lang='lat' dir='ltr'>vitio</span> <span class='ocrx_word' id='word_1_537' title='bbox 1541 4418 1618 4469; x_wconf 86' lang='lat' dir='ltr'>mali:</span> <span class='ocrx_word' id='word_1_538' title='bbox 1635 4434 1666 4470; x_wconf 84' lang='lat' dir='ltr'>ex</span> <span class='ocrx_word' id='word_1_539' title='bbox 1677 4433 1734 4483; x_wconf 85' lang='lat' dir='ltr'>per-</span> 
     </span>
     <span class='ocr_line' id='line_1_44' title="bbox 123 4497 1734 4580; baseline 0.001 -24"><span class='ocrx_word' id='word_1_540' title='bbox 123 4497 171 4556; x_wconf 83' lang='grc' dir='ltr'>καλ</span> <span class='ocrx_word' id='word_1_541' title='bbox 184 4497 253 4558; x_wconf 79' lang='grc' dir='ltr'>κατίι</span> <span class='ocrx_word' id='word_1_542' title='bbox 276 4498 323 4570; x_wconf 73' lang='grc' dir='ltr'>τήν</span> <span class='ocrx_word' id='word_1_543' title='bbox 342 4498 438 4558; x_wconf 88' lang='grc' dir='ltr'>κακίαν</span> <span class='ocrx_word' id='word_1_544' title='bbox 455 4501 556 4580; x_wconf 76' lang='grc' dir='ltr'>φαῦλοι·</span> <span class='ocrx_word' id='word_1_545' title='bbox 578 4501 647 4559; x_wconf 83' lang='grc' dir='ltr'>κατθι</span> <span class='ocrx_word' id='word_1_546' title='bbox 661 4500 688 4559; x_wconf 80' lang='lat' dir='ltr'>tt</span> <span class='ocrx_word' id='word_1_547' title='bbox 704 4499 737 4558; x_wconf 86' lang='grc' dir='ltr'>τθι</span> <span class='ocrx_word' id='word_1_548' title='bbox 753 4497 840 4572; x_wconf 90' lang='grc' dir='ltr'>πάθη,</span> <span class='ocrx_word' id='word_1_549' title='bbox 860 4501 907 4558; x_wconf 83' lang='grc' dir='ltr'>οὐ·</span> <span class='ocrx_word' id='word_1_550' title='bbox 951 4507 1134 4558; x_wconf 82' lang='lat' dir='ltr'>turbationibus</span> <span class='ocrx_word' id='word_1_551' title='bbox 1158 4520 1217 4558; x_wconf 85' lang='lat' dir='ltr'>vero</span> <span class='ocrx_word' id='word_1_552' title='bbox 1240 4507 1358 4558; x_wconf 89' lang='lat' dir='ltr'>minime:</span> <span class='ocrx_word' id='word_1_553' title='bbox 1378 4507 1470 4571; x_wconf 77' lang='lat' dir='ltr'>quippe</span> <span class='ocrx_word' id='word_1_554' title='bbox 1495 4521 1567 4558; x_wconf 91' lang='lat' dir='ltr'>nemo</span> <span class='ocrx_word' id='word_1_555' title='bbox 1594 4509 1638 4557; x_wconf 89' lang='lat' dir='ltr'>aut</span> <span class='ocrx_word' id='word_1_556' title='bbox 1654 4506 1734 4557; x_wconf 87' lang='lat' dir='ltr'>malus</span> 
     </span>
     <span class='ocr_line' id='line_1_45' title="bbox 122 4585 1734 4668; baseline 0.001 -24"><span class='ocrx_word' id='word_1_557' title='bbox 122 4585 223 4662; x_wconf 83' lang='grc' dir='ltr'>δαμῶς·</span> <span class='ocrx_word' id='word_1_558' title='bbox 238 4585 320 4655; x_wconf 72' lang='grc' dir='ltr'>οὐδεὶς</span> <span class='ocrx_word' id='word_1_559' title='bbox 337 4587 389 4666; x_wconf 73' lang='grc' dir='ltr'>γὰρ</span> <span class='ocrx_word' id='word_1_560' title='bbox 404 4587 533 4668; x_wconf 78' lang='grc' dir='ltr'>φαῦλοςή</span> <span class='ocrx_word' id='word_1_561' title='bbox 557 4591 698 4656; x_wconf 85' lang='grc' dir='ltr'>σπουδαῖος</span> <span class='ocrx_word' id='word_1_562' title='bbox 720 4587 763 4646; x_wconf 75' lang='grc' dir='ltr'>διὰ</span> <span class='ocrx_word' id='word_1_563' title='bbox 783 4587 860 4665; x_wconf 82' lang='grc' dir='ltr'>μόνον</span> <span class='ocrx_word' id='word_1_564' title='bbox 872 4587 902 4647; x_wconf 78' lang='lat' dir='ltr'>rb</span> <span class='ocrx_word' id='word_1_565' title='bbox 950 4595 1055 4656; x_wconf 77' lang='lat' dir='ltr'>dioetnr,</span> <span class='ocrx_word' id='word_1_566' title='bbox 1077 4599 1122 4647; x_wconf 85' lang='lat' dir='ltr'>aut</span> <span class='ocrx_word' id='word_1_567' title='bbox 1142 4597 1239 4659; x_wconf 86' lang='lat' dir='ltr'>bonus,</span> <span class='ocrx_word' id='word_1_568' title='bbox 1258 4599 1381 4660; x_wconf 82' lang='lat' dir='ltr'>quatenus</span> <span class='ocrx_word' id='word_1_569' title='bbox 1396 4598 1493 4645; x_wconf 87' lang='lat' dir='ltr'>tantum</span> <span class='ocrx_word' id='word_1_570' title='bbox 1516 4595 1632 4644; x_wconf 87' lang='lat' dir='ltr'>irascitur</span> <span class='ocrx_word' id='word_1_571' title='bbox 1651 4609 1657 4643; x_wconf 86' lang='grc' dir='ltr'>ι</span> <span class='ocrx_word' id='word_1_572' title='bbox 1675 4607 1734 4658; x_wconf 78' lang='lat' dir='ltr'>crgo</span> 
     </span>
     <span class='ocr_line' id='line_1_46' title="bbox 121 4672 1734 4756; baseline -0.005 -16"><span class='ocrx_word' id='word_1_573' title='bbox 121 4672 279 4751; x_wconf 66' lang='grc' dir='ltr'>ὄργίζῑσθαι·</span> <span class='ocrx_word' id='word_1_574' title='bbox 296 4679 313 4746; x_wconf 79' lang='grc' dir='ltr'>ἡ</span> <span class='ocrx_word' id='word_1_575' title='bbox 332 4676 411 4754; x_wconf 76' lang='grc' dir='ltr'>ἀρετὴ</span> <span class='ocrx_word' id='word_1_576' title='bbox 425 4677 491 4756; x_wconf 78' lang='grc' dir='ltr'>ἄρα,</span> <span class='ocrx_word' id='word_1_577' title='bbox 506 4677 523 4748; x_wconf 82' lang='grc' dir='ltr'>ἢ</span> <span class='ocrx_word' id='word_1_578' title='bbox 536 4681 553 4748; x_wconf 76' lang='grc' dir='ltr'>ἡ</span> <span class='ocrx_word' id='word_1_579' title='bbox 568 4680 664 4754; x_wconf 86' lang='grc' dir='ltr'>κακία,</span> <span class='ocrx_word' id='word_1_580' title='bbox 679 4682 726 4738; x_wconf 83' lang='grc' dir='ltr'>οθκ</span> <span class='ocrx_word' id='word_1_581' title='bbox 737 4677 794 4737; x_wconf 71' lang='grc' dir='ltr'>ἔστι</span> <span class='ocrx_word' id='word_1_582' title='bbox 810 4679 902 4744; x_wconf 85' lang='grc' dir='ltr'>πάθος.</span> <span class='ocrx_word' id='word_1_583' title='bbox 951 4684 1033 4734; x_wconf 85' lang='lat' dir='ltr'>virtus</span> <span class='ocrx_word' id='word_1_584' title='bbox 1044 4687 1088 4733; x_wconf 88' lang='lat' dir='ltr'>aut</span> <span class='ocrx_word' id='word_1_585' title='bbox 1100 4683 1190 4733; x_wconf 80' lang='lat' dir='ltr'>vitium</span> <span class='ocrx_word' id='word_1_586' title='bbox 1204 4687 1305 4734; x_wconf 88' lang='lat' dir='ltr'>nonest</span> <span class='ocrx_word' id='word_1_587' title='bbox 1318 4683 1479 4748; x_wconf 87' lang='lat' dir='ltr'>perturbatio.</span> <span class='ocrx_word' id='word_1_588' title='bbox 1496 4685 1619 4732; x_wconf 78' lang='lat' dir='ltr'>Praeterea</span> <span class='ocrx_word' id='word_1_589' title='bbox 1632 4696 1664 4732; x_wconf 84' lang='lat' dir='ltr'>ex</span> <span class='ocrx_word' id='word_1_590' title='bbox 1676 4695 1734 4746; x_wconf 80' lang='lat' dir='ltr'>por·</span> 
     </span>
     <span class='ocr_line' id='line_1_47' title="bbox 120 4755 1734 4848; baseline 0.002 -30"><span class='ocrx_word' id='word_1_591' title='bbox 120 4755 196 4835; x_wconf 82' lang='grc' dir='ltr'>Ἔτι,</span> <span class='ocrx_word' id='word_1_592' title='bbox 208 4761 277 4820; x_wconf 85' lang='grc' dir='ltr'>κατθι</span> <span class='ocrx_word' id='word_1_593' title='bbox 293 4763 340 4839; x_wconf 78' lang='grc' dir='ltr'>μὲν</span> <span class='ocrx_word' id='word_1_594' title='bbox 354 4763 388 4822; x_wconf 84' lang='grc' dir='ltr'>τθι</span> <span class='ocrx_word' id='word_1_595' title='bbox 402 4765 474 4835; x_wconf 79' lang='grc' dir='ltr'>πάθη</span> <span class='ocrx_word' id='word_1_596' title='bbox 487 4765 546 4824; x_wconf 80' lang='grc' dir='ltr'>οὔτε</span> <span class='ocrx_word' id='word_1_597' title='bbox 562 4764 737 4845; x_wconf 80' lang='grc' dir='ltr'>ίπαινοιίμεθα</span> <span class='ocrx_word' id='word_1_598' title='bbox 750 4765 808 4826; x_wconf 83' lang='grc' dir='ltr'>οὔτε</span> <span class='ocrx_word' id='word_1_599' title='bbox 822 4765 904 4848; x_wconf 81' lang='grc' dir='ltr'>ψεγθ·</span> <span class='ocrx_word' id='word_1_600' title='bbox 950 4772 1135 4823; x_wconf 88' lang='lat' dir='ltr'>turbationibus</span> <span class='ocrx_word' id='word_1_601' title='bbox 1148 4785 1194 4823; x_wconf 86' lang='lat' dir='ltr'>nec</span> <span class='ocrx_word' id='word_1_602' title='bbox 1208 4771 1339 4822; x_wconf 90' lang='lat' dir='ltr'>laudamur</span> <span class='ocrx_word' id='word_1_603' title='bbox 1353 4785 1398 4822; x_wconf 90' lang='lat' dir='ltr'>nec</span> <span class='ocrx_word' id='word_1_604' title='bbox 1414 4771 1592 4836; x_wconf 83' lang='lat' dir='ltr'>vituperamur,</span> <span class='ocrx_word' id='word_1_605' title='bbox 1608 4785 1638 4821; x_wconf 81' lang='lat' dir='ltr'>cx</span> <span class='ocrx_word' id='word_1_606' title='bbox 1652 4771 1734 4822; x_wconf 85' lang='lat' dir='ltr'>virtu-</span> 
     </span>
     <span class='ocr_line' id='line_1_48' title="bbox 123 4851 1734 4934; baseline 0.004 -28"><span class='ocrx_word' id='word_1_607' title='bbox 123 4854 207 4925; x_wconf 88' lang='grc' dir='ltr'>μεθα,</span> <span class='ocrx_word' id='word_1_608' title='bbox 225 4851 294 4910; x_wconf 72' lang='grc' dir='ltr'>κατὰ</span> <span class='ocrx_word' id='word_1_609' title='bbox 312 4852 339 4912; x_wconf 76' lang='grc' dir='ltr'>δὲ</span> <span class='ocrx_word' id='word_1_610' title='bbox 362 4852 408 4920; x_wconf 71' lang='grc' dir='ltr'>τὰς</span> <span class='ocrx_word' id='word_1_611' title='bbox 423 4853 517 4934; x_wconf 72' lang='grc' dir='ltr'>ἀρετὰς</span> <span class='ocrx_word' id='word_1_612' title='bbox 537 4854 554 4928; x_wconf 76' lang='grc' dir='ltr'><strong>ἦ</strong></span> <span class='ocrx_word' id='word_1_613' title='bbox 575 4857 670 4924; x_wconf 88' lang='grc' dir='ltr'>κακίας</span> <span class='ocrx_word' id='word_1_614' title='bbox 693 4855 902 4934; x_wconf 79' lang='grc' dir='ltr'>ἐπαινούμεθαή</span> <span class='ocrx_word' id='word_1_615' title='bbox 951 4864 1020 4914; x_wconf 86' lang='lat' dir='ltr'>tibus</span> <span class='ocrx_word' id='word_1_616' title='bbox 1043 4865 1127 4914; x_wconf 89' lang='lat' dir='ltr'>autem</span> <span class='ocrx_word' id='word_1_617' title='bbox 1146 4865 1190 4913; x_wconf 89' lang='lat' dir='ltr'>aut</span> <span class='ocrx_word' id='word_1_618' title='bbox 1204 4861 1272 4914; x_wconf 80' lang='lat' dir='ltr'>viliis</span> <span class='ocrx_word' id='word_1_619' title='bbox 1287 4853 1418 4912; x_wconf 87' lang='lat' dir='ltr'>laudamur</span> <span class='ocrx_word' id='word_1_620' title='bbox 1435 4865 1479 4910; x_wconf 90' lang='lat' dir='ltr'>aut</span> <span class='ocrx_word' id='word_1_621' title='bbox 1492 4862 1670 4925; x_wconf 84' lang='lat' dir='ltr'>vituperamur.</span> <span class='ocrx_word' id='word_1_622' title='bbox 1691 4865 1734 4913; x_wconf 90' lang='lat' dir='ltr'>ln-</span> 
     </span>
     <span class='ocr_line' id='line_1_49' title="bbox 124 4937 1733 5025; baseline 0.003 -29"><span class='ocrx_word' id='word_1_623' title='bbox 124 4937 511 5022; x_wconf 74' lang='grc' dir='ltr'>ψεγόμεθα.Ἕτιθργιζόμιθα</span> <span class='ocrx_word' id='word_1_624' title='bbox 522 4942 569 5019; x_wconf 83' lang='grc' dir='ltr'>μὲν</span> <span class='ocrx_word' id='word_1_625' title='bbox 579 4944 624 5003; x_wconf 81' lang='grc' dir='ltr'>καί</span> <span class='ocrx_word' id='word_1_626' title='bbox 634 4943 785 5025; x_wconf 76' lang='grc' dir='ltr'>φοὸοθμεθα</span> <span class='ocrx_word' id='word_1_627' title='bbox 794 4948 904 5024; x_wconf 66' lang='lat' dir='ltr'>tepea·</span> <span class='ocrx_word' id='word_1_628' title='bbox 950 4965 1025 5016; x_wconf 90' lang='lat' dir='ltr'>super</span> <span class='ocrx_word' id='word_1_629' title='bbox 1046 4951 1179 5002; x_wconf 86' lang='lat' dir='ltr'>irascimur</span> <span class='ocrx_word' id='word_1_630' title='bbox 1205 4954 1231 5002; x_wconf 90' lang='lat' dir='ltr'>et</span> <span class='ocrx_word' id='word_1_631' title='bbox 1259 4951 1378 5001; x_wconf 88' lang='lat' dir='ltr'>timemus</span> <span class='ocrx_word' id='word_1_632' title='bbox 1406 4949 1559 5010; x_wconf 87' lang='lat' dir='ltr'>inconsulto,</span> <span class='ocrx_word' id='word_1_633' title='bbox 1588 4949 1733 5016; x_wconf 77' lang='lat' dir='ltr'>caterispuc</span> 
     </span>
    </p>
   </div>
   <div class='ocr_carea' id='block_1_11' title="bbox 121 5183 1730 5396">
    <p class='ocr_par' dir='ltr' id='par_1_15' title="bbox 121 5183 1730 5396">
     <span class='ocr_line' id='line_1_50' title="bbox 161 5183 1730 5260; baseline 0.005 -25"><span class='ocrx_word' id='word_1_634' title='bbox 161 5183 175 5212; x_wconf 89' lang='lat'>*</span> <span class='ocrx_word' id='word_1_635' title='bbox 196 5184 253 5236; x_wconf 77' lang='lat' dir='ltr'>&#39;All‘</span> <span class='ocrx_word' id='word_1_636' title='bbox 264 5187 286 5237; x_wconf 86' lang='lat' dir='ltr'>ol</span> <span class='ocrx_word' id='word_1_637' title='bbox 298 5187 382 5239; x_wconf 87' lang='grc' dir='ltr'>πολλοὶ</span> <span class='ocrx_word' id='word_1_638' title='bbox 403 5193 482 5241; x_wconf 81' lang='grc' dir='ltr'>ταῦτα</span> <span class='ocrx_word' id='word_1_639' title='bbox 501 5190 543 5256; x_wconf 68' lang='grc' dir='ltr'>μὲν</span> <span class='ocrx_word' id='word_1_640' title='bbox 556 5190 585 5242; x_wconf 83' lang='grc' dir='ltr'>οὗ</span> <span class='ocrx_word' id='word_1_641' title='bbox 597 5191 747 5260; x_wconf 81' lang='grc' dir='ltr'>πράττουσιν</span> <span class='ocrx_word' id='word_1_642' title='bbox 766 5193 820 5247; x_wconf 86' lang='grc' dir='ltr'>κτλ.</span> <span class='ocrx_word' id='word_1_643' title='bbox 831 5225 862 5237; x_wconf 92' lang='grc'><strong>-</strong></span> <span class='ocrx_word' id='word_1_644' title='bbox 873 5193 900 5222; x_wconf 73' lang='lat'>”¹</span> <span class='ocrx_word' id='word_1_645' title='bbox 916 5192 976 5260; x_wconf 80' lang='lat' dir='ltr'>Gap.</span> <span class='ocrx_word' id='word_1_646' title='bbox 988 5196 1011 5246; x_wconf 80' lang='grc' dir='ltr'>θ.</span> <span class='ocrx_word' id='word_1_647' title='bbox 1023 5195 1085 5260; x_wconf 81' lang='grc' dir='ltr'>μετὰ</span> <span class='ocrx_word' id='word_1_648' title='bbox 1097 5194 1123 5246; x_wconf 80' lang='lat' dir='ltr'>at</span> <span class='ocrx_word' id='word_1_649' title='bbox 1137 5199 1216 5247; x_wconf 82' lang='grc' dir='ltr'>ταῦτα</span> <span class='ocrx_word' id='word_1_650' title='bbox 1236 5195 1290 5248; x_wconf 88' lang='grc' dir='ltr'>κτλ.</span> <span class='ocrx_word' id='word_1_651' title='bbox 1306 5219 1338 5234; x_wconf 89' lang='grc'><strong>-</strong></span> <span class='ocrx_word' id='word_1_652' title='bbox 1350 5193 1391 5223; x_wconf 76' lang='lat'>***</span> <span class='ocrx_word' id='word_1_653' title='bbox 1408 5193 1479 5258; x_wconf 77' lang='grc' dir='ltr'>θίγω</span> <span class='ocrx_word' id='word_1_654' title='bbox 1496 5192 1522 5243; x_wconf 83' lang='lat' dir='ltr'>ut</span> <span class='ocrx_word' id='word_1_655' title='bbox 1533 5191 1598 5254; x_wconf 84' lang='grc' dir='ltr'>πάθη</span> <span class='ocrx_word' id='word_1_656' title='bbox 1612 5193 1656 5258; x_wconf 72' lang='grc' dir='ltr'>μὲν</span> <span class='ocrx_word' id='word_1_657' title='bbox 1677 5197 1730 5245; x_wconf 80' lang='grc' dir='ltr'>κτ).</span> 
     </span>
     <span class='ocr_line' id='line_1_51' title="bbox 121 5255 1701 5342; baseline 0.004 -36"><span class='ocrx_word' id='word_1_658' title='bbox 121 5255 175 5281; x_wconf 75' lang='grc'>““</span> <span class='ocrx_word' id='word_1_659' title='bbox 193 5258 310 5323; x_wconf 79' lang='grc' dir='ltr'>Δυνάμεις</span> <span class='ocrx_word' id='word_1_660' title='bbox 321 5261 348 5310; x_wconf 80' lang='lat' dir='ltr'>tt</span> <span class='ocrx_word' id='word_1_661' title='bbox 357 5258 412 5310; x_wconf 78' lang='grc' dir='ltr'>καθ’</span> <span class='ocrx_word' id='word_1_662' title='bbox 423 5263 451 5320; x_wconf 82' lang='grc' dir='ltr'>ἃς</span> <span class='ocrx_word' id='word_1_663' title='bbox 459 5265 511 5314; x_wconf 88' lang='grc' dir='ltr'>κτλ.</span> <span class='ocrx_word' id='word_1_664' title='bbox 524 5289 561 5326; x_wconf 22' lang='lat'>¹-</span> <span class='ocrx_word' id='word_1_665' title='bbox 577 5265 645 5295; x_wconf 63' lang='lat' dir='ltr'>*m*</span> <span class='ocrx_word' id='word_1_666' title='bbox 660 5264 737 5326; x_wconf 73' lang='grc' dir='ltr'>Ἕξεις</span> <span class='ocrx_word' id='word_1_667' title='bbox 750 5268 793 5330; x_wconf 80' lang='grc' dir='ltr'>δέ,</span> <span class='ocrx_word' id='word_1_668' title='bbox 806 5266 859 5318; x_wconf 81' lang='grc' dir='ltr'>καθ’</span> <span class='ocrx_word' id='word_1_669' title='bbox 875 5266 946 5325; x_wconf 67' lang='lat' dir='ltr'>bault</span> <span class='ocrx_word' id='word_1_670' title='bbox 955 5265 1020 5329; x_wconf 76' lang='grc' dir='ltr'>πάθη</span> <span class='ocrx_word' id='word_1_671' title='bbox 1029 5267 1116 5335; x_wconf 80' lang='grc' dir='ltr'>ἔχομεν</span> <span class='ocrx_word' id='word_1_672' title='bbox 1125 5270 1177 5319; x_wconf 86' lang='grc' dir='ltr'>κτλ.</span> <span class='ocrx_word' id='word_1_673' title='bbox 1189 5289 1221 5306; x_wconf 91' lang='lat'>···</span> <span class='ocrx_word' id='word_1_674' title='bbox 1231 5265 1318 5342; x_wconf 34' lang='lat' dir='ltr'>fimf„</span> <span class='ocrx_word' id='word_1_675' title='bbox 1330 5265 1398 5326; x_wconf 82' lang='grc' dir='ltr'>Πάθη</span> <span class='ocrx_word' id='word_1_676' title='bbox 1410 5265 1453 5331; x_wconf 70' lang='grc' dir='ltr'>μὲν</span> <span class='ocrx_word' id='word_1_677' title='bbox 1466 5263 1508 5315; x_wconf 81' lang='grc' dir='ltr'>οθν</span> <span class='ocrx_word' id='word_1_678' title='bbox 1520 5265 1565 5316; x_wconf 80' lang='grc' dir='ltr'>οὐκ</span> <span class='ocrx_word' id='word_1_679' title='bbox 1578 5266 1639 5316; x_wconf 80' lang='lat' dir='ltr'>tlcls</span> <span class='ocrx_word' id='word_1_680' title='bbox 1649 5267 1701 5315; x_wconf 88' lang='grc' dir='ltr'>κτλ.</span> 
     </span>
     <span class='ocr_line' id='line_1_52' title="bbox 216 5349 1640 5396; baseline 0.004 -8"><span class='ocrx_word' id='word_1_681' title='bbox 216 5351 309 5393; x_wconf 78' lang='lat' dir='ltr'>unitos.</span> <span class='ocrx_word' id='word_1_682' title='bbox 326 5352 403 5396; x_wconf 71' lang='lat' dir='ltr'>tuuc.</span> <span class='ocrx_word' id='word_1_683' title='bbox 421 5355 457 5394; x_wconf 87' lang='grc' dir='ltr'>ιιι.</span> <span class='ocrx_word' id='word_1_684' title='bbox 995 5375 997 5381; x_wconf 65' lang='grc'><em>»</em></span> <span class='ocrx_word' id='word_1_685' title='bbox 1608 5349 1640 5396; x_wconf 73' lang='grc'>22</span> 
     </span>
    </p>
   </div>
   <div class='ocr_carea' id='block_1_12' title="bbox 0 0 1972 5956">
    <p class='ocr_par' dir='ltr' id='par_1_16' title="bbox 0 0 1972 5956">
     <span class='ocr_line' id='line_1_53' title="bbox 0 0 1972 5956; baseline 0 0"><span class='ocrx_word' id='word_1_686' title='bbox 0 0 1972 5956; x_wconf 95' lang='lat' dir='ltr'> </span> 
     </span>
    </p>
   </div>
  </div>
 </body>
</html>
