3938 5968
435 304 439 312 '
466 310 722 400 arniconun'
742 312 1084 402 niconlunn'onun
1106 343 1388 411 rnnlrnunsrs.

130 462 157 520 αλ
170 463 202 534 δὴ
216 462 284 522 κατδ
295 463 489 538 ταύταςῆδοναλ
503 466 573 534 τίνος
583 462 634 526 εἰσί
645 465 652 502 ¹
668 467 798 548 γενέσεις;
810 469 912 537 ούδενδς

128 553 178 633 γλιρ
202 551 288 612 ἔνδεια
301 557 327 613 ε’ν
350 555 436 621 αὐτοῖς
452 555 636 636 προηγήσατο,
650 549 679 615 οὗ
693 554 787 633 γένοιτ’
802 555 835 615 δν
851 561 915 618 ἀνα·

127 641 279 722 πλήρωσις·
296 642 352 702 ὅθεν
367 643 493 724 φανερόν,
517 644 559 704 ὅτι
581 647 629 706 οὑκ
647 644 718 705 ἔστιν
734 649 752 718 ἡ
768 645 849 720 ἡδονὴ
868 647 914 728 γέ-

16 755 20 766 ’
127 753 206 798 litim.

166 820 179 845 ¹¹
194 818 306 900 Ἕτεροι
322 818 350 881 δὲ
363 821 463 890 ἀξιοῦσι
475 821 512 900 μὴ
534 813 603 882 εἶναι
617 821 665 896 τλν
681 821 777 896 ἡδονὴν
798 823 913 904 ἀγαθόν,

126 909 299 992 προφέροντες
314 911 360 979 τδις
375 912 568 981 ε’πσνειδίστσυς
590 917 642 974 τῶν
657 914 767 985 ἡδονῶν.
786 915 857 997 lipia
870 916 914 987 οὓς

125 1001 208 1058 ε’κεῖνο
223 1001 351 1078 λέγομεν,
370 1001 410 1060 δτι
422 1003 470 1060 οὐκ
485 1001 540 1061 ἔστι
554 1007 638 1062 ταῦτα
655 1002 736 1077 ἡδέα,
752 1001 769 1060 δ
783 1013 836 1072 τοῖς
849 1004 914 1086 φαύ-

125 1089 180 1156 λοις
193 1090 259 1162 ἡδέα
283 1091 370 1150 δοκεῖ·
397 1090 493 1172 οὐγὰρ
519 1093 542 1150 εἰ
564 1093 617 1160 τοῖς
631 1089 720 1160 κακῶς
741 1093 914 1172 διακειμένοις

124 1175 189 1246 ἡδέα
209 1177 295 1238 ταῦτά
314 1181 398 1252 ἐστιν,
417 1179 519 1251 οἰητέον
533 1179 586 1254 ἤδη
602 1181 669 1240 αιἰτδι
685 1179 729 1240 καί
741 1180 807 1252 ἡδέα
823 1182 913 1251 ἁπλῶς

124 1254 206 1340 εἶναι,
221 1267 290 1327 ἀλλὰ
301 1265 402 1336 τούτοις
419 1269 496 1346 μόνον
518 1270 596 1341 ἡδέα·
610 1269 730 1348 καθάπερ
741 1269 798 1330 οὐδὲ
810 1269 844 1330 τὰ
859 1272 912 1341 τοῖς

123 1353 267 1432 κσίμνουσιν
282 1357 397 1436 ύγιεινό,
409 1357 426 1429 ’λ
439 1359 539 1435 γλυκέα
553 1358 570 1432 ἢ
589 1357 670 1438 πικρία
688 1358 779 1426 ἁπλῶς
791 1361 906 1438 ίιγιεινιί,
920 1417 922 1420 .

123 1441 272 1521 Ιλγλυκέα,
299 1445 368 1504 ἀλλδι
388 1447 490 1515 αὐτοῖς·
508 1446 565 1506 ἐπεὶ
584 1447 642 1507 οὐδὲ
664 1447 746 1506 λευκὰ
767 1446 857 1516 ἅπλῶς
877 1449 911 1509 rt

123 1534 268 1613 φαινόμενα
291 1540 344 1604 τοῖς
365 1538 532 1618 ὀφθαλμιῶσι
553 1537 651 1596 λευκοί·
674 1535 784 1618 φανερὸν
810 1536 853 1610 δή,
870 1537 909 1596 δτι

123 1622 362 1684 criticicastros
390 1629 441 1683 τῶν
461 1623 546 1704 λόγων
563 1625 657 1694 δόξειεν
684 1623 749 1696 &rui
764 1625 845 1698 ἡδονὴ
871 1628 908 1705 μὴ

122 1711 222 1791 ἀγαθὸν
242 1701 318 1776 εἶναι.
335 1715 461 1776 Μάλιστα
477 1715 525 1792 μὲν
539 1717 598 1796 γόρ,
616 1715 656 1775 δτι
671 1716 718 1774 οὐκ
734 1714 800 1774 εἰσιν
815 1717 908 1788 ἡδοναὶ

121 1803 149 1856 αἱ
165 1800 239 1878 παρδ
250 1811 303 1870 τοῖς
318 1806 460 1886 μοχθηροῖς
474 1803 566 1876 ἡδοναί
581 1824 588 1838 ·
610 1803 713 1878 ἔπειτα,
741 1806 763 1863 εί
777 1803 823 1864 καλ
844 1807 907 1866 ταύ-

123 1911 167 1954 τας
196 1891 291 1963 ἠδονδις
318 1883 385 1952 εἶναι
411 1893 544 1970 δώσομεν,
572 1893 630 1951 ἀλλ’
654 1893 703 1952 οὐκ
727 1891 839 1972 ἀνάγκη,
865 1895 908 1954 διὰ

124 1982 200 2036 τοῦτο
228 1979 276 2052 mir
303 1982 398 2054 ἡδονὴν
434 1983 523 2048 ἁπλῶς
553 1981 655 2063 φαύλην
691 1972 771 2042 εἶναι·
800 1983 830 2042 ού
857 1984 909 2066 γδιρ

121 2065 169 2140 μία
192 2069 292 2141 totila
307 2071 387 2144 ἡδονὴ
411 2075 449 2152 τῷ
462 2071 540 2144 εἴδει,
567 2070 636 2130 illd
663 2071 769 2134 πολλαί.
790 2072 904 2134 Καλοῦ-

121 2151 163 2211 δὲν
188 2159 284 2217 κωλύει
303 2159 349 2225 τδις
375 2160 422 2238 μὲν
450 2160 549 2242 φαύλας
564 2149 650 2238 εἶναι,
678 2159 725 2227 τδις
742 2160 768 2219 δὲ
788 2162 904 2237 ἀγαθός·

121 2243 208 2324 ἕτεραι
225 2245 276 2330 γδιρ
303 2251 331 2307 αί
357 2249 410 2308 ἀπὸ
438 2254 490 2310 τῶν
515 2251 603 2310 καλῶν
627 2248 672 2308 καὶ
701 2251 844 2309 ἐπαινετῶν
872 2255 904 2324 ἡ-

121 2333 206 2411 δοναί,
222 2336 268 2394 καί
295 2337 374 2398 ἄλλαι
398 2341 426 2397 αἱ
451 2341 502 2399 ἀπὸ
517 2342 568 2398 τῶν
592 2340 707 2419 αἰσχρῶν
720 2362 726 2376 ·
741 2339 787 2397 καί
816 2342 843 2399 αί
859 2340 906 2417 μὲν

121 2423 234 2496 ἀγαθαί,
248 2427 275 2482 αἱ
297 2425 323 2484 δλ
338 2427 457 2505 φτυιιταί.
472 2427 578 2508 Ὥσπερ
590 2427 620 2486 τδ
646 2428 767 2487 πλουτεῖν
789 2426 807 2500 ἢ
822 2431 906 2508 ὑγιαί·

119 2531 190 2566 νειν·
206 2511 261 2571 ἔστι
284 2512 335 2597 γδιρ
359 2517 479 2576 πλουτεῖν
506 2519 593 2583 καλῶς
615 2515 748 2592 κτώμενον
776 2516 833 2575 ὅθεν
849 2519 904 2577 ἀδι·

120 2607 206 2659 κεῖται
220 2607 241 2637 ⁰¹
261 2604 357 2680 bridric,
377 2605 423 2665 καλ
454 2605 523 2666 ἔστιν
545 2608 661 2686 αἰσχρῶς
687 2607 821 2680 πλουτεῖν,
843 2631 906 2686 προ-

120 2689 198 2748 δόντα
208 2690 255 2764 τὴν
266 2695 358 2754 ἑαυτοῦ
372 2695 488 2775 πατρίδα
503 2695 521 2768 ἢ
537 2693 827 2774 ἐξανδραποδισάμενον
842 2696 901 2765 τοὺς

119 2777 247 2847 οἰκείους·
262 2779 308 2840 καὶ
323 2781 395 2842 ἔστιν
415 2783 538 2863 ὑγιαίνειν
555 2784 643 2852 καλῶς
669 2785 822 2865 ἀνθρωπικῇ
836 2786 903 2844 διαί-

118 2888 152 2944 τῃ
168 2867 320 2946 χρώμενον,
336 2870 380 2930 καὶ
402 2875 499 2944 κακῶς,
521 2872 583 2931 ὅταν
598 2874 648 2954 οὐχ
676 2871 733 2932 ὅθεν
748 2875 789 2933 δεῖ
800 2874 906 2946 κτησώ-

121 2960 189 3027 μεθα
209 2955 256 3027 τὴν
272 2959 383 3036 ὑγίειαν·
399 2959 445 3018 καλ
457 2959 500 3018 ἐπὶ
518 2963 570 3020 τῶν
596 2959 684 3020 ἄλλων
702 2960 836 3029 ὡσαύτως.
851 2963 904 3023 Τὸν

120 3043 242 3118 αὐτόνδὴ
264 3049 359 3128 τρόπον
376 3049 420 3108 ἐπὶ
443 3055 494 3111 τῶν
520 3051 629 3122 ἡδονῶν.
657 3051 710 3112 Καλ
740 3049 807 3119 ὅλως
821 3052 907 3134 ἔτεραί

1681 360 1744 417 ’547

963 479 1077 542 sperandi
1088 484 1114 532 et
1124 484 1270 536 recordandi
1280 488 1422 552 voluptates
1431 492 1502 554 cujus
1514 492 1613 543 undem
1627 495 1663 544 rei
1677 500 1747 548 ortus

962 570 1037 618 sunt?
1060 570 1155 622 nullius
1173 573 1239 624 enim
1258 573 1294 625 rei
1321 579 1425 640 penuria
1440 579 1466 630 in
1485 579 1516 629 iis
1537 586 1678 646 antegressa
1699 591 1746 647 esi,

961 656 1033 720 cujus
1052 660 1161 724 expletio
1186 668 1379 728 consequatur:
1401 667 1467 718 uude
1492 673 1569 734 patet,
1593 673 1747 738 voluptatem

962 757 1010 795 non
1020 759 1074 798 asse
1086 752 1178 800 ortum.

995 835 1042 884 lllil
1060 852 1147 902 rursus
1166 844 1257 904 negant
1278 842 1432 908 voluptatem
1452 847 1546 900 bonum
1560 865 1627 912 esse,
1648 854 1748 918 probro

961 927 995 978 sis
1014 926 1186 991 voluptatibus
1206 929 1233 979 λιι
1256 931 1367 982 medium
1390 936 1479 989 allatis.
1505 939 1601 998 Quibus
1622 942 1685 994 illucl
1707 959 1748 994 rc-

961 1015 1119 1080 spandemus,
1130 1029 1239 1069 nouesse
1250 1018 1305 1069 baec
1310 1021 1428 1085 jucunda,
1443 1040 1500 1090 quaa
1509 1027 1627 1093 improbis
1638 1032 1747 1096 jucunda

961 1103 1094 1156 rideantur
1107 1125 1112 1154 ι
1127 1119 1176 1156 uon
1192 1106 1257 1156 enim
1267 1109 1287 1158 si
1301 1109 1444 1164 hominibus
1457 1115 1521 1167 male
1535 1117 1747 1184 aflectisjucnmla

961 1205 990 1242 ea
1008 1194 1079 1251 sunt,
1094 1193 1208 1257 protinus
1222 1195 1336 1248 absolute
1348 1200 1459 1264 jucunda
1479 1218 1533 1256 esse
1554 1207 1747 1260 existimandum

960 1283 1006 1338 est,
1030 1280 1132 1332 sedhic
1152 1285 1250 1334 tautum
1270 1285 1402 1350 jucunda:
1427 1276 1637 1357 quemadmodum
1652 1313 1698 1350 nec
1718 1315 1747 1350 ua

960 1373 1084 1433 quaesunt
1097 1371 1170 1435 aegris
1178 1373 1294 1435 salubria,
1306 1379 1489 1434 autdulciaaut
1499 1399 1591 1446 amara,
1602 1387 1747 1454 simpliciter

960 1459 1079 1520 salubria,
1090 1464 1135 1510 aut
1149 1460 1231 1512 dulcia
1241 1469 1307 1526 sunt,
1321 1469 1534 1537 sedipsiazquum
1543 1489 1573 1526 ue
1580 1477 1636 1528 alba
1645 1479 1747 1544 quidem

961 1549 1107 1614 simpliciter
1118 1549 1175 1612 sint,
1189 1566 1247 1618 quea
1254 1555 1415 1620 lippientibus
1426 1561 1484 1612 alba
1492 1563 1609 1616 ridentur
1624 1569 1722 1618 :manif
1734 1595 1747 1607 -

960 1643 1027 1691 stum
1038 1639 1115 1703 igitur
1124 1645 1170 1702 ast,
1178 1643 1363 1710 nubisquidem
1375 1650 1512 1703 rationibus
1521 1655 1620 1719 probari
1632 1657 1746 1723 volupta-

960 1731 1069 1780 lemnon
1082 1742 1136 1780 essa
1154 1730 1254 1784 bouum.
1270 1735 1381 1788 Primum
1400 1739 1515 1804 quidem,
1532 1743 1592 1808 quia
1606 1745 1748 1811 voluptates

961 1833 1010 1868 uon
1022 1823 1089 1878 sunt,
1103 1833 1161 1884 quaa
1172 1821 1291 1887 improbis
1299 1825 1416 1878 videntur
1430 1849 1435 1879 :
1447 1829 1544 1892 deinde,
1560 1833 1619 1898 quia
1632 1834 1691 1886 licet
1701 1835 1747 1886 bas

959 1907 1047 1957 demus
1062 1908 1203 1974 voluptates
1217 1925 1277 1973 csse,
1290 1919 1434 1968 nontamen
1448 1924 1578 1986 proplerea
1588 1937 1689 1974 necesse
1698 1929 1744 1985 est,

960 1995 1113 2060 voluptatem
1128 1996 1242 2050 absolute
1256 2003 1347 2053 malam
1363 2019 1417 2057 csse
1436 2023 1534 2074 :neque
1548 2011 1614 2062 enim
1628 2026 1677 2062 una
1691 2027 1747 2078 spe-

959 2084 996 2134 eie
1016 2087 1055 2134 esi
1068 2085 1191 2152 voluptas,
1212 2091 1256 2141 sed
1277 2093 1371 2145 multra.
1392 2097 1479 2161 Neque
1499 2099 1639 2166 quidquam
1652 2103 1744 2163 obstat,

957 2173 1091 2236 quominus
1103 2175 1158 2226 alim
1170 2178 1255 2242 malae,
1269 2179 1324 2230 alim
1335 2181 1406 2233 bona
1421 2185 1471 2235 sint
1481 2207 1487 2237 :
1499 2187 1617 2240 nimirum
1634 2190 1689 2242 aliae
1701 2207 1747 2240 νο-

958 2260 1066 2324 luptales
1084 2268 1143 2333 sunt
1164 2279 1222 2329 quaa
1236 2280 1267 2318 ex
1290 2269 1365 2321 rebus
1390 2273 1501 2324 honestis
1517 2280 1542 2326 el
1563 2277 1742 2339 laudabilibus.

958 2350 1013 2400 aliu
1031 2365 1088 2416 quae
1102 2365 1133 2402 ex
1150 2355 1265 2419 turpibus
1278 2361 1303 2407 et
1316 2359 1444 2422 flagitiosis
1458 2363 1590 2427 capiuntur
1603 2387 1609 2416 ι
1623 2368 1746 2433 siquidem

957 2437 1013 2488 alica
1023 2437 1101 2496 bona.
1116 2441 1171 2492 aliae
1187 2441 1309 2508 fugienda
1325 2453 1390 2500 suut.
1400 2450 1477 2501 Velut
1489 2451 1594 2505 divitem
1603 2459 1648 2506 aut
1657 2471 1745 2512 sanum

958 2541 1012 2578 csse
1027 2548 1033 2579 ι
1046 2532 1129 2593 potest
1146 2531 1212 2582 enim
1227 2533 1280 2585 lieri
1295 2540 1324 2586 ut
1339 2537 1430 2603 aliquis
1445 2540 1497 2592 siue
1517 2542 1594 2594 ullius
1617 2545 1707 2609 injuria
1719 2561 1746 2598 se

958 2617 1131 2682 collocupletet
1144 2624 1170 2671 et
1187 2621 1410 2690 divitiasquaerat,
1431 2633 1513 2694 potest
1530 2635 1556 2682 et
1571 2632 1634 2693 lieri,
1649 2637 1678 2685 ut
1690 2639 1745 2685 tur-

958 2707 1023 2772 piter
1039 2709 1130 2774 aliquis
1149 2726 1201 2763 rem
1225 2713 1372 2768 familiarem
1390 2724 1493 2783 augeat,
1510 2721 1652 2786 sipatriam
1674 2740 1744 2776 suam

960 2797 1049 2860 prodat
1059 2802 1103 2849 aut
1118 2801 1270 2867 propinquos
1284 2805 1310 2855 in
1322 2807 1468 2859 servitutem
1478 2810 1589 2874 redigat:
1600 2813 1635 2863 sic
1643 2817 1669 2864 et
1679 2819 1745 2866 recle

958 2886 1094 2938 valetudini
1114 2891 1206 2940 servire
1218 2895 1299 2956 potest
1314 2895 1439 2960 aliquis,si
1448 2898 1546 2950 victum
1558 2903 1654 2966 quoutl
1664 2904 1744 2955 solent

959 2969 1073 3022 homines
1086 2973 1212 3034 adhibeat,
1224 2979 1329 3040 simale,
1338 2981 1359 3032 si
1371 2996 1421 3032 non
1431 2983 1496 3034 unde
1502 2987 1599 3048 oportet
1606 2986 1743 3038 valetudini

958 3072 1057 3122 operam
1067 3061 1130 3112 det:
1150 3064 1286 3131 eodemque
1301 3070 1376 3120 modo
1395 3073 1420 3122 in
1436 3072 1539 3138 reliquis
1550 3075 1632 3124 rebus.
1650 3076 1744 3126 Eadem

119 3134 171 3189 εἰσι
184 3135 221 3190 τῶ
230 3133 304 3208 εἴδει,
316 3137 361 3196 καλ
374 3140 421 3198 οὐκ
436 3139 506 3200 ἔστιν
522 3144 634 3212 ἡσθῆναι
652 3139 701 3213 τὴν
712 3146 758 3200 τοῦ
776 3147 902 3219 μουσικοῦ
959 3161 1032 3212 porro
1043 3154 1068 3200 et
1079 3152 1236 3217 voluptatum
1250 3157 1313 3208 ratio
1326 3163 1372 3211 est.
1390 3161 1452 3212 sunl
1466 3163 1531 3213 enlm
1546 3164 1647 3215 omniuo
1662 3167 1744 3231 specie

118 3193 214 3294 ἡδονήύ
222 3271 230 3297 ,
243 3224 280 3301 μὴ
297 3225 360 3285 ὄντα
377 3228 511 3305 μουσικόν,
528 3227 603 3299 ητλν
616 3235 662 3288 τοῦ
677 3229 778 3290 δικαίου
792 3229 831 3308 μὴ
843 3230 906 3290 ὄντα
959 3237 1072 3300 diversas,
1080 3242 1149 3292 verbi
1160 3257 1241 3304 carisa,
1251 3247 1380 3312 voluptate
1389 3251 1477 3302 musici
1488 3251 1537 3303 frui
1543 3255 1638 3320 nequit,
1646 3257 1689 3320 qui
1695 3271 1744 3308 non

119 3308 235 3370 δίκαιον·
250 3312 306 3374 ὅθεν
322 3309 447 3396 φανερόν,
463 3317 503 3377 ὅτι
527 3316 594 3391 ἄλλη
624 3319 680 3377 ἔστι
695 3322 733 3398 τῷ
752 3317 814 3378 είδει
828 3325 845 3393 ἡ
861 3327 905 3380 τοῦ
958 3327 990 3376 sit
1003 3329 1120 3389 musicus,
1138 3334 1268 3396 satiasti,
1284 3337 1327 3401 qui
1338 3352 1387 3388 non
1399 3340 1525 3402 sitiustus
1542 3343 1627 3396 :unde
1642 3349 1744 3410 apparet

119 3407 246 3474 μουσικοῦ
274 3405 366 3478 ἡδονή,
397 3405 443 3465 καί
467 3408 535 3478 ἄλλη
561 3407 770 3480 barisbacurius·
792 3408 838 3468 καί
861 3408 904 3467 ἐπὶ
960 3417 1033 3468 aliam
1051 3420 1199 3484 specieessa
1213 3426 1310 3485 musici,
1326 3429 1471 3493 aliamjnsli
1486 3435 1659 3501 voluptatem:
1674 3437 1744 3488 simi-

116 3490 170 3545 τῶν
183 3488 270 3548 ἄλλων
285 3493 388 3568 ὁμοίως.
410 3497 451 3554 Οὐ
462 3495 546 3553 τοίνυν
558 3499 579 3554 εἰ
595 3501 611 3566 ἡ
632 3499 684 3555 τῶν
697 3495 804 3577 φαύλων
824 3495 905 3570 ἡδονὴ
933 3509 934 3512 ’
959 3506 1066 3572 literque
1077 3510 1102 3559 in
1115 3512 1218 3576 reliquis
1228 3515 1311 3568 rebus.
1324 3521 1405 3576 Quare
1417 3520 1615 3587 siimproborum
1628 3527 1744 3591 voluptas

117 3576 215 3648 κακόν,
233 3578 285 3650 ἤδη
302 3581 390 3648 ἅπλῶς
404 3587 420 3654 ἡ
441 3583 522 3656 ἡδονὴ
540 3583 649 3664 φευκτόν
662 3589 742 3644 ἔστιν.
958 3601 996 3646 est
1014 3598 1115 3658 malum,
1131 3615 1180 3651 non
1192 3603 1309 3654 continuo
1328 3607 1444 3672 voluptas
1454 3625 1555 3674 prorsus
1565 3613 1682 3678 fugienda
1695 3619 1740 3666 est.

158 3659 405 3727 “Ἔτιδὲκα“ισίπδ
417 3673 463 3742 τῆς
484 3671 607 3752 διαφορᾶς
616 3677 662 3730 τοῦ
679 3672 788 3740 κόλακος
800 3673 845 3732 καί
858 3680 903 3734 τοῦ
986 3685 1052 3742 Quin
1074 3685 1148 3736 etiam
1170 3702 1184 3737 a
1211 3689 1351 3744 differentia
1370 3695 1506 3748 adulatoris
1526 3703 1551 3750 ct
1575 3702 1648 3752 amici
1670 3704 1743 3754 rolu-

117 3751 193 3831 φίλου
219 3754 266 3826 τὴν
289 3756 384 3828 ἡδονὴν
405 3757 489 3819 ἐδόκει
514 3759 552 3836 μὴ
586 3751 653 3820 εἶναι
667 3759 773 3838 ἀγαθόν.
799 3759 834 3822 ‘0
855 3764 902 3840 μὲν
955 3767 1049 3827 ptalem
1062 3780 1111 3816 non
1125 3769 1277 3820 essebonum
1290 3778 1399 3838 apparet.
1415 3778 1513 3828 Etenim
1531 3780 1647 3831 adulator
1659 3796 1742 3848 repre-

116 3841 168 3922 γὰρ
188 3842 268 3912 κόλαξ
292 3845 417 3928 ,γίγεωὴ
441 3847 480 3906 φτ,
501 3849 562 3930 πρὸς
585 3847 680 3920 ἡφωγ,
712 3849 809 3926 qum,
832 3854 846 3908 ὁ
875 3851 901 3913 δὲ
956 3845 1079 3905 benditur,
1110 3848 1177 3912 quod,
1201 3864 1299 3902 omnem
1324 3853 1452 3906 bominum
1476 3861 1687 3912 conversationem
1709 3865 1741 3914 ad

116 3929 190 4008 φγγος
217 3933 379 4012 φωνεῖται,
403 3935 443 3994 gu
468 3939 505 4013 μγ
520 3936 584 4016 πρὸς
606 3933 720 4008 φδ,,,γ,,
746 3935 814 3995 ἀλλὰ
838 3938 902 4016 πρὸς
956 3930 1110 3994 uoluptatem
1133 3935 1223 3994 relerl;
1248 3939 1274 3985 at
1295 3935 1390 4024 amicus
1415 3936 1540 3997 laudatur,
1556 3940 1624 4004 quod
1644 3956 1692 3991 non
1709 3943 1741 4032 acl

117 4021 241 4092 ἀλήθειαν
264 4025 308 4082 καὶ
333 4025 362 4083 τὸ
391 4029 499 4104 ἀγαθόν,
522 4029 603 4091 Ὅθεν
633 4033 705 4094 δοκεῖ
726 4036 900 4115 συνάγεσθαι,
956 4010 1118 4072 voluptatem,
1141 4011 1184 4059 scd
1205 4011 1238 4061 arl
1262 4016 1393 4063 veritatem
1414 4017 1439 4063 el
1457 4015 1549 4067 bonum
1577 4033 1630 4069 eam
1654 4021 1740 4070 trabat.

115 4105 163 4176 τὴν
188 4109 284 4183 ἡδονὴν
314 4113 487 4175 ἐπονείδιστον
516 4107 594 4180 εἶναι.
621 4121 663 4181 Οὐ
692 4129 770 4184 τοῦτο
796 4124 823 4185 δὲ
850 4125 904 4186 ἀπὸ

115 4193 215 4254 τούτων
242 4201 398 4279 συνάγεται,
425 4205 494 4266 ἀλλὰ
520 4209 620 4283 μᾶλλον
646 4209 686 4270 ὅτι
710 4213 829 4296 διάφοροί
852 4217 902 4274 εἶσι

115 4287 153 4364 τῷ
165 4285 230 4345 εἴδει
248 4293 275 4348 αί
289 4291 398 4362 ἡδοναί·
422 4295 498 4367 καὶὴ
519 4295 566 4372 μὲν
582 4289 746 4380 ἐπαινεῖται,
762 4309 779 4375 ἡ
796 4303 823 4363 δὲ
843 4305 903 4364 έπο·

116 4373 240 4443 νείδιστός
253 4379 333 4441 ἔστιν.
343 4378 408 4440 Ὅτι
420 4381 471 4464 γὰρ
494 4383 540 4442 καὶ
557 4387 570 4443 δ
585 4386 657 4468 φίλος
680 4390 743 4463 ἡδύς
758 4394 842 4468 ἐστιν,
857 4394 901 4453 καί

115 4463 211 4535 ἡδονὴν
224 4464 280 4546 ἔχει
297 4472 335 4550 τῷ
348 4469 415 4551 φίλῳ
430 4519 437 4550 ,
453 4471 492 4541 τίς
507 4476 609 4554 ἀγνοεῖ,
630 4480 738 4561 φανερδν
755 4482 850 4556 τοίνυν,
862 4481 902 4541 ότι

115 4551 195 4623 ἡδονή
210 4555 267 4613 ε’στι
279 4563 332 4624 τοῖς
342 4565 444 4618 συνοῦσι
459 4560 522 4641 παρ’
539 4563 675 4646 ἐκατέρου.
694 4568 773 4642 Καλή
791 4569 838 4647 μὲν
856 4575 901 4630 τοῶ

55 4647 60 4661 ’
114 4638 227 4710 κόλακος
241 4642 431 4719 διαόόλλεται,
445 4650 593 4713 ἐπαινεῖται
605 4653 632 4712 δὲ
646 4663 663 4729 ἡ
680 4661 727 4716 τοῦ
743 4658 831 4738 φίλου.

956 4087 1023 4138 Unde
1041 4089 1113 4153 sequi
1131 4089 1239 4151 videtur,
1262 4091 1406 4156 probrosam
1424 4109 1478 4145 esse
1491 4097 1653 4162 voluptatem.
1668 4101 1741 4159 Quod

952 4171 1036 4218 tamen
1055 4167 1157 4218 minime
1176 4183 1206 4218 cx
1227 4169 1266 4220 bis
1286 4171 1420 4236 subigitur,
1438 4174 1482 4225 sed
1497 4176 1580 4240 potius
1600 4179 1740 4242 voluptates

954 4256 1036 4320 specie
1061 4255 1125 4305 inter
1144 4266 1170 4303 se
1193 4249 1295 4302 differre
1320 4252 1466 4319 :aliamque
1487 4255 1643 4317 laudabilem,
1666 4259 1740 4310 aliam

953 4337 1095 4399 probmsam
1114 4346 1174 4384 esse.
1198 4331 1296 4396 Quippe
1313 4331 1421 4383 amicum
1441 4336 1467 4384 et
1482 4334 1621 4398 jucundum
1643 4351 1697 4390 ease
1715 4343 1739 4389 et

952 4419 1061 4486 aliquam
1073 4421 1152 4472 amico
1172 4417 1261 4472 aliene
1279 4416 1440 4480 voluptatem,
1456 4417 1514 4482 quis
1527 4418 1734 4482 ignoratimani-

951 4501 1043 4556 festum
1057 4506 1133 4569 igitur
1144 4509 1189 4562 cst,
1206 4507 1340 4566 utrumque
1362 4499 1527 4552 familiaribus
1544 4502 1654 4567 aliquam
1670 4517 1738 4555 com·

951 4600 1038 4651 parare
1066 4590 1227 4654 voluptatem.
1257 4589 1378 4647 Quocirca
1411 4585 1527 4650 voluptas
1558 4586 1591 4636 ab
1610 4585 1739 4638 adulatore

951 4675 1051 4736 accepta
1071 4673 1270 4738 reprehenditur.
1289 4674 1321 4724 ab
1334 4672 1412 4722 amico
1429 4669 1504 4719 allala
1516 4669 1680 4720 collaudatur.

154 4727 218 4790 Ἔτι
226 4731 253 4789 δὲ
263 4733 307 4791 καλ
318 4737 415 4794 ἐκεῖθεν
427 4739 601 4802 ἐπονείδιστον
616 4735 796 4821 εἶναιέδόκειὴ
807 4746 897 4820 ἡδονή.
983 4751 1105 4802 Prfflierffl
1121 4756 1147 4802 Θῑ
1169 4767 1198 4804 θῠ
1214 4753 1313 4803 Πῦῐῐιῑῦθ
1328 4747 1530 4849 ΓθΡλθίῙθῃίθῃᾱξ
1541 4762 1594 4798 ⁰⁸⁵⁸
1605 4749 1737 4850 Vid‘f'ffiffl'

118 4818 233 4900 Καλγδιρ
249 4824 329 4891 οὐδεὶς
346 4822 378 4882 διν
395 4825 553 4890 έλυιτονοῧν
568 4830 636 4912 ἔχων
659 4835 768 4908 ἥδεσθαι
783 4837 827 4898 διὰ
844 4836 900 4916 βίου
950 4835 1072 4900 ῪΟῙΙΙΡῑὸθ·
1100 4839 1192 4902 Nempe
1211 4853 1283 4890 ”⁰¹⁰⁰
1299 4837 1407 4904 findens
1431 4840 1485 4888 ²⁰¹⁸
1502 4841 1555 4886 ”¹³
1573 4839 1738 4940 eplissisllbus

116 4905 230 4976 τὴντῶν
254 4911 364 4973 παιδίων
391 4916 487 4988 ἡδονὴν
513 4919 695 5002 διανοούμενος
716 4925 762 4985 καλ
783 4925 900 5007 χαίρων,
950 4924 1139 4989 ΰθὲίῑλῑῖθῦλῧῦἓ
1158 4931 1184 4978 θλ
1202 4928 1306 4992 bautlii&
1332 4927 1424 4993 quibus
1443 4940 1577 5026 P¹¹0f⁰f¹¹¹J1
1595 4941 1736 5026 immine*

115 4993 206 5077 ῶσπερ
216 4999 312 5076 ίκεῖνα,
323 5003 377 5062 οὐδ’
385 5004 451 5064 ἄλλο
462 5016 508 5065 τι“
523 5011 633 5090 αἰσχρὸν
648 5017 744 5090 ποιεῖν,
755 5015 798 5074 ἵνα
812 5015 901 5086 ἥδοιτο
948 5011 1056 5076 nentur,
1081 5015 1234 5079 V0¹¹¹Pl³ifffl
1259 5030 1345 5081 capere
1369 5015 1436 5074 veliis
1465 5018 1509 5064 ⁸¹¹1
1530 5013 1598 5064 “¹¹⁰⁶
1616 5015 1736 5078 flitmum

114 5139 1732 5190 ᾓ-Ἣ-

149 5237 161 5262 *
176 5240 242 5304 Πρδς
255 5241 281 5291 δι
294 5243 350 5300 τοὺς
361 5245 525 5310 προφέροντας
539 5249 592 5298 κτλ,
608 5271 639 5284 -
650 5247 678 5276 **
696 5247 848 5314 Ἐμρανίιειν
860 5253 886 5303 δὲ
903 5254 972 5305 δοκεῖ
987 5256 1029 5304 καὶ
1042 5257 1056 5305 ὁ
1069 5255 1135 5320 φίλος
1150 5257 1202 5308 κτλ.
