3976 5948
228 401 289 470 ίθθ
888 395 937 462 DE
958 398 1201 462 XENOGRATE.

227 539 390 596 confecerat
412 551 523 607 annos,
552 552 611 611 qua
634 545 803 612 tempestate
833 531 1011 593 Xenocrates
1054 532 1196 613 puniendi
1212 549 1317 591 munus
1332 531 1360 591 ei
1373 528 1552 608 injungeret.
1577 531 1713 608 Ingresso
1735 531 1842 594 videli-

225 627 394 684 adoiescens
407 641 474 682 cum
492 623 640 684 convenit.
1056 635 1100 680 cet
1114 620 1270 680 Xenocrati
1284 618 1443 696 aliquando
1458 623 1554 690 coede,
1565 621 1680 698 inquit,
1698 621 1842 678 Ιιιιιισσσσ-

264 713 446 789 Simulatque
460 727 534 769 vero
544 709 597 768 tali
611 709 733 768 doctore
746 707 879 768 adhibito
894 710 930 768 ad
944 711 1009 789 phi·
1055 730 1137 780 vum,-
1151 729 1217 766 nom
1227 715 1297 786 θρισσ,
1312 713 1380 784 quta
1393 715 1481 766 tratur
1492 729 1565 784 sum,
1576 729 1631 767 nou
1638 729 1751 786 possum
1766 713 1840 788 (ορ).

225 803 387 883 iosophiam
407 799 641 880 pertractandam
660 797 838 860 Xenocrates
854 819 884 860 se
909 801 1007 874 dedit,
1056 797 1163 857 Fictam
1179 797 1317 857 existimo
1332 797 1602 870 narratiunculam,
1619 817 1707 877 quam
1727 797 1842 858 Valerii

223 891 311 953 brevi
327 903 421 952 uatus
433 891 464 953 iu
475 889 580 949 litteris
590 907 766 968 progressus
782 887 865 963 lecit,
878 903 910 949 ut
925 904 1009 970 post·
1055 886 1175 946 Maximi
1189 885 1288 946 verbis
1298 885 1370 944 libet
1381 885 1501 949 referre.
1517 885 1547 945 ls
1558 885 1639 949 euim
1652 888 1704 948 lib.
1720 885 1758 946 lV
1772 909 1841 966 cap.

224 999 258 1040 ea
279 979 450 1062 ⁴academiae
485 979 626 1058 princeps
661 977 807 1040 eraderet.
844 975 1010 1038 Laborabar
1060 985 1150 1034 text.
1168 995 1217 1033 n:
1247 973 1439 1052 «Audierat,
1456 975 1577 1054 iuquit,
1593 973 1678 1036 Plato
1694 975 1845 1036 Xenocra·

224 1069 342 1148 quidem
355 1067 465 1143 ingenii
477 1067 630 1142 tarditate,
644 1065 694 1126 sed
708 1083 811 1126 omnes
824 1067 1010 1128 difficultates
1055 1077 1112 1122 tem
1128 1063 1165 1123 dc
1179 1084 1210 1124 se
1224 1063 1317 1123 multa
1331 1065 1422 1143 impie
1436 1063 1567 1124 locutum
1584 1085 1592 1123 ι
1611 1065 1673 1125 sino
1692 1065 1753 1125 ulla
1769 1087 1844 1125 cuu-

224 1157 388 1216 studiorum
401 1153 555 1214 laboribus
566 1167 594 1213 et
607 1154 827 1214 exercitationis
841 1156 1010 1216 assiduitate
1054 1153 1180 1212 cutione
1202 1151 1438 1212 criminationem
1466 1153 1589 1232 respuit.
1616 1151 1747 1213 instabat
1761 1167 1845 1214 certo

224 1245 341 1308 tandem
358 1245 399 1302 ita
415 1243 583 1322 superarit,
599 1257 631 1302 ut
650 1244 791 1323 praeclara
802 1243 968 1305 eruditione
982 1257 1010 1304 et
1054 1239 1139 1298 rultu
1150 1239 1257 1319 index,
1269 1259 1384 1300 causam
1399 1261 1549 1318 quaerens,
1562 1261 1615 1302 cur
1625 1241 1683 1302 sibi
1696 1242 1767 1302 fides
1780 1263 1844 1303 non

225 1333 368 1412 sapientia
383 1333 495 1392 nemini
518 1332 644 1392 cederet.
660 1333 722 1402 Qua
746 1331 778 1390 in
801 1349 833 1391 re
852 1333 1008 1394 ridiculum
1055 1326 1221 1390 haberetur.
1239 1328 1467 1408 ddjecitPlato,
1485 1349 1544 1389 non
1557 1347 1621 1390 esse
1634 1329 1795 1406 credibile,
1810 1345 1847 1389 ut

224 1419 279 1480 l'uit
291 1420 517 1480 laboriosissimi
529 1420 659 1480 hominis
670 1419 798 1494 dictum,
812 1427 1009 1502 comparantis
1056 1435 1142 1494 quem
1158 1431 1308 1496 tantopere
1324 1433 1452 1497 amaret,
1470 1417 1507 1477 ab
1522 1438 1558 1477 eo
1573 1419 1700 1484 invicem
1718 1438 1777 1479 non
1793 1419 1845 1478 di·

223 1529 255 1568 se
269 1529 335 1569 cum
347 1509 427 1568 vasis
442 1510 556 1586 angusti
571 1509 633 1568 oris
648 1521 677 1568 et
691 1507 799 1568 tabulis
813 1512 915 1586 aeneis,
930 1511 1007 1590 quod
1056 1507 1207 1581 figeretur.
1230 1505 1383 1571 Postremo
1398 1527 1488 1587 quum
1511 1507 1547 1566 ad
1559 1506 1768 1586 jusjurandum
1785 1509 1847 1568 ini·

223 1619 299 1676 aegre
312 1600 475 1661 doctrinam
493 1599 674 1677 perciperet,
690 1599 774 1657 firme
788 1613 883 1658 autem
899 1615 1008 1661 ercon-
1057 1594 1182 1654 micitias
1205 1595 1329 1656 serentis
1348 1597 1515 1674 malignitas
1538 1597 1732 1672 confugisset,
1748 1615 1786 1656 ne
1805 1597 1845 1656 de

225 1703 335 1749 stanter
346 1690 485 1748 retineret
497 1685 570 1766 (οδ).
582 1687 650 1746 Erat
660 1690 692 1746 in
705 1685 868 1747 Xenocrate
882 1689 1010 1766 singala-
1055 1681 1188 1760 perjurio
1204 1683 1268 1764 ejus
1289 1685 1470 1766 disputaret,
1493 1687 1670 1761 ssffifssiflvils
1689 1705 1844 1764 nunquam

224 1779 265 1840 ris
276 1779 426 1850 severitas,
441 1776 513 1835 adeo
525 1789 557 1834 ut
567 1789 709 1855 perpetuo
720 1777 890 1853 gravitatem
903 1799 963 1856 prae
979 1801 1009 1839 se
1056 1769 1246 1832 Xenocratem
1260 1773 1312 1833 illa
1325 1774 1472 1835 dicturum
1488 1775 1593 1850 luisse,
1604 1776 1663 1840 nisi
1675 1795 1710 1834 ea
1720 1775 1782 1836 dici
1792 1797 1847 1836 ex-

225 1867 312 1926 terret
327 1879 414 1945 atque
428 1865 514 1924 etiam
534 1865 628 1924 tristis
641 1878 669 1923 et
689 1878 822 1924 austerus
844 1865 1006 1932 rideretur.
1055 1861 1156 1940 pedire
1182 1863 1239 1923 sibi
1262 1861 1434 1942 judicasset.
1460 1892 1473 1919 κ
1498 1863 1641 1925 Videntur
1661 1883 1733 1925 vero
1756 1866 1845 1926 rrrulti

225 1957 322 2014 diores
335 1972 454 2032 quoque
468 1953 548 2012 nulla
559 1953 702 2013 suavitate
717 1953 1007 2018 commendabantur.
1055 1951 1201 2011 exstitisse
1215 1951 1335 2011 laudum
1350 1949 1520 2012 Xenocratis
1543 1951 1767 2025 obtrectatores,
1789 1955 1845 2031 qui

224 2043 372 2114 Quocirca
396 2043 503 2121 saepius
521 2061 538 2102 a
555 2043 692 2116 Platone,
717 2055 749 2102 ut
764 2042 876 2102 Gratiis
894 2045 1008 2118 litaret,
1055 2036 1206 2099 bominem
1231 2041 1308 2101 nihil
1333 2045 1389 2101 talc
1416 2043 1620 2104 commeritum
1642 2042 1794 2102 edacitatis
1814 2057 1848 2103 et

224 2129 445 2192 admonebatur.
468 2129 562 2200 Quam
579 2147 640 2189 rem
659 2149 808 2209 nunquam
825 2149 899 2206 aegre
924 2133 1007 2206 tulit,
1057 2127 1247 2188 helluatiouis
1268 2129 1444 2192 incusarent.
1470 2131 1592 2192 Crimen
1616 2129 1673 2189 hoc
1699 2131 1847 2191 interiore

224 2219 299 2278 bene
310 2239 341 2279 se
350 2239 368 2278 a
378 2217 501 2277 Platone
511 2220 675 2297 vituperari
687 2218 846 2278 arbitratus
858 2217 931 2300 (at).
942 2221 1008 2279 Plu·
1058 2227 1140 2276 etate
1153 2218 1308 2276 confictum
1320 2231 1373 2280 est.
1388 2217 1489 2298 Neque
1500 2232 1596 2278 tamen
1610 2215 1753 2292 dubium,
1769 2220 1844 2296 quin

225 2309 332 2368 rimura
345 2320 439 2366 autem
455 2307 595 2365 intererat
604 2307 681 2366 inter
691 2305 882 2366 Xenocratem
896 2321 925 2365 et
937 2309 1009 2370 alios
1058 2305 1244 2383 confingendi
1258 2307 1322 2386 ejus
1338 2327 1437 2368 ansam
1456 2307 1571 2368 dederit
1592 2305 1723 2370 Athenai
1739 2307 1845 2378 lorus,

223 2397 355 2457 Platonis
367 2396 534 2466 auditores,
549 2397 734 2456 Aristotelem
744 2396 927 2476 potissimum
937 2443 946 2477 ,
958 2399 1009 2476 qni
1058 2393 1107 2452 cui
1121 2407 1317 2454 consentanea
1332 2395 1464 2456 AEiianus
1478 2409 1508 2456 et
1523 2393 1656 2456 Laertius
1669 2392 1799 2455 tradunt.

224 2500 337 2546 tantum
362 2485 482 2562 ingenio
508 2484 624 2544 valebat
645 2499 783 2565 tantaque
804 2499 868 2546 erat
894 2505 1007 2546 morum
1097 2482 1252 2542 Athenaeus
1262 2485 1323 2562 (κδ)
1336 2485 1376 2544 ita
1386 2483 1510 2545 scribit:
1527 2486 1653 2544 Timaeus
1661 2495 1762 2544 narrat
1772 2483 1848 2542 Dio·

224 2576 383 2646 suavitate,
405 2585 438 2632 ut
460 2571 545 2630 brevi
572 2585 703 2652 tempore
717 2574 855 2651 percepta
875 2575 1008 2650 magistri
1057 2571 1177 2648 nysium
1194 2584 1351 2648 tyranuum
1368 2569 1549 2650 Congiorum
1571 2571 1620 2631 die
1645 2571 1717 2634 iesto
1742 2571 1770 2630 ei
1790 2571 1848 2648 qui

225 2663 383 2742 disciplina
402 2660 481 2721 inter
497 2679 598 2719 omnes
620 2659 781 2739 discipulos
796 2663 921 2720 maxime
936 2665 1009 2722 emi-
1057 2659 1171 2739 primus
1184 2661 1321 2736 congium
1335 2661 1468 2720 ebiberet
1479 2663 1632 2740 premium
1649 2660 1846 2740 proposuisse

225 2765 307 2810 neret
322 2749 392 2830 (τό).
408 2749 524 2808 Platoni
537 2761 633 2807 tamen
649 2762 678 2807 et
689 2747 781 2807 hebes
792 2748 972 2811 Xenocrates
982 2766 1010 2811 et
1056 2767 1194 2810 coronam
1206 2767 1322 2810 auream
1338 2751 1544 2829 :primumque
1557 2751 1687 2810 ebibisse
1698 2747 1849 2810 Xenocra-

225 2853 326 2899 acutus
353 2839 522 2897 Aristoteles
546 2857 629 2914 aeque
657 2835 872 2915 probabantur,
897 2840 947 2898 sed
972 2841 1009 2900 de
1057 2851 1114 2898 tem
1130 2837 1340 2918 philosophum
1361 2853 1389 2898 et
1403 2853 1550 2920 acceptam
1565 2859 1682 2900 auream
1701 2857 1847 2900 coronam

224 2941 350 3003 utroque
365 2925 552 3002 ita'judicare
575 2922 707 3000 solebat,
724 2936 756 2981 ιιι
766 2929 892 2984 ’σίνονται
912 2932 1008 2984 caica·
1057 2947 1147 3004 quum
1159 2927 1277 2986 domum
1291 2928 1399 2988 rediret
1410 2929 1586 3008 imposuisse
1602 2929 1718 2989 Hermae
1731 2931 1764 2990 in
1776 2933 1849 2993 aula

227 3019 319 3086 ribus,
333 3019 452 3072 alterum
470 3013 559 3085 freno
572 3033 654 3091 egere
674 3028 819 3076 statueret.
841 3015 1010 3076 Celebratur
1057 3015 1235 3092 constituto,
1256 3017 1304 3076 cui
1325 3016 1437 3076 solebat
1457 3018 1561 3077 floreas
1582 3019 1734 3097 imponere
1754 3040 1846 3081 coro-

223 3123 314 3184 porro
340 3099 404 3180 ejus
427 3121 510 3159 rox:
533 3115 631 3159 contra
650 3104 762 3176 qualem
778 3122 878 3178 equum
895 3108 1007 3180 qualem
1057 3123 1125 3181 nas,
1148 3105 1382 3184 quotiescunque
1404 3125 1527 3187 resperc
1557 3108 1677 3167 donrum
1707 3109 1844 3186 redibat;

224 3197 334 3250 «trinum
350 3187 509 3268 angulati).
527 3188 571 3246 ad
588 3189 649 3246 hauc
670 3207 769 3248 earum
785 3189 873 3250 luisse
892 3189 1007 3251 Platoni
1057 3193 1197 3271 quocirca
1212 3193 1408 3255 admiratione
1424 3195 1532 3272 dignus
1548 3195 1698 3274 judicatus
1711 3213 1765 3260 est.
1790 3199 1846 3260 si-

224 3279 416 3339 Xenocratem
437 3277 504 3335 satis
520 3288 648 3350 constat,
666 3297 756 3355 quum
774 3277 952 3358 discipulum
973 3301 1007 3340 ea
1057 3281 1166 3340 militer
1183 3281 1313 3341 AElianus
1330 3283 1391 3362 (29)
1409 3303 1475 3346 rar.
1498 3285 1569 3347 bist.
1588 3282 1643 3348 lib.
1659 3286 1699 3361 Il,
1715 3297 1749 3356 tt
1776 3311 1783 3346 τ
1809 3295 1846 3350 iit

226 3367 423 3427 familiaritate
442 3367 580 3441 magister
602 3367 855 3441 complecteretur,
874 3381 907 3426 ιιι
929 3373 1007 3428 servi
1057 3371 1160 3430 Bacchi
1178 3371 1226 3430 die
1240 3371 1329 3447 festo,
1347 3373 1399 3450 qui
1409 3373 1589 3450 (longiorum
1607 3377 1727 3436 nomine
1741 3379 1846 3456 appel·

231 3503 1840 3530 ...Ἥ-...Ἦ

255 3569 304 3632 (23)
316 3565 464 3618 Plutarchus
472 3565 503 3616 tle
514 3563 639 3615 auditione
651 3578 705 3628 cap.
723 3571 759 3625 to.
771 3567 819 3616 roi.
831 3569 885 3628 vil,
897 3581 950 3632 pag.
966 3575 1007 3619 ist
1054 3573 1150 3637 ἀλιίφω.
1162 3575 1279 3626 stmutter
1292 3576 1343 3633 δνος
1355 3577 1381 3626 ἐν
1391 3576 1457 3640 μύρῳ
1471 3579 1563 3629 motta
1571 3580 1601 3627 ιιι
1611 3581 1762 3641 unguem,
1775 3580 1846 3640 quod

224 3641 264 3692 ed.
279 3641 382 3689 llulluss·
396 3639 476 3701 ὥσπερ
488 3637 501 3686 ὁ
514 3636 631 3693 Κλεάνθης
641 3637 682 3686 sat
694 3635 862 3700 όΞενννοότητ
872 3639 1006 3704 βραδύτεροι
1054 3643 1177 3705 proverbii
1188 3643 1243 3694 ioco
1259 3644 1308 3694 dici
1322 3645 1399 3706 solut,
1419 3658 1497 3708 quum
1509 3645 1581 3696 nohis
1601 3645 1689 3708 aliquia
1701 3647 1727 3696 in
1745 3645 1846 3698 deliciis

224 3710 415 3767 sambucetum
425 3713 472 3758 τῶν
486 3709 675 3770 συσχολαστῶν,
686 3707 729 3756 oria
746 3707 916 3772 ἀπεδίδρασκον
930 3709 1008 3760 turus
1052 3715 1107 3774 est,
1122 3715 1166 3778 qui
1179 3727 1264 3765 amore
1278 3718 1364 3764 nostro
1379 3714 1493 3780 indignus
1507 3715 1612 3766 ridetur.
1632 3716 1693 3768 Vide
1706 3717 1844 3781 Diogenis-

224 3783 362 3846 pumat,
373 3777 423 3830 οὐδ’
432 3780 586 3843 ἀπέκαμνον,
597 3779 655 3828 ἄλλόν
664 3779 787 3840 φθάνοντες
797 3780 829 3835 sit
839 3779 935 3837 δαυτοδτ
944 3780 1008 3830 taat-
1054 3795 1114 3832 uum
1126 3787 1151 3834 et
1161 3787 1302 3835 Erasmum.
1319 3811 1350 3821 -
1364 3785 1415 3849 (ni)
1429 3786 1550 3849 Diogenes
1564 3786 1677 3838 Laertius
1694 3787 1732 3840 lib
1752 3791 1797 3848 lit,
1811 3795 1845 3842 38

223 3863 274 3918 ζον,
289 3853 391 3918 ἀγγείοις
401 3869 427 3900 τε
440 3849 617 3916 βραχυστόμοις
628 3851 670 3899 καὶ
678 3849 784 3899 πινακίσι
794 3851 892 3914 χαλκαῖς
906 3851 1007 3902 desim.
1053 3853 1195 3913 ,affigam
1208 3857 1265 3906 ,mg
1277 3857 1455 3920 mmmm
1468 3859 1521 3908 „m
1533 3865 1685 3923 mmm,
1698 3862 1739 3912 τὸν
1750 3863 1844 3912 παῖδα,

222 3933 315 3984 (οντες,
329 3927 360 3980 bt
375 3923 442 3984 ρόλντ
459 3922 501 3983 μὲν
516 3917 704 3983 παραδακόιννναν
718 3921 771 3976 τοὺς
781 3919 881 3982 λόγους,
897 3921 1007 3984 ἀσφαλῶς
1053 3923 1124 3973 αὑτὸν
1136 3926 1222 3988 γὰρμὴ
1236 3926 1400 3979 ὄόνασδαιδιδι
1413 3931 1441 3981 τδ
1458 3932 1579 3995 ὠργίσθαι.
1593 3957 1624 3970 -
1639 3932 1690 3997 (tt)
1706 3933 1844 3985 atheneus
1926 3957 1929 3964 ·

223 3997 299 4046 δὲκαὶ
315 3993 415 4056 βτδαίως
431 3995 559 4053 τηροῦντες.
584 4016 615 4025 -
628 3989 678 4052 (tt)
694 3990 815 4054 Diogenes
834 3992 947 4042 Laertius
961 3991 995 4043 lib
1061 3994 1094 4043 ib.
1114 3995 1144 4055 X,
1155 4008 1209 4060 pag.
1224 4000 1278 4048 4³7.
1293 4005 1320 4048 ii.
1337 3999 1436 4062 Tipaso<
1452 4001 1477 4050 δέ
1491 4019 1570 4066 φησιν,
1584 4006 1617 4059 ὡς
1631 4004 1753 4061 Διονύσιος
1767 4007 1781 4054 δ
1796 4008 1843 4054 τίν-

224 4069 267 4126 lv,
280 4061 389 4123 θσερνότ
400 4061 424 4108 δὲ
438 4061 503 4108 τότε
515 4059 574 4107 auu
583 4059 730 4120 Ξνννννότητ
743 4061 784 4108 ναὶ
797 4062 937 4124 muttonis
953 4063 1007 4122 όεί.
1057 4079 1138 4126 ραννατ
1149 4071 1180 4130 τι
1193 4071 1241 4116 τῶν
1259 4069 1331 4120 Χοῶν
1344 4070 1412 4134 αρτ-ρ
1432 4077 1466 4135 τῷ
1480 4075 1567 4138 πρώτῳ
1585 4074 1689 4124 ἐκπιόντι
1708 4076 1753 4139 χόα
1769 4073 1844 4128 etto

224 4137 286 4185 alm
304 4132 378 4195 liistt
397 4131 461 4193 αὐτῷ
475 4129 573 4191 “Petit
590 4129 630 4178 δὸν
644 4129 778 4179 ΠόάῐωῊ·
797 4132 952 4195 Mittitur
969 4133 1008 4183 θῦῑ
1054 4137 1122 4195 lim
1131 4139 1243 4201 στέφανον
1255 4146 1369 4204 χρυσοῦν·
1387 4145 1426 4192 καί
1436 4145 1473 4193 δτι
1483 4149 1574 4208 πριῖιτος
1584 4145 1657 4203 tituta
1669 4146 1842 4210 Εενοκράτηςθ

223 4211 273 4260 ταῖς
280 4203 376 4264 Χάρισι,
390 4198 727 4264 numerumnunerum.
741 4204 771 4250 23
781 4199 828 4249 roi.
842 4202 885 4249 iiii
909 4213 963 4265 pag.
977 4205 1006 4252 62
1054 4207 1189 4271 φιλόσοφος,
1200 4211 1242 4261 καὶ
1250 4212 1329 4262 λαθὼν
1335 4213 1376 4264 τδν
1385 4220 1489 4278 χρυσοῦν
1502 4217 1627 4282 στίφανον,
1637 4219 1679 4269 καὶ
1688 4217 1841 4286 maiduno

224 4280 237 4326 t
258 4275 300 4336 μδυ
320 4271 471 4321 obtutaret
483 4271 523 4320 τδν
537 4269 686 4332 Ξενοκράτη,
699 4271 771 4320 τᾶλλα
782 4277 887 4333 γενναίου
898 4272 955 4321 δντα
967 4275 1007 4324 καὶ
1054 4279 1128 4343 Ἑρμῇ
1138 4283 1172 4343 τῷ
1182 4281 1298 4348 ἱδρυμένῳ
1311 4283 1350 4332 tut
1359 4291 1402 4343 τῆς
1413 4287 1484 4346 αὐλῆς
1494 4287 1619 4350 (πίθηκον,
1630 4288 1699 4352 ᾧπερ
1709 4291 1786 4340 είιίθει
1798 4293 1840 4344 κεί

224 4347 310 4410 μέγαν,
321 4340 498 4406 “laturiam
511 4341 535 4389 ὅ(
546 4343 581 4402 τῷ
590 4341 656 4420 Ιἥθῑνι
670 4341 796 4403 παρεκάλει
812 4342 873 4391 θύειν
891 4347 941 4398 ταῖς
954 4343 1005 4392 Χό·
1053 4349 1106 4405 τοὺς
1117 4347 1221 4405 ἀνθινοὺς
1230 4349 1346 4401 ἑκάστοτε
1356 4353 1480 4405 ἐπιτιθέναι
1490 4357 1631 4421 στεφάνους,
1647 4359 1746 4422 torua<
1759 4360 1840 4410 ἀπαλ-

222 4434 280 4483 ρισι.
298 4413 407 4464 AElianus
424 4425 480 4462 var.
499 4411 558 4460 nist.
580 4410 623 4460 ltb.
644 4412 707 4473 XIV,
728 4426 781 4476 cap.
802 4413 974 4476 amiserim:
993 4417 1007 4464 d
1053 4418 1198 4482 lucripetes
1214 4423 1245 4478 ὡς
1261 4421 1347 4483 αὐτόν,
1365 4427 1406 4476 καί
1426 4428 1463 4478 ἐπὶ
1480 4429 1558 4494 τούτῳ
1580 4429 1726 4494 ἐθαυμάσθη.
1740 4461 1771 4472 -
1786 4433 1839 4494 (29)

224 4485 383 4544 Χαλκηδόνιος
397 4483 444 4532 hub
466 4487 508 4532 τοῦ
526 4482 652 4539 Πλάτωνος
666 4484 698 4539 είς
713 4485 740 4534 τδ
754 4483 825 4548 άχαρι
839 4485 1007 4547 σκωπτόμενος
1052 4489 1358 4546 arianonorum.
1375 4497 1408 4559 11,
1425 4501 1454 4548 li
1475 4500 1516 4549 καὶ
1531 4501 1555 4550 δν
1574 4501 1692 4552 Διονύσου
1710 4501 1736 4551 δὲ
1751 4507 1840 4566 τῇτῶν

224 4559 316 4608 οὐδέπω
332 4554 458 4618 ἠγανάκτει
479 4552 578 4617 (φησίν)
593 4553 652 4602 ἀλλὰ
665 4555 704 4602 καὶ
725 4557 781 4617 πρὸς
796 4556 837 4605 τδν
850 4556 1007 4620 παροξύνοντα
1052 4563 1121 4611 Χοῶν
1135 4564 1335 4628 ἑορτῄπροῦκιιτο
1346 4566 1416 4618 ἆθλον
1427 4573 1463 4634 τῷ
1473 4571 1550 4621 πιόντι
1564 4574 1636 4624 πλέον
1649 4573 1760 4638 στέφανος
1777 4591 1837 4637 χρυ·

223 4629 310 4690 αὐτόν,
327 4628 386 4692 ὑπὲρ
404 4625 489 4676 τούτου
503 4625 542 4674 ίνα
559 4643 582 4674 τι
598 4624 753 4688 ἀποκρίνηται
768 4631 804 4688 τῷ
824 4625 947 4686 Πλάτωνι,
968 4627 1006 4678 ὅδε
1052 4639 1120 4692 cote·
1132 4635 1173 4685 καὶ
1189 4635 1285 4694 ἐνίκησε
1295 4637 1440 4704 Ξενοχράτης
1453 4643 1466 4691 ρ
1478 4643 1652 4707 mmm,
1666 4647 1707 4694 „p
1722 4644 1763 4694 τὸ,
1778 4647 1836 4694 πρ,

224 4701 264 4751 καί
283 4698 345 4749 πάνυ
367 4696 486 4760 ίριφρόνως
503 4695 667 4759 κατασιγάζων
689 4696 732 4778 τὸ(
749 4695 822 4758 ἄνδρα
840 4696 910 4758 ίφατο
923 4709 929 4723 ·
948 4697 1005 4747 titt
1052 4721 1122 4769 φανσν
1135 4707 1226 4768 λαθών,
1238 4707 1277 4757 δτι
1291 4709 1386 4776 lutrio
1398 4713 1457 4777 μετὰ
1469 4715 1496 4767 τὸ
1507 4715 1600 4766 δεῖπνον
1613 4721 1649 4781 τῷ
1658 4717 1733 4781 Ἐρμῇ
1744 4719 1778 4780 τῷ
1789 4719 1837 4780 πρδ

223 4779 292 4822 τοῦτο
311 4771 364 4834 ἐμοὶ
376 4771 495 4832 συμφόρει.
510 4767 658 4818 Plutarchus
672 4767 774 4829 GouJug.
792 4769 869 4818 Puteo.
884 4767 931 4818 rol.
949 4771 1003 4830 Vll,
1051 4777 1126 4839 θυρῶν
1140 4779 1225 4828 ἑστῶτι
1240 4779 1353 4838 ίπίδηκιν
1366 4783 1437 4833 αὐτὸν
1455 4785 1555 4835 κατὰτὸ
1570 4786 1620 4844 ἔθος
1641 4790 1689 4836 τῶν
1706 4785 1837 4852 ἔμπροσθεν

224 4856 277 4907 pag.
293 4847 339 4893 tte
351 4841 389 4891 etl.
406 4841 508 4891 Huiieu.
525 4839 651 4924 dulcifer
665 4843 699 4900 τῷ
717 4839 872 4902 Ξενοκράτει,
885 4841 1003 4904 βαρυτέρῳ
1051 4849 1152 4911 (μερῶν.
1169 4851 1216 4899 Καὶ
1228 4851 1325 4914 γὰρκαὶ
1339 4853 1393 4910 τοὺς
1410 4855 1515 4912 ἀνθινοὺς
1528 4857 1569 4906 καὶ
1583 4859 1637 4916 τοὺς
1648 4859 1675 4908 ἐκ
1691 4863 1732 4918 τῆς
1750 4859 1836 4925 μυρρί-

223 4915 251 4963 τδ
263 4914 317 4972 ἦθος
333 4913 399 4973 ὄντι,
420 4911 492 4960 τᾶλλα
510 4911 535 4959 tt
549 4910 615 4972 καλῳ
629 4908 742 4972 αθγαδῷ,
757 4911 926 4974 παρεκελεύετο
945 4912 1005 4960 θύειν
1049 4933 1105 4978 ρης,
1116 4922 1156 4968 καί
1171 4921 1211 4971 τὸν
1225 4923 1252 4972 ἐκ
1264 4927 1307 4972 τοῦ
1325 4929 1420 4986 κιττοῦ,
1434 4928 1474 4975 καὶ
1488 4928 1528 4976 τὸν
1545 4929 1572 4978 tx
1585 4935 1626 4988 τῆς
1636 4930 1722 4992 δάφνης
1734 4929 1835 4982 irretito

223 4991 275 5041 ταῖς
290 4985 396 5048 Χάρισιν.
414 5008 444 5018 -
460 4981 510 5046 (ts)
527 4979 648 5043 Diogenes
666 4979 779 5030 Laertius
790 4979 833 5030 lib.
856 4985 887 5042 V,
909 4987 918 5032 i
938 4983 1005 5040 οὗτος
1050 4987 1167 5039 ἀνέπαυσε
1186 4993 1225 5040 καὶ
1244 4993 1352 5046 dodras.
1372 4997 1421 5046 Pro
1434 4999 1504 5047 πλέον
1523 4999 1639 5050 thnius
1657 5011 1707 5050 non
1721 4999 1786 5050 malo
1802 5013 1834 5050 ρχ

223 5056 383 5118 maturatos
404 5059 451 5102 “Pit
474 5052 601 5105 Πλάτωνος
620 5051 740 5112 μαθητῶν·
756 5079 787 5088 ·“
809 5053 859 5114 (²5)
883 5053 1005 5114 Dlssdesses
1050 5059 1168 5110 Athenaeo
1177 5063 1273 5126 reponit
1283 5066 1385 5131 πριότιφ;
1399 5065 1519 5133 sedquotl
1528 5069 1554 5119 ln
1565 5069 1638 5121 codd
1651 5069 1742 5134 legum
1752 5073 1832 5136 Χοῶν,

223 5121 336 5174 Utilius
349 5122 391 5173 llb-
407 5123 449 5184 IV,
465 5127 479 5170 θ
494 5121 523 5182 ἦν
535 5120 560 5170 δὲ
574 5119 615 5176 *lt
627 5120 695 5181 θύσω
704 5121 804 5185 νωθρός,
817 5123 881 5172 ὥστε
893 5121 950 5185 9²⁰²
964 5123 1003 5172 λό-
1049 5131 1156 5184 maurit
1167 5132 1192 5182 in
1206 5134 1277 5184 Χίων
1293 5137 1368 5189 hient.
1383 5137 1523 5202 Stephanus
1534 5139 1608 5193 Thes.
1623 5141 1651 5192 t.
1669 5141 1713 5193 ur.
1727 5153 1752 5191 ν.
1763 5145 1832 5206 χοειίς

223 5207 273 5276 ἴξιν
289 5189 328 5239 ill
340 5191 464 5252 maura,
476 5190 715 5275 Wililimflffilili
731 5193 895 5257 Ἇθῑστντῦνῑνι
908 5201 942 5258 τῷ
962 5197 1003 5258 ptr
1048 5199 1074 5250 tl
1086 5205 1148 5263 χοῦς.
1164 5207 1225 5253 itata
1237 5206 1296 5267 χόας
1308 5208 1514 5272 αρροίίαδαιτθτήν
1526 5211 1622 5274 ἑορτήν,
1635 5217 1694 5277 χοᾶς
1706 5213 1791 5262 autem
1803 5216 1832 5265 σθ

225 5275 322 5317 ιιναιττος
341 5261 391 5321 δεῖ,
408 5265 441 5323 τῷ
457 5263 481 5311 δὲ
498 5264 607 5327 χαλινοῦ,
627 5277 681 5324 τιατ,
700 5263 734 5328 ἐφ’
745 5265 795 5316 olor
805 5265 877 5317 lttttor
889 5267 938 5316 olor
952 5267 1004 5318 όνον
1049 5271 1143 5336 μέτρον,
1159 5271 1264 5338 dentque
1282 5277 1340 5336 χοὰς
1353 5279 1394 5336 τὰς
1414 5279 1520 5343 ἐκχύσεις
1537 5283 1578 5331 χρ)
1600 5282 1702 5339 02,ng
1714 5283 1821 5347 mm
