3882 5954
307 459 368 520 388
922 459 1132 520 ANDttotttct
1153 457 1286 520 attolit!

305 597 398 672 χωρεῖ.
415 589 471 648 Τοῦ
483 586 534 668 γδρ
549 587 636 663 hiens,
651 588 742 671 ὥσπερ
757 588 871 670 εἴρηται,
886 595 974 672 χεῖρον
990 594 1082 651 διατε-
1129 602 1187 650 vata
1205 600 1260 664 ejus
1275 600 1350 650 etism
1362 599 1395 650 de
1407 613 1435 651 ss
1447 600 1531 666 opinio
1545 599 1674 652 δεεεεεσίιε
1687 601 1777 667 σρίείσεε
1786 607 1838 658 uim

306 680 404 752 δόντος,
416 679 461 738 καί
478 681 507 739 τὸ
525 681 647 759 φρόνημα
664 683 830 764 ἐλαττοῦται·
856 687 901 740 τοῦ
917 685 1084 763 φρονήματος
1128 687 1284 740 decrescente
1294 702 1376 740 mores
1384 701 1488 754 quoqne
1498 689 1524 739 in
1536 689 1640 754 pejorem
1653 693 1734 754 portent
1745 697 1836 754 ιιιιιίιιῑιι,

305 769 332 828 δί
348 767 548 844 ίλαττωδόντυς,
560 767 605 826 καί
618 773 633 828 ό
648 769 743 848 τρόπος
757 768 858 847 γίνεται
873 770 979 852 χείρων,
992 771 1037 832 καί
1053 771 1083 830 τὸ
1128 780 1153 828 et
1165 781 1265 843 propiet·
1279 792 1322 830 eos
1331 777 1414 843 opinio
1426 797 1433 828 ι
1444 781 1521 842 sique
1535 777 1571 828 ita
1579 777 1696 828 humilitas
1708 791 1837 844 semperprocs

305 857 427 940 φρόνημα
442 855 486 916 διὰ
506 860 611 915 τοῦτον·
640 856 686 916 καί
701 855 784 924 οὕτως
808 861 825 928 ν]
852 859 1016 939 μικροψυχία
1043 859 1083 917 ἀεὶ
1127 863 1174 916 dit.
1213 865 1263 918 Sed
1285 879 1331 916 neo
1347 866 1500 931 experientis
1524 865 1608 932 isqui
1625 865 1705 917 humili
1721 867 1838 933 intuitoque

304 955 447 1027 προχωρεῖ.
470 943 523 1006 Καὶ
537 945 591 1004 οἷπδ
612 949 659 1016 τῆς
675 943 768 1024 πείρας
790 944 818 1003 δδ
836 947 850 1004 δ
871 947 1036 1028 μικρόψυχος
1051 949 1080 1006 οὗ
1128 953 1210 1004 animo
1221 955 1273 1016 esi,
1288 953 1412 1018 resipiscit
1433 973 1441 1006 ι
1461 967 1521 1005 nam
1536 967 1613 1019 quum
1633 967 1659 1004 ea
1675 967 1726 1020 que
1742 955 1836 1016 serratim

303 1033 402 1114 γίνεται
414 1022 638 1114 βελτίωνσῖςγδρ
648 1032 732 1114 δργαις
743 1037 880 1113 ἐπιχειρεῖ,
893 1035 1079 1115 ῥρδίωςταῦτα
1127 1053 1201 1106 opero
1216 1039 1288 1094 isoile
1300 1041 1413 1107 perficiat
1426 1044 1519 1108 (parra
1538 1042 1602 1093 enim
1616 1045 1670 1092 sunt
1683 1045 1794 1108 viribusque
1806 1045 1837 1106 ηὐι

304 1121 435 1204 περαίνων
451 1120 551 1200 (μιαρὰ
574 1121 626 1200 γὰρ
650 1119 696 1180 soi
717 1127 765 1192 τῆς
791 1121 927 1198 δυνάμεως
958 1121 1083 1202 ίλόττω)
1127 1130 1238 1195 minora)
1252 1131 1372 1181 virtutem
1383 1145 1457 1183 suam
1474 1133 1547 1198 quasi
1565 1131 1662 1197 ignorat.
1683 1132 1837 1183 Sedethonomn

303 1209 351 1284 τὴν
366 1209 435 1270 ίδίαν
447 1209 545 1290 ἀρετὴν
561 1207 651 1288 ὥσπερ
668 1212 767 1288 ἀγνοεῖ.
791 1210 846 1272 Καί
861 1209 940 1287 τιμὴν
954 1211 981 1270 δδ
998 1213 1083 1283 ζητῶν
1126 1231 1205 1284 quum
1224 1221 1293 1283 peut
1307 1219 1430 1272 minorem
1453 1235 1531 1286 qnam
1544 1233 1595 1286 qno
1605 1219 1686 1286 dignm
1700 1222 1742 1278 est,
1757 1219 1836 1269 nenium

305 1299 406 1360 ἰλόττω
428 1303 474 1372 τῆς
488 1297 561 1368 ἀξίας
585 1297 678 1358 οὐδένα
699 1299 786 1370 λυπεῖ,
801 1298 846 1357 καί
863 1298 907 1358 διδι
930 1305 1009 1360 τοῦτο
1024 1299 1082 1360 οὐδὲ
1127 1305 1359 1374 offendit,itieoqns
1373 1321 1405 1360 ns
1429 1307 1528 1373 repulsa
1543 1309 1639 1374 quiden
1651 1305 1837 1375 qumspopuuu

304 1387 503 1469 δίελεγχόμενος
518 1383 711 1466 θεραπεύεται,
728 1385 850 1465 καθάπερ
867 1390 881 1446 δ
901 1393 1008 1468 χαῦνος.
1026 1388 1080 1448 Διδι
1127 1397 1157 1446 ttt
1167 1396 1201 1448 ad
1213 1395 1309 1462 frugem
1324 1397 1493 1463 compellitur,
1516 1401 1545 1448 ut
1558 1398 1678 1462 superius.
1699 1396 1731 1448 Oh
1741 1396 1776 1446 has
1790 1393 1835 1457 isius

303 1483 386 1537 ταῦτα
401 1477 484 1536 τοίνυν
505 1480 522 1548 ἡ
543 1475 726 1556 μιιιρσηίιυχίιι1
750 1475 839 1554 χεῖρόν
857 1477 913 1534 ίστι
934 1477 1014 1534 καειδν
1036 1481 1083 1549 τῆς
1127 1497 1214 1536 musas
1226 1487 1355 1538 humilitas
1365 1487 1438 1551 pejus
1450 1487 1545 1538 mslnm
1554 1491 1591 1538 est
1599 1500 1669 1552 quem
1679 1484 1771 1549 supa-bit
1780 1482 1835 1532 nino

302 1565 461 1645 χαυνότητος
481 1563 525 1623 καί
540 1563 828 1644 δυσαπαλλαιιτότιρον·
847 1563 903 1622 ὅθεν
918 1565 1017 1640 μᾶλλον
1032 1567 1080 1624 ἄν·
1126 1586 1176 1638 que
1187 1575 1296 1628 sanabile
1309 1596 1315 1628 ι
1326 1576 1394 1628 unde
1408 1575 1486 1628 etism
1501 1573 1579 1640 magis
1591 1571 1660 1624 animi
1673 1568 1798 1636 rnemiiuiiti
1807 1565 1834 1616 ti·

302 1655 458 1733 τίκτεταιτῇ
473 1651 668 1732 μεγαλοψυχίᾳ.
1126 1663 1248 1713 versatur.
1744 1654 1759 1684 ⁸

342 1743 471 1824 (Scripsi
489 1741 535 1818 τ’)
548 1742 598 1818 αδχ
612 1739 789 1821 δπιρδόλλει]
809 1741 875 1802 cod.
892 1742 1082 1822 οὖκδπερόόλ-

301 1835 351 1894 λιι.
365 1830 424 1878 -i'
443 1831 539 1906 κόσμος
557 1829 610 1908 τις]
624 1829 689 1886 cod.
710 1829 808 1906 κόσμός
822 1853 870 1896 τις.
892 1837 955 1874 -⁸
970 1829 1081 1914 δχουσι]

301 1919 365 1978 cod.
382 1918 496 1996 ἔχουσιν.
512 1922 579 1960 -ί
602 1917 745 1994 προσῆκεν]
762 1917 781 1974 i.
796 1935 820 1975 e.
838 1918 976 1995 προσήκει.
995 1917 1081 1978 Recte

300 2005 378 2064 enim
400 2002 528 2060 Thomas
552 2000 687 2076 Magister
711 2022 741 2080 p.
764 2003 818 2075 751
845 2003 900 2062 ιτὸ
925 2001 952 2061 δὲ
977 2009 1080 2084 προσῆ·

299 2117 360 2171 ιεεν,
377 2091 433 2152 nisti
455 2094 500 2149 τοῦ
526 2091 653 2167 προσήκει
672 2088 896 2166 λαμόανόμενσν,
921 2091 1026 2152 ἀετιειόν
1047 2097 1077 2152 i-

301 2204 367 2242 στιν.
381 2191 438 2227 -’
453 2181 516 2256 παρ’
530 2177 661 2258 Ὁμήρῳ]
676 2179 840 2238 Eustratius
856 2179 975 2240 :Thetis
989 2185 1076 2256 enim,

300 2285 332 2330 ut
346 2269 423 2350 apud
440 2269 598 2326 Homerum
610 2279 663 2344 cst,
680 2285 771 2344 quum
784 2267 917 2326 maximis
929 2268 1081 2332 beneficiis

300 2361 399 2420 lovem
411 2358 566 2428 affecisset,
579 2375 704 2433 eumque
715 2355 946 2433 aconjuratione
957 2359 1080 2419 aliorum

300 2449 421 2507 deorum
435 2445 602 2514 liberasset,
626 2443 655 2500 id
670 2443 750 2520 quod
767 2444 847 2502 iilius
866 2444 933 2523 ejus
955 2445 1082 2508 declarat

300 2540 345 2598 his
358 2535 492 2600 versibus
506 2554 514 2592 t
527 2535 628 2592 titoto'
638 2529 812 2607 Οὔλυμπόνδε
825 2531 875 2592 Δία
885 2533 970 2604 λίσαι,
983 2533 1007 2592 εί
1018 2559 1081 2596 ποτε

300 2627 332 2698 δή
347 2651 373 2685 τι
387 2627 446 2684 κτλ.
461 2621 564 2703 (iliad.
578 2622 602 2690 Ι,
616 2621 760 2697 ioh-406)
772 2640 830 2678 non
845 2620 876 2680 id
890 2621 1007 2698 quidem
1020 2623 1082 2700 ipsa

299 2715 425 2794 explicat
438 2709 515 2790 apud
530 2708 646 2780 iovem,
663 2727 754 2785 quum
768 2707 805 2765 ab
820 2727 855 2766 eo
875 2709 958 2785 petit,
977 2721 1010 2766 ut
1022 2709 1081 2768 iilic

254 2853 258 2868 .
299 2823 353 2862 suo
367 2801 506 2860 honorent
517 2810 547 2856 et
561 2796 684 2872 gloriam
703 2795 805 2852 asserat
813 2841 823 2869 ,
846 2795 895 2852 sed
911 2807 1021 2854 tanturn
1035 2797 1077 2854 ia·

298 2904 391 2952 tentet·
402 2888 548 2964 significat
562 2907 568 2942 :
583 2886 633 2944 Ζεῦ
648 2881 742 2962 πάτερ,
755 2881 779 2940 εί
788 2905 851 2941 ποτε
861 2881 892 2952 δή
902 2904 932 2940 σε
943 2885 1000 2960 μετ’
1014 2887 1079 2943 οἰδα·
1149 2921 1155 2932 -

298 2979 413 3039 νότοισιν
431 2974 514 3046 όνησα
533 2975 589 3034 ειτλ.
610 2971 693 3032 iliad.
711 2971 734 3044 l,
753 2971 891 3032 503-510.
902 2972 965 3016 ..t
989 2972 1014 3030 oi
1028 2973 1080 3032 Aoi·

298 3066 393 3146 αωνες]
418 3063 580 3126 Eustraiius
608 3083 616 3119 ι
644 3082 658 3117 ε
682 3058 911 3132 Lacedaemonii,
931 3072 964 3118 ut
992 3060 1080 3120 refert

297 3153 490 3244 Csssimtheoes
517 3153 549 3210 in
577 3151 671 3230 primo
698 3147 826 3208 historias
853 3166 957 3224 graecas
983 3147 1076 3218 libro.

153 3307 172 3315 „
227 3293 234 3302 .
271 3243 388 3324 &fuum
401 3241 535 3300 Thebani
550 3239 580 3296 in
595 3237 765 3296 Laconicam
775 3237 875 3296 hostili
892 3238 1023 3295 exercitu
1038 3243 1080 3296 in·

299 3333 464 3402 vasissent,
485 3327 520 3386 ad
536 3327 725 3385 Athenienses
739 3324 842 3382 auxilii
857 3324 972 3402 petendi
991 3343 1078 3384 causa

297 3419 418 3499 proiecti
428 3463 437 3492 ,
455 3415 680 3487 beneficiorum,
696 3411 802 3492 quibus
822 3410 1011 3471 Athenienses
1032 3415 1077 3474 sf-

298 3510 433 3576 iecersnt,
450 3505 558 3564 nuliam
575 3522 698 3582 prorsus
712 3503 805 3560 fecere
819 3500 992 3558 mentionem
1004 3546 1013 3575 ‚
1024 3503 1075 3562 sed

296 3617 359 3675 que
374 3595 430 3673 ipsi
444 3594 481 3654 ab
501 3595 561 3653 iilis
581 3605 752 3671 acceperant
775 3590 926 3666 magnifice
943 3610 1075 3651 comme-

296 3698 461 3758 morarunt,
476 3697 508 3744 ut
521 3703 555 3742 en
568 3683 754 3760 potissimum
770 3681 882 3740 ratione
898 3700 1074 3757 generosum

295 3775 515 3838 Atheniensium
534 3773 663 3832 animum
677 3772 714 3832 ad
737 3769 885 3830 ferendam
911 3769 966 3828 sibi
989 3792 1075 3850 opem

295 3879 415 3946 possent
425 3865 572 3925 inducere.
589 3889 600 3915 ν
615 3861 780 3940 Xenophon
792 3873 887 3917 tamen
903 3859 974 3917 iiist
988 3879 1073 3934 graec.

293 3956 344 4015 iib.
355 3956 393 4015 Vl
412 3975 474 4034 cap.
497 3955 527 4026 5,
544 3955 581 4012 33
597 3953 701 4012 coliata
722 3954 755 4010 in
771 3951 966 4010 Athenienses
982 3951 1072 4010 bene-

295 4045 361 4102 ficia
386 4043 544 4121 Spartanos
563 4061 746 4100 enumerasse
768 4040 882 4101 scribit.
899 4071 939 4086 -
950 4047 962 4084 Ι
974 4035 1075 4107 Ἄλλως

294 4129 334 4212 τι]
349 4131 414 4188 cod.
426 4127 635 4189 'Attum-²
648 4127 836 4207 πρωτεύουσιν]
852 4129 918 4188 cod.
932 4127 1073 4207 προτεόσυ-

294 4240 346 4278 σιν.
366 4219 421 4262 -¹
442 4213 619 4296 λυμήνασθαι]
632 4218 697 4275 cod.
711 4215 889 4295 λυμῄνασδσι.
905 4217 966 4261 ,t
985 4215 1074 4283 ἄλλως

292 4306 337 4387 τε]
353 4304 417 4364 cod.
432 4304 563 4366 ἄλλωστε.
587 4307 638 4352 -Ι
659 4301 840 4384 μικροψυχία]
856 4305 924 4365 eod.
943 4307 1074 4387 μικροψυ-

291 4395 350 4476 tin·
368 4393 428 4476 -i

619 4589 689 4671 Kn·
712 4585 748 4699 ἕ·
1439 4621 1554 4687 cmvi

464 4759 900 4826 notmsummuqmstmmg.
1177 4773 1583 4834 osmsuoenusqusunonomm
1592 4729 1760 4816 oniiflffl

1559 4903 1642 4956 dictum
1653 4889 1696 4940 eti·
1708 4866 1759 4928 mimi
1767 4851 1799 4908 ’Μ’

1594 4987 1670 5038 honoro
1679 4941 1795 5091 ffliffi

289 5083 1068 5169 *1μῖίῆἥτῑςλόίθίῖλῑῑπρὸςῗίίμίγαλοψνχίαν,δνὴ
1114 5108 1172 5160 qum
1193 5093 1297 5146 eandem
1316 5095 1438 5147 rationem
1459 5092 1491 5144 sd
1510 5080 1579 5140 animi
1598 5057 1729 5126 mmm
1791 5061 1794 5076 ¹

984 5135 1788 5222 a———J

331 4909 390 4969 ’Ἡ
407 4911 454 4987 μὲν
466 4900 510 4968 σόν
521 4907 705 4988 μεγαλοψυχία
713 4907 773 4986 περλ
782 4907 863 4984 τιμὴν
873 4907 990 4988 μεγάλην
1001 4909 1068 4985 ἐστί,
1145 4919 1174 4968 ln
1185 4931 1274 4984 magno
1287 4931 1345 4983 ergo
1360 4917 1466 4976 honore,
1483 4912 1543 4964 sicut

290 4997 376 5064 καθὼς
390 4999 503 5076 εἴρηται.
518 4995 598 5059 Ἐστι
613 4997 640 5056 δί
654 4999 699 5056 καὶ
713 4999 781 5071 δλλη
796 5021 834 5066 τις
849 4997 930 5080 ἀρετ-λ
943 4997 1005 5076 περὶ
1021 4996 1069 5068 τλν
1114 5004 1175 5056 tutio
1184 5007 1301 5058 cernitur.
1313 5007 1363 5060 Sed
1378 5009 1404 5058 et
1414 5006 1462 5058 alis
1472 5001 1546 5054 virtu
1561 4993 1585 5044 ht

319 5255 335 5287 ί*
345 5257 405 5324 (δερ.
416 5263 440 5311 A.
457 5259 541 5312 Ἐυυιε
552 5263 579 5312 tt
592 5265 700 5330 καὶπερὶ
713 5265 803 5324 ταύτην
816 5266 879 5316 εἶναι
889 5265 963 5330 ἀρετή
976 5281 1012 5324 τις
1022 5267 1074 5316 κτλ.
