3882 5954
468 309 691 373 ETHICORUM
712 312 1048 396 NICOMAGHEORUM
1068 315 1347 380 Pnunetiitasis.
1650 325 1706 384 tet

92 437 351 520 σώφροναέγκρατῆ
371 431 454 500 εέναι·
476 442 522 502 καί
536 443 576 501 ἔτι
597 442 657 523 περὶ
673 449 719 504 τοῦ
735 445 877 528 τετάρτου,
929 472 991 510 nens
1004 479 1014 522 ιΙ
1029 473 1058 510 ao
1074 463 1192 525 praeterea
1205 460 1238 510 de
1250 464 1354 525 quarto,
1371 461 1436 512 sitne
1450 462 1579 514 continens
1589 462 1712 528 quodam·

95 525 119 584 εἴ
132 546 219 595 πωςε
244 529 374 609 ἐγκρατὴς
396 531 520 611 σώφρων.
549 532 670 614 Φανερθν
693 534 720 596 δὲ
739 535 814 596 ἐσται
832 541 881 596 λα-
928 547 1003 598 modo
1030 551 1184 614 temperans,
1209 549 1346 602 videamus.
1367 551 1422 601 Erit
1442 555 1526 603 autem
1540 553 1587 604 boc
1608 553 1714 607 manite-

93 615 171 676 ῦοῦσι
185 617 230 677 τὸν
248 618 358 697 ὁρισμὸν
372 625 417 679 τοῦ
432 622 590 700 ἐγκρατοῦς·
605 619 662 680 ἔστι
677 621 709 694 δὴ
726 624 854 704 ἐγκρατὴς
869 630 882 684 θ

97 706 286 784 ἀνθιστάμενος
309 715 374 786 πρὸς
398 709 509 787 ἰσχυρὰς
539 708 585 768 καί
610 709 713 789 φαύλας
729 712 878 790 ἐπιθυμίας·

93 795 150 874 ἔχει
170 793 222 874 ἀρα
242 801 256 855 ὁ
271 794 401 876 ἐγκρατὴς
420 797 530 876 ἐσχυράς
545 797 591 858 καί
607 798 712 880 φαύλας
723 801 876 876 ἐπιθυμίας·

94 885 117 940 εί
134 882 166 956 δὴ
187 888 202 942 θ
216 883 329 964 σώφρων
346 885 423 944 ἔσται
442 887 588 966 ἐγκρατής,
601 887 652 957 tin
674 889 776 969 φαύλας
789 893 881 950 ἐπιθυ-

94 971 159 1048 μίας
181 970 227 1030 καὶ
242 972 366 1052 ἐσχυράς·
390 973 455 1051 ὅπερ
480 974 596 1034 ἐναντίον
617 974 674 1034 ἐστὶ
696 977 817 1057 τῷλόγῳ
835 983 882 1050 τῆς

95 1059 280 1140 σωφροσύνης·
298 1065 324 1120 ἐν
346 1060 398 1141 γέιρ
421 1065 459 1144 τῷ
483 1061 592 1122 ἕπεσθαι
615 1063 662 1130 τάς
683 1064 822 1141 ἐπιθυμίας
844 1071 882 1147 τῷ

96 1148 200 1230 λόγῳὴ
227 1151 385 1230 σωφροσύνη
410 1152 440 1209 ού
463 1151 631 1212 συνίσταται·
644 1153 730 1220 ἄλλως
744 1177 772 1212 τι
796 1157 811 1214 θ
834 1155 881 1233 μὲν

96 1238 208 1322 σώφρων
222 1240 315 1313 ἥδεται
333 1233 370 1311 οἷς
393 1241 523 1323 πράττει,
548 1243 634 1310 ἄλλως
648 1242 699 1324 γὰρ
722 1245 770 1302 οῦκ
791 1243 822 1302 ἀν
850 1235 882 1316 ἦν

95 1337 223 1418 σώφρων·
237 1341 251 1397 ὁ
266 1338 294 1397 δὲ
310 1341 441 1419 ἐγκρατὴς
466 1341 493 1399 ἐν
509 1343 591 1418 ἀγῶνι
613 1339 649 1400 ὢν
668 1340 713 1400 καὶ
729 1341 803 1420 μοίχῃ
818 1340 882 1421 πρὸς

97 1426 145 1495 τάς
159 1427 315 1506 ἐπιθυμίας,
332 1432 382 1508 οὐχ
396 1429 502 1501 ἥδεται·
518 1435 535 1502 ἡ
552 1433 602 1512 γάρ
619 1429 699 1503 ἡδονὴ
714 1433 740 1490 ἐν
769 1437 801 1512 τῇ
819 1435 880 1512 ἠρι-

928 639 1012 698 stum,
1034 637 1055 688 si
1076 633 1225 688 continentis
1248 638 1417 690 definitionem
1431 654 1561 692 sumamus
1583 648 1638 694 :est
1656 657 1714 708 ergo

928 723 1065 786 continens,
1080 725 1139 794 (qui
1167 726 1359 778 vehementibus
1381 729 1504 795 malisque
1534 731 1715 796 cupiditatibus

927 813 1022 863 resistit
1044 814 1227 866 :vehementes
1245 829 1304 880 ergo
1323 817 1452 883 malasque
1471 819 1621 884 cupiditates
1639 821 1715 873 babet

927 903 1077 954 continens:
1098 903 1119 954 si
1138 904 1215 969 igitur
1241 907 1381 970 temperans
1402 909 1450 959 erit
1473 911 1615 970 continens,
1636 911 1715 964 malas

927 992 1000 1042 simut
1023 996 1049 1042 et
1064 993 1223 1046 vehementes
1242 996 1391 1060 cupiditates
1415 998 1518 1049 babebit
1538 1019 1544 1048 ι
1566 1000 1635 1065 quod
1658 1015 1715 1052 cum

929 1082 1099 1145 temperantiae
1115 1085 1215 1136 notione
1237 1091 1330 1152 pugnat
1346 1105 1351 1136 :
1370 1102 1450 1153 neque
1469 1089 1534 1138 enim
1551 1090 1578 1139 iu
1591 1103 1621 1139 eo
1633 1103 1716 1140 versa·

928 1171 971 1219 tur
994 1173 1170 1236 temperantia,
1194 1178 1222 1226 ut
1240 1176 1329 1228 rationi
1349 1177 1500 1242 cupiditates
1519 1178 1714 1242 obtemperent:

928 1255 1168 1324 deindetemperans
1187 1264 1279 1328 gaudet
1289 1265 1320 1315 iis
1330 1280 1387 1330 qua
1407 1266 1471 1330 agit,
1491 1267 1551 1331 quia
1561 1267 1654 1331 alioqui
1667 1281 1715 1318 non

929 1342 994 1395 toret
1009 1349 1151 1412 temperans
1164 1369 1171 1400 ι
1193 1355 1219 1402 at
1233 1353 1361 1405 continens
1372 1354 1490 1419 quoniam
1501 1369 1558 1404 cum
1570 1355 1716 1420 cupiditati-

929 1432 977 1483 bus
997 1437 1104 1500 contiigit
1122 1443 1147 1490 et
1157 1446 1318 1506 conflictatur,
1335 1457 1383 1493 nou
1403 1443 1512 1508 gaudet:
1529 1458 1586 1494 nam
1601 1444 1716 1508 voluptas

94 1515 145 1596 μίορ
155 1517 239 1574 ἐστίν·
253 1515 293 1576 ἔτι
304 1517 348 1576 τὸν
357 1517 455 1597 ἔχοντα
470 1519 521 1587 ἕῖιν
533 1519 651 1600 ἀνδρείας
665 1518 677 1555 h
693 1521 799 1580 ἐπιόντα
812 1520 881 1589 ibai·
928 1523 1038 1586 quietem
1058 1528 1125 1591 capit
1149 1549 1155 1578 :
1179 1543 1253 1594 porro
1269 1545 1340 1590 eum.
1361 1533 1406 1596 qui
1430 1531 1585 1584 fortitudinis
1601 1533 1716 1584 habitum

95 1628 160 1684 ρνης
174 1605 206 1665 τὰ
222 1605 339 1686 ρρύερά,
354 1606 400 1667 καί
412 1609 474 1686 πρὶν
493 1612 532 1690 τῷ
546 1609 616 1690 λόγῳ
631 1612 691 1668 κατ’
709 1611 795 1670 ababa
810 1609 881 1690 χρή.
927 1616 1076 1666 consecutus
1091 1617 1137 1677 sit,
1159 1619 1243 1670 subito
1267 1621 1406 1684 ingruentia
1428 1621 1538 1685 pericula
1553 1621 1651 1686 aliaque
1667 1621 1716 1672 ior-

94 1699 206 1768 σαοθαι,
223 1697 253 1754 οὐ
269 1695 404 1777 ταροίττει·
423 1697 521 1775 ὁμοίως
544 1699 575 1772 δὴ
590 1701 635 1759 τὸν
655 1699 751 1779 ἔχοντα
764 1699 815 1770 ἕξιν
831 1724 883 1759 σω-
927 1705 1066 1766 midebilia,
1080 1707 1155 1757 etiam
1169 1707 1315 1772 priusquam
1332 1707 1427 1758 ratione
1442 1712 1527 1758 eontra
1537 1723 1602 1758 ease
1617 1708 1716 1759 munic·

96 1782 227 1862 φροσύνης
251 1785 280 1844 οῦ
293 1785 397 1857 κινήσει
413 1787 447 1845 τὰ
461 1787 543 1866 ἡδέα,
564 1787 608 1847 καί
625 1787 687 1868 πρίν
705 1789 766 1867 περί
792 1791 878 1847 αὐτῶν
927 1794 976 1856 rit,
996 1809 1045 1845 non
1067 1798 1160 1846 terrent
1184 1795 1323 1846 :similiter
1350 1800 1448 1846 etcum
1476 1797 1522 1861 qui
1545 1797 1716 1862 temperantiae

95 1871 259 1954 σκέψασθαι,
274 1873 321 1933 καὶ
335 1875 379 1935 τὸν
393 1875 470 1954 λόγον
487 1879 661 1948 ἀντιστῆσαι·
677 1879 691 1936 θ
707 1875 733 1936 δέ
754 1877 882 1958 ἐγκρατὴς
927 1883 1041 1934 habitum
1053 1885 1116 1948 gerit
1128 1899 1177 1936 non
1196 1885 1334 1936 movebunt
1345 1885 1469 1949 jucunda,
1483 1884 1542 1936 licet
1557 1886 1667 1937 noudum
1685 1887 1716 1938 de

96 1961 127 2020 οὗ
147 1967 278 2030 τοιοῦτος·
303 1967 329 2022 ἐν
354 1963 406 2045 γὰρ
428 1968 466 2044 τῷ
493 1967 645 2045 χρήσασθαι
666 1969 704 2046 τῷ
729 1966 800 2050 λόγῳ
822 1969 881 2027 κατ’
927 1972 958 2022 iis
970 1972 1130 2036 cogitaverit,
1143 1973 1313 2038 rationemque
1328 1973 1359 2024 iis
1373 1975 1517 2038 opposuerit
1532 1994 1538 2024 ι
1555 1975 1614 2025 tatis
1631 1978 1716 2026 autem

97 2051 186 2109 αὐτῶν
201 2052 252 2110 καλ
261 2052 432 2113 ἀνθίστασθαι
448 2054 513 2134 πρὸς
535 2055 644 2129 αὐτέιςη
661 2057 802 2136 ἐγκράτεια
817 2081 880 2116 συν-
929 2075 977 2110 uon
989 2066 1027 2112 est
1042 2063 1170 2112 continens
1182 2080 1189 2110 ι
1202 2061 1227 2111 iu
1239 2061 1287 2111 boc
1298 2061 1351 2126 ipso
1360 2061 1442 2120 enim,
1453 2065 1482 2111 ut
1491 2061 1586 2112 ratione
1596 2060 1717 2112 adversus

99 2139 224 2199 ίστασθαι
245 2140 364 2219 λίγεται·
379 2145 403 2202 εἰ
419 2141 468 2221 μὲν
486 2142 538 2224 γάρ
560 2145 677 2224 χρησταὶ
696 2149 724 2205 αἱ
746 2147 881 2224 ἐπιθυμίαι
928 2163 957 2200 ea
973 2153 1060 2200 utatur
1072 2151 1154 2216 iisque
1166 2151 1282 2209 resistat,
1295 2151 1388 2200 versari
1405 2150 1554 2202 continentie
1569 2149 1662 2201 dicitur
1673 2169 1680 2200 ι
1691 2151 1716 2202 si

95 2235 142 2290 τοῦ
160 2233 314 2309 ἐγκρατοῦς,
329 2232 417 2314 φαύλη
433 2239 450 2306 ἡ
464 2235 624 2314 ἐγκράτεια,
640 2235 777 2296 κωλύουσα
790 2238 882 2304 αὐταῖς
927 2238 992 2288 enim
1007 2239 1078 2289 boum
1095 2239 1146 2289 sint
1161 2238 1311 2303 cupiditates
1324 2238 1488 2296 continentis,
1508 2238 1573 2287 mata
1587 2241 1640 2298 est,
1658 2250 1716 2302 que

95 2321 231 2398 χρῆσθαι·
249 2321 272 2377 ιέ
287 2319 315 2378 δί
335 2323 452 2388 ἀσθενεῖς
467 2321 554 2382 καὶού
569 2325 772 2404 ροιῦλαι,ρῡδὲν
787 2327 882 2404 σεμνὸν
928 2326 1009 2391 ipsum
1042 2328 1080 2378 uti
1107 2327 1139 2378 iis
1158 2331 1228 2378 vetat
1255 2326 1405 2377 rontinentia
1434 2328 1500 2376 :siu
1523 2326 1653 2376 imbecillae
1671 2339 1717 2376 nee

96 2409 113 2475 ἡ
130 2405 285 2485 ἐγκράτεια·
301 2412 346 2465 νῦν
371 2407 399 2468 δὲ
416 2407 525 2482 τοιαύτη
542 2412 622 2470 δοκεῖ·
644 2414 667 2471 εί
682 2413 709 2474 δὲ
724 2417 823 2494 φαῦλαι
838 2415 882 2474 καὶ
929 2417 1013 2476 male,
1033 2417 1095 2467 nibii
1107 2429 1183 2481 grave
1198 2429 1228 2466 ac
1240 2416 1390 2480 preclarum
1404 2416 1452 2466 erit
1466 2415 1617 2466 continentia
1631 2433 1635 2463 :
1650 2429 1716 2466 nunc

99 2495 235 2568 ἀσθενεῖς,
250 2496 324 2556 οὐδὲν
348 2497 417 2580 μέγα
439 2498 470 2558 τὸ
484 2500 609 2561 τοιούτων
627 2511 749 2581 κρατεῖν·
764 2502 833 2561 ὥστε
853 2505 882 2562 οὐ
928 2519 988 2555 vero
1003 2506 1062 2556 talis
1075 2505 1175 2556 videtur
1192 2525 1199 2555 ι
1220 2507 1257 2555 sin
1272 2507 1357 2556 autem
1370 2504 1501 2555 imbecillo
1521 2504 1650 2566 simelae,
1668 2517 1717 2554 non

97 2583 166 2658 μέγα
189 2589 206 2656 ἡ
235 2585 390 2664 ἐγκράτεια·
415 2587 536 2648 λείπεται
567 2594 599 2662 δὴ
622 2589 725 2670 φαύλας
747 2583 815 2650 ιέναι
836 2588 883 2658 τάς
928 2593 1106 2657 eritmagnum
1125 2607 1168 2644 eas
1181 2592 1329 2644 continere:
1352 2595 1504 2658 quapropter
1521 2606 1570 2642 non
1583 2593 1632 2642 erit
1650 2605 1716 2656 prae·

96 2672 236 2749 ἐπιθυμίας
251 2683 296 2735 τοῦ
311 2678 454 2755 ἐγκρατοῦς
469 2679 515 2738 καὶ
530 2680 654 2761 ἐσγυριίς.
675 2681 727 2741 Καὶ
742 2679 785 2740 διὰ
808 2686 882 2740 τοῦτο
928 2681 994 2733 clara
1010 2697 1051 2734 res
1065 2683 1233 2734 continentia:
1254 2685 1333 2733 restat
1348 2695 1417 2746 ergo,
1438 2685 1468 2731 ut
1483 2681 1631 2732 continentis
1644 2681 1714 2745 cupi-

95 2759 190 2820 ούτεὸ
216 2761 327 2845 σώφρων
344 2765 475 2846 ἐγκρατὴς
496 2765 528 2826 ἀν
555 2749 612 2840 εέη,
636 2767 727 2828 ούτιὸ
750 2769 881 2850 ἐγκρατὴς
928 2771 1019 2822 ditates
1045 2776 1100 2823 tum
1120 2771 1193 2823 maiaa
1213 2771 1263 2822 sint
1283 2775 1339 2821 tum
1364 2770 1531 2821 vehementes.
1548 2769 1716 2828 Quamobrem

94 2849 217 2930 σώφρων.
928 2875 1008 2926 neque
1021 2861 1066 2926 qui
1082 2865 1222 2926 temperans
1241 2863 1296 2923 est,
1317 2859 1459 2919 continens,
1478 2873 1561 2924 neque
1577 2859 1621 2924 qui
1635 2857 1715 2909 conti·

137 2931 264 3021 (scripsi
286 2950 320 3002 :⁸
339 2943 363 3003 εί
378 2946 446 3024 πως]
464 2947 530 3011 cod.
548 2946 635 3016 εἴασε.
657 2951 722 2994 -b
750 2948 881 3030 ἀνδρείας]
932 2964 1008 3010 oens,
1020 2955 1163 3016 temperans
1174 2963 1228 3008 esse
1243 2948 1342 3014 poteria.

94 3029 161 3090 cod.
179 3029 293 3112 ἀνδρίας.
306 3033 358 3110 -)

396 3206 463 3284 θεν·
486 3202 520 3266 2'·
542 3205 583 3284 iti

250 3370 306 3419 Ὀτι
321 3370 366 3420 οὐκ
380 3371 443 3421 ἔστιν
461 3373 475 3421 θ
489 3373 597 3436 φρόνιμος
613 3373 723 3438 ἀκρατής.

1229 3206 1288 3266 cap.
1306 3203 1327 3250 ν
1346 3199 1411 3265 [rin.

1087 3343 1229 3390 Prudentem
1243 3355 1290 3390 non
1306 3356 1353 3389 esse
1367 3345 1559 3391 incontinentem.

136 3517 187 3578 Ἐκ
199 3523 251 3580 τῶν
276 3523 424 3601 εἰρημένων
436 3524 463 3583 δὲ
479 3526 608 3605 φανερόν,
624 3526 670 3587 καὶ
692 3527 731 3587 &a
749 3528 777 3586 οὗ
802 3526 879 3585 δύην.
959 3526 997 3574 Ex
1010 3525 1137 3588 superiore
1151 3524 1319 3590 disputatione
1336 3529 1419 3590 patet,
1430 3539 1487 3576 eum
1503 3525 1547 3590 qui
1562 3525 1595 3575 sit
1608 3523 1717 3590 prudens

94 3629 140 3664 ται
155 3610 169 3664 ὁ
184 3608 307 3688 φρόνιμος
322 3611 440 3692 ἀκρατὴς
453 3603 532 3675 εέναι.
546 3614 624 3674 Ἐπεί
643 3614 694 3694 γὰρ
709 3619 742 3694 τῇ
758 3616 881 3696 φρονήσει
927 3630 976 3666 uon
994 3630 1067 3681 posse
1091 3617 1283 3668 incontinentem
1306 3631 1368 3668 esse.
1389 3620 1472 3676 Quum
1494 3618 1558 3668 enim
1578 3616 1716 3680 prodentia

94 3695 188 3756 ἐπεται
200 3700 246 3758 καί
260 3703 277 3770 ἡ
291 3702 466 3782 σωφροσύνη,
483 3705 523 3763 tn
537 3703 582 3763 καί
602 3712 678 3762 πᾶσα
692 3708 771 3776 ἠθικὴ
785 3704 878 3783 ἀρετή,
926 3705 1002 3756 etiam
1017 3707 1181 3771 temperantia
1196 3707 1273 3766 insit,
1288 3707 1348 3770 quia
1360 3706 1440 3756 omnis
1454 3718 1554 3770 quoque
1565 3704 1647 3753 virtus
1662 3717 1715 3752 mo·

94 3788 108 3842 θ
127 3784 153 3844 δὲ
169 3787 280 3868 σώφρων
295 3792 324 3849 οὗ
340 3790 447 3850 δύναται
461 3791 592 3872 ἐγκρατὴς
608 3783 693 3864 εἶναι,
709 3794 801 3872 πολλῷ
814 3795 881 3870 pai.
928 3794 987 3845 ralis
1005 3795 1086 3854 inest,
1105 3798 1246 3862 temperans
1271 3799 1355 3846 autem
1378 3797 1485 3859 nequeat
1500 3807 1553 3843 esse
1566 3793 1712 3842 continens:

95 3876 141 3934 λον
156 3877 214 3936 coit
228 3877 345 3956 ἀκρατής
358 3881 441 3939 ἐστιν·
460 3881 482 3940 ελ
497 3872 531 3964 δέ
546 3887 638 3957 τοῦτο,
650 3879 709 3940 otti
729 3885 743 3940 ὁ
756 3882 881 3962 φρόνιμος
926 3885 1007 3935 multo
1020 3885 1099 3949 magis
1120 3899 1168 3935 uon
1187 3883 1279 3949 poterit
1292 3897 1346 3934 esse
1364 3882 1519 3932 incontinens
1532 3899 1538 3930 ι
1553 3880 1622 3945 quod
1640 3880 1662 3930 si
1680 3881 1717 3930 ita

97 3966 213 4044 ἀκρατὴς
226 3965 258 4025 ἀν
271 3967 321 4040 εἴη.
927 3975 979 4031 est,
995 3987 1025 4023 ne
1039 3971 1147 4036 prudens
1158 3971 1260 4036 quidem
1271 3971 1425 4022 incontinens
1439 3969 1495 4021 en‘t.

422 4143 491 4220 Κεφ.
517 4141 552 4208 ς’.
1255 4159 1314 4224 Gap.
1334 4159 1375 4209 Vi.

182 4324 264 4379 “oeus
276 4327 423 4384 (nascentes
436 4325 524 4390 τὸπιρί
538 4325 675 4391 timoratae
689 4325 790 4388 tirone·
1025 4335 1147 4392 Quomodo
1158 4336 1262 4383 maenaa
1273 4335 1411 4394 itaquanio
1420 4335 1451 4382 οε
1469 4337 1619 4383 continentia.
1706 4342 1711 4351 ·

136 4463 295 4537 *Znenns'en
307 4465 334 4524 δὲ
349 4466 395 4525 καί
409 4466 469 4548 περί
484 4474 528 4528 τοῦ
541 4467 636 4544 ἐκτου,
649 4466 743 4547 sinapi
754 4469 868 4527 πλοῦτον
958 4473 1007 4526 Sed
1026 4479 1052 4526 et
1066 4475 1098 4526 de
1110 4479 1181 4527 sexto
1203 4477 1366 4542 quaerendum
1385 4480 1435 4536 est,
1451 4478 1515 4528 sitne
1531 4477 1557 4526 iu
1577 4476 1666 4541 opibus
1689 4478 1715 4524 et

94 4553 140 4613 καί
156 4555 232 4623 δόξαν
247 4557 292 4614 καὶ
306 4557 397 4625 ἁπλῶς
410 4567 463 4616 πᾶν
479 4557 639 4635 ἐπιθυμητὸν
652 4561 669 4630 ἡ
689 4556 805 4638 ἀκρασία
823 4557 878 4616 ἐστὶ
927 4563 1109 4614 existimatione
1122 4567 1147 4614 et
1163 4563 1276 4616 absolute
1289 4565 1315 4614 in
1331 4565 1398 4614 omni
1417 4578 1444 4616 re
1462 4563 1620 4614 desiderabili
1634 4560 1714 4626 posita

93 4643 140 4702 καί
159 4647 176 4714 ἡ
199 4646 352 4726 ἐγκράτεια.
376 4647 431 4708 Καί
450 4649 473 4706 εί
494 4653 587 4719 τοῦτο,
600 4645 645 4707 καί
660 4649 674 4705 θ
689 4646 750 4728 περί
769 4645 880 4705 ἐκαστον
926 4653 1109 4704 rontinentiaet
1120 4653 1304 4704 incontinentia.
1316 4654 1378 4704 Etsi
1394 4653 1441 4703 boc
1453 4653 1714 4711 verumest‚constet-

94 4731 194 4791 τούτων
219 4737 372 4816 ἐπιρρεπῶς
391 4735 460 4816 ἔχων
486 4737 604 4816 ἀκρατής
619 4739 690 4809 ἐστι,
706 4737 830 4809 ζητητίον
843 4736 881 4805 τίς
926 4755 975 4806 (μισ
988 4755 1046 4792 eum
1057 4740 1137 4806 quiin
1156 4741 1265 4805 singulas
1279 4740 1422 4806 hujusmodi
1444 4755 1485 4792 res
1494 4739 1645 4806 propendeat
1660 4750 1714 4788 esse

94 4823 108 4878 ὅ
124 4823 214 4887 ἅπλῶς
228 4824 357 4902 ἀκρατής·
376 4826 406 4883 οὗ
420 4824 471 4904 γὰρ
494 4828 508 4883 ὁ
523 4825 585 4906 περί
600 4826 688 4884 πάντα
703 4825 773 4904 ἔχων
787 4825 879 4901 ούτως,
926 4831 1132 4888 incontinentem,
1143 4829 1363 4895 quaerendumerit
1373 4867 1379 4891 ‚
1390 4831 1447 4896 quis
1459 4831 1491 4880 sit
1507 4830 1549 4880 ille
1561 4828 1605 4894 qui
1618 4826 1714 4891 simpii-

94 4909 180 4966 ἐστίν·
197 4910 280 4978 οὐδεὶς
303 4911 355 4990 γάρ
376 4911 482 4980 ἁπάσας
508 4911 563 4990 ἔχει
585 4913 633 4978 τέιε
653 4915 796 4993 ἀκρασίας·
812 4912 881 4974 ὥστε
926 4918 988 4970 citer
1007 4919 1160 4970 incontinens
1173 4923 1278 4970 vocatur
1291 4939 1297 4968 :
1309 4933 1389 4985 neque
1407 4920 1473 4970 enim
1490 4919 1513 4969 is
1532 4917 1576 4984 qui
1590 4918 1622 4968 ad
1641 4930 1713 4968 omne

94 5000 213 5077 ζητῶμεν
227 4999 271 5060 τὸν
284 5003 379 5080 κυρίως
393 5006 508 5083 ἀκρατῆ.
521 5001 565 5063 Tb
578 5001 626 5080 μίν
638 4993 682 5062 οῦν
697 5003 836 5080 ζητήματα
847 5003 881 5063 τά
925 5021 1004 5072 genus
1015 5022 1087 5074 uque
1099 5008 1216 5069 inclinat,
1228 5009 1341 5060 taiiserit
1360 5027 1365 5058 :
1377 5009 1469 5075 quippe
1480 5022 1554 5061 nemo
1560 5007 1628 5059 omui
1638 5006 1713 5059 umui

126 5184 138 5208 *
151 5181 206 5234 Ἐτι
220 5186 240 5234 εί
252 5187 308 5252 περὶ
322 5187 402 5237 πάντα
413 5187 521 5254 ἀκρασία
533 5188 587 5238 ἐστὶ
600 5188 642 5238 καί
654 5185 783 5253 ἐγκράτεια
795 5221 802 5251 ,
812 5189 865 5240 κτλ.
