3882 5954
196 285 259 348 trs
818 277 1028 344 anunente}
1050 278 1187 342 nauhu

194 415 347 499 ίγιιρατείας
360 414 406 476 καί
427 413 556 496 ἀκρασίας
570 411 650 475 ἐστίν.
670 411 734 474 Είσί
753 411 805 495 γάρ
817 413 910 488 ἡδοναί
925 413 971 474 καῖ
1023 422 1107 474 nentia
1126 419 1341 474 etincontinentia
1360 419 1519 472 mutiendum
1536 423 1583 474 est.
1601 423 1666 474 Sunt
1679 423 1745 474 enhn
1765 439 1816 474 νο-

194 512 275 569 λῦπαι
287 505 300 544 ³
313 507 381 566 οὕτω
398 506 510 582 μιγσίλαι
532 505 578 562 καί
595 503 725 585 σφοδραί,
747 502 816 566 ὥστε
830 503 874 562 τδν
888 503 976 577 ἡττώ·
1023 512 1170 577 luptateset
1186 509 1285 562 dolores
1302 513 1356 560 ίιιιει
1369 511 1451 575 magni
1466 515 1570 576 temque
1588 511 1765 574 vehementes,
1784 519 1815 564 ut

195 620 271 675 μενον
288 598 373 655 αὐτῶν
385 593 541 672 συγγνώμης
556 593 623 660 τινὸς
636 592 778 662 ἀξιοῦσθαι·
793 592 824 652 τδ
835 591 885 673 γάρ
895 592 978 652 τοιού·
1024 600 1069 666 qui
1078 599 1110 651 iis
1120 602 1258 666 superetur.
1280 599 1352 650 venia
1363 599 1454 662 dignm
1463 599 1597 650 videatur:
1612 601 1705 666 quippe
1720 601 1816 652 tatibus

192 709 244 746 τιον
259 689 389 757 ἡττᾶσθαι
409 683 484 744 οδδδν
503 681 667 758 θαυμαστόν·
685 681 774 762 ὥσπερ
791 682 977 756 Φιλοκτήτης,
1024 691 1133 756 aliquem
1148 689 1228 748 vinci.
1243 703 1292 740 uon
1304 693 1344 740 est
1354 689 1498 740 mirandum
1515 691 1618 756 :qualia
1636 697 1675 743 est
1686 691 1816 742 Philocte-

192 775 221 836 θν
241 775 380 853 ιίσὴγαγιν
396 778 422 836 ίν
448 781 501 840 τοῖς
516 771 651 848 ποιήμασι
673 770 825 842 Θεοδέκτης
840 775 854 829 θ
867 771 978 844 ποιητὴς
1024 783 1074 842 tes,
1095 793 1171 846 ηιιειιι
1184 779 1337 831 Theodectes
1357 783 1430 846 pocta
1449 780 1474 830 in
1488 781 1641 832 carminibus
1661 795 1676 832 a
1698 785 1817 846 serpente

192 867 377 944 πιπληγμίνον
392 863 444 924 harh
457 863 552 943 δφεως,
579 861 624 921 καί
641 862 723 940 μέχρι
746 861 814 928 τινός
829 865 978 940 κρατοῦντα
1023 883 1169 936 ρατοεεεειιιιε
1190 868 1304 929 induxit,
1322 869 1367 934 qrsi
1387 883 1466 935 quum
1488 869 1642 936 aliquamdiu
1666 871 1747 922 dolori
1769 885 1819 921 suo

192 959 238 1028 τῆς
253 953 357 1032 λύπης,
375 945 431 1013 είτα
455 951 651 1024 δναόοήσαντα·
667 952 685 1024 ἡ
700 952 729 1010 δν
752 950 852 1028 εἰσάγει
876 953 978 1030 Καρκῖ-
1024 959 1181 1026 imperasset.
1195 963 1281 1024 portes
1295 958 1431 1009 clamorem
1445 959 1566 1012 sustulit:
1582 963 1628 1011 aut
1639 960 1680 1012 ille
1692 961 1815 1023 conopon,

192 1071 252 1118 νοςε
271 1051 285 1106 θ
301 1045 411 1118 ποιητὴς
429 1043 566 1122 Κερκύονα
582 1042 625 1102 int
642 1043 676 1119 τῇ
696 1041 772 1122 δόρει
786 1045 832 1112 τῆς
852 1041 979 1122 θυγατρὸς
1023 1064 1098 1118 mem
1114 1048 1235 1100 carcinus
1247 1052 1320 1114 poeta
1331 1049 1357 1099 in
1369 1047 1431 1099 iilia
1448 1049 1537 1114 hlopes
1551 1050 1643 1116 iniuria
1658 1048 1817 1115 aliquamdiu

192 1135 305 1208 Ἀλόπης
329 1137 507 1213 καρτεροῦντα
531 1131 611 1212 με’χρι
632 1130 717 1202 τινός,
744 1119 801 1190 εἶτα
829 1131 977 1204 ἡττηθέντα
1023 1144 1161 1199 tacentem,
1176 1139 1266 1192 deinde
1279 1139 1364 1190 dolore
1377 1139 1473 1191 victum
1490 1139 1587 1192 inducit
1603 1160 1609 1190 ε
1628 1142 1713 1207 utqui
1734 1141 1816 1192 risum

191 1229 238 1298 τῆς
261 1222 410 1303 ἀλγηδόνος·
434 1221 526 1300 ὥσπερ
550 1223 574 1280 σί
598 1219 721 1299 κατέχειν
747 1218 905 1301 πειρώμενοι
934 1220 978 1280 τδν
1023 1229 1185 1295 comprimere
1204 1234 1321 1280 conantes
1342 1229 1490 1279 cachinnum
1509 1229 1613 1288 tollunt,
1637 1229 1706 1294 quod
1731 1231 1817 1281 xeno·

191 1316 295 1391 γελωτα
319 1312 412 1394 ἀθρόον
435 1311 659 1391 ἔκκαγχαίζοοσιν,
681 1309 746 1390 ὅπερ
775 1313 790 1368 ό
813 1311 978 1390 Ξενόφαντος
1023 1318 1116 1384 phanio
1127 1316 1419 1383 accidit2quooircanon
1435 1319 1484 1368 hoo
1497 1317 1707 1380 cstmirandum,
1726 1319 1816 1370 sitam

192 1405 323 1477 iocinore·
340 1405 369 1464 οὗ
387 1409 464 1462 τοῦτο
479 1401 566 1462 τοίνυν
575 1399 637 1460 ,ἐστί
653 1399 804 1476 θαυμαστὸν
819 1399 849 1459 τὸ
863 1403 979 1471 ἡττηθῆ-
1024 1409 1213 1460 vehementibus
1237 1407 1370 1460 aflectibus
1390 1413 1546 1482 superentur,
1574 1409 1618 1460 sed
1642 1410 1663 1460 si
1690 1410 1750 1474 quis
1763 1409 1816 1460 illis

190 1517 233 1554 ναι
245 1495 312 1555 οὕτω
325 1489 508 1574 σφοδροτσίτιον
518 1494 621 1550 παθῶν·
637 1490 695 1548 ἀλλ’
706 1491 777 1557 είτις
790 1495 903 1562 ἡττᾶται
914 1488 978 1569 πρὸς
1023 1499 1116 1566 quibus
1127 1499 1239 1566 plerique
1253 1503 1358 1566 possunt
1371 1500 1486 1550 resistere
1504 1503 1530 1550 et
1542 1498 1716 1564 voluptatibus
1729 1503 1756 1550 at
1767 1499 1817 1550 do-

191 1584 221 1652 θς
237 1587 261 1644 οί
277 1581 369 1644 πολλοί
381 1582 505 1641 δύνανται
521 1578 640 1661 ἀντέχειν
656 1577 750 1652 ἡδσνίις
765 1577 810 1638 καί
823 1578 917 1652 λόπας,
931 1579 977 1638 καί
1025 1588 1119 1640 loribus
1130 1588 1257 1648 vincatur,
1270 1603 1350 1655 nque
1364 1589 1443 1655 possit
1455 1591 1542 1640 contre
1556 1589 1615 1648 niti,
1627 1603 1675 1640 non
1689 1589 1722 1640 ob
1736 1603 1817 1654 gena·

191 1675 228 1752 μὴ
243 1673 347 1734 δύναιτο
362 1671 525 1746 ἀντιτείνειν,
544 1669 582 1744 μὴ
593 1669 636 1728 etl
649 1667 725 1748 φύσιν
737 1667 797 1728 τινὰ
813 1668 973 1744 τοῦγένους,
1024 1679 1059 1730 ris
1071 1683 1186 1730 naturam
1199 1677 1336 1746 quandam,
1350 1677 1564 1745 quemadmodum
1578 1677 1726 1741 Scytharum
1740 1691 1817 1743 regna

190 1763 280 1840 ὥσπερ
292 1765 315 1822 oi
328 1765 436 1823 Σκυθῶν
447 1763 564 1838 βασιλεῖς
573 1758 648 1838 φύσει
664 1759 712 1817 rici
724 1757 849 1837 μαλακοί,
860 1757 977 1836 ἥῶσπερ
1024 1773 1113 1820 natura
1132 1773 1191 1820 sunt
1213 1767 1315 1831 molles,
1341 1773 1386 1820 aut
1408 1771 1438 1818 ut
1461 1767 1558 1819 iernine
1578 1771 1668 1818 natura
1686 1768 1815 1818 molliores

190 1853 220 1911 τδ
236 1854 301 1924 θῆλυ
321 1849 396 1928 φύσει
410 1849 467 1908 έστί
490 1854 535 1906 τοῦ
553 1849 658 1928 είρῤενος
682 1847 882 1926 μαλακώτερον,
899 1846 916 1917 ἡ
931 1847 975 1904 nt
1025 1861 1083 1908 sunt
1095 1856 1219 1918 maribus,
1234 1861 1279 1908 aut
1294 1857 1327 1908 ob
1341 1856 1470 1915 morbum.
1486 1855 1642 1922 sedpropter
1657 1856 1750 1907 malum
1763 1856 1815 1907 ha·

191 1939 274 2012 νόσσν,
287 1936 345 1996 ἀλλ’
359 1941 372 1996 θ
385 1937 428 1996 nt
438 1938 556 2017 πονηρίιν
569 1935 620 2006 ἕξιν
632 1936 676 1996 καί
689 1939 851 2016 μοχθηρίαν,
868 1941 974 1994 cronod-
1025 1944 1105 1996 bitum
1117 1949 1143 1997 et
1158 1945 1360 2011 improbitatem,
1377 1945 1434 1997 talis
1444 1945 1516 1996 venia
1533 1944 1649 2010 indignus
1664 1948 1710 1996 est.
1728 1949 1816 2011 Atque

190 2053 231 2094 τος
244 2027 436 2104 ἀσόγγνωστος.
460 2022 540 2084 Ἐστι
563 2025 591 2083 δὲ
612 2024 657 2084 καί
680 2029 695 2084 δ
719 2027 820 2105 σφόδρα
841 2023 975 2104 χρώμενος
1025 2034 1101 2086 etiam
1114 2035 1137 2086 is
1150 2037 1195 2102 qni
1209 2034 1268 2088 ludo
1289 2035 1383 2103 etioco
1403 2049 1550 2102 magnopore
1567 2035 1717 2097 oblectatur,
1730 2035 1816 2088 mollio

190 2125 247 2188 ταῖς
262 2115 378 2182 παιδιαῖς
394 2115 527 2192 μαλακός,
547 2118 570 2173 εἰ
585 2114 630 2174 καί
646 2116 719 2172 δοκεῖ
734 2114 879 2182 ἀκόλαστος
893 2103 972 2172 εἶναι·
1023 2129 1070 2188 est,
1083 2125 1200 2192 quamvis
1210 2124 1377 2192 intemperans
1392 2138 1447 2177 esse
1457 2124 1573 2177 videatur
1588 2125 1650 2190 :qui
1661 2125 1727 2175 enim
1737 2125 1815 2174 animi

190 2207 214 2266 ci
229 2205 281 2286 γάρ
292 2203 340 2276 τὴν
356 2203 443 2264 ἄνεσιν
459 2203 559 2286 σφόδρα
574 2200 710 2276 ζητοῦντές
729 2206 794 2262 εἰσιν
807 2205 831 2262 oi
843 2202 970 2280 μαλακοί·
1024 2212 1193 2264 remissionem
1206 2212 1310 2266 nimium
1324 2217 1474 2280 sequuntur,
1489 2217 1549 2266 suni
1558 2212 1663 2264 molles:
1677 2217 1716 2264 est
1728 2217 1815 2264 autem

189 2299 206 2368 ἡ
223 2294 249 2354 δδ
262 2291 356 2354 werdt&
371 2292 457 2360 ἆνῑσίς
472 2317 511 2359 τις
526 2292 572 2351 καί
588 2291 735 2358 filiaeve&
748 2293 815 2351 loti·
829 2292 874 2350 καί
890 2289 979 2370 bopo‘·
1025 2303 1099 2354 ludus
1115 2303 1228 2354 remissio
1249 2301 1366 2370 quasdam
1385 2302 1525 2354 animorum
1541 2305 1567 2352 et
1587 2301 1687 2367 requies
1704 2317 1710 2348 :
1731 2301 1816 2364 etqui

191 2385 241 2464 δρα
257 2382 393 2463 χρώμενος
406 2381 524 2446 παιδιαῖς
539 2378 700 2460 θπερόείλλει
719 2379 789 2439 κατά
802 2401 860 2438 τινα
878 2380 974 2454 ἄνεσιν,
1024 2392 1128 2443 nimium
1149 2390 1209 2444 ludo
1226 2391 1354 2458 indulget,
1376 2391 1529 2444 remissionis
1553 2389 1682 2458 quendam
1709 2388 1815 2442 modurn

193 2473 237 2530 καί
252 2469 397 2543 παιδιώδης
412 2471 543 2530 καλεῖται.
1024 2479 1135 2543 excedit,
1147 2483 1173 2531 ct
1185 2477 1338 2534 ludibundus
1356 2484 1468 2530 domtus.

231 2559 381 2638 (Scripsi2
403 2549 538 2639 ’διοδνί
565 2558 630 2617 cod.
657 2555 684 2625 θς
711 2557 769 2637 οθχ.
785 2555 853 2602 -θ
875 2559 975 2636 λῦπαι]

192 2647 256 2708 cod.
279 2647 372 2708 λύπαι.
389 2653 455 2694 -‘
476 2647 622 2726 Καρκῖνος]
640 2667 706 2706 cum
724 2645 809 2707 codd.
826 2647 862 2706 ci.
885 2647 975 2706 liero-

190 2737 269 2796 diani
288 2733 401 2811 interni
428 2737 473 2806 τῆς
494 2737 637 2806 καθολικῆς
662 2734 812 2816 προσῳδίας
833 2755 899 2814 pag.
925 2747 974 2809 74,

195 2847 230 2903 ¹9
244 2825 292 2887 cd.
307 2823 458 2896 Schmidt;
473 2843 526 2882 nec
539 2838 636 2883 tamen
652 2823 817 2882 damnanda
834 2825 978 2902 scriptura

193 2913 340 2994 Καρκίνος,
359 2913 429 2994 quia
451 2913 613 2992 penultima
626 2913 657 2972 in
680 2913 864 2973 carminibus
883 2915 977 2972 corri-

193 3005 305 3091 pitur.)

1344 3177 1404 3240 cap.
1424 3177 1490 3226 xrn.

512 3177 582 3256 Κεφ.
606 3174 652 3255 ιγ’.

191 3371 249 3434 Περὶ
259 3371 309 3418 τῶν
326 3368 397 3418 otton
408 3371 450 3424 τῆς
459 3367 587 3432 ἀκρασίας·
605 3368 645 3416 καὶ
660 3368 696 3416 ὅτι
704 3371 788 3433 χεῖρον
806 3367 882 3418 κακόν
893 3368 978 3427 ἠθικα·
1025 3372 1057 3414 tta
1065 3367 1236 3414 incontinentia
1244 3365 1324 3413 iormts
1334 3380 1341 3408 ε
1351 3367 1425 3424 malus
1439 3367 1494 3413 item
1505 3365 1591 3412 malum
1599 3377 1647 3413 ossa
1656 3367 1812 3423 intemperan-

445 3439 520 3488 λασία
536 3445 579 3499 τὴς
590 3439 718 3502 ἀκρασίας.
1251 3439 1305 3484 ham
1315 3450 1384 3496 quem
1393 3439 1592 3484 incontinentiam.

1054 3597 1242 3650 incontinentia
1253 3602 1338 3650 autem
1351 3597 1409 3650 duo
1421 3601 1480 3650 sunt
1493 3598 1595 3664 species,
1608 3613 1719 3664 quarum
1733 3599 1813 3651 altera

238 3615 250 3638 ε
271 3614 322 3682 ρης
339 3610 366 3671 di
383 3608 511 3690 ἀκρασίας
529 3611 575 3668 δυο
590 3608 654 3668 ciclo
668 3607 734 3683 είδη·
747 3609 793 3669 καί
807 3633 838 3670 το
850 3611 898 3687 μίν
914 3635 978 3691 προ·
1025 3679 1162 3737 temerius!
1189 3677 1267 3729 anm
1285 3678 1442 3730 imbecillitas
1459 3683 1571 3742 vocatur·
1597 3679 1647 3738 Qui
1664 3679 1733 3729 enim
1753 3683 1812 3730 me

191 3700 303 3776 πέττια,
327 3701 356 3760 τδ
380 3699 407 3758 δὲ
423 3698 545 3759 ἀσθένεια
561 3700 691 3760 καλεῖται.
716 3701 751 3758 Οἱ
767 3697 813 3776 μίν
832 3699 883 3780 γάρ
912 3723 976 3779 προ-

193 3788 396 3865 όουλευσόμενοι
410 3787 448 3865 μὴ
464 3791 637 3868 συγχωρῆσαι
658 3791 695 3868 τῷ
711 3788 803 3861 πάθει,
821 3779 876 3846 είτα
892 3793 975 3862 ἡττη-

193 3877 277 3945 θέντες
303 3880 403 3949 abach,
419 3875 467 3946 τὴν
484 3879 578 3948 ἀσθενῆ
601 3877 731 3958 ἀκρασίαν
755 3879 819 3936 είσὶν
839 3880 969 3954 ἀκρατεῖς·

192 3969 215 4025 οἱ
233 3967 260 4026 δέ
276 3965 313 4044 μὴ
339 3964 617 4047 προδονλεοσόμενοι,
641 3966 698 4025 ἀλλ’
712 3965 787 4033 εδθδς
805 3965 975 4046 προσθαλόν-

191 4062 256 4120 τος·
272 4055 443 4127 ἡττηθέντες,
466 4053 515 4126 τῆν
529 4057 650 4133 προπετῆ
674 4057 802 4134 ἀκρασίαν
817 4057 880 4116 είσὶν
895 4059 975 4135 ἀκρα-

194 4143 256 4210 τεῖς·
282 4141 345 4201 ἔνιοι
367 4141 420 4221 γάρ
434 4142 651 4221 προαισθόμενοι,
676 4143 721 4200 καῖ
742 4143 907 4222 προϊδόντες,
926 4144 971 4204 καὶ

192 4227 390 4310 προεγτίραντες
399 4229 517 4302 ἑαυτούς,
527 4229 573 4288 καῖ
585 4229 628 4287 τὸν
639 4229 772 4306 λογισμόν,
785 4235 833 4311 οὐχ
842 4235 973 4304 ἡττῶνται

192 4317 244 4379 ont
259 4322 304 4376 τοῦ
321 4316 431 4395 πόθους,
447 4315 537 4398 ὥσπερ
552 4317 586 4375 τά
598 4317 771 4396 προτριόίντιι
787 4317 833 4377 καί
849 4341 967 4400 προγαρ-

192 4405 348 4488 γαλισθίντα
373 4406 439 4484 μέλη
461 4407 490 4466 οδ
512 4405 723 4488 γαργαλίζονται.
753 4409 879 4468 Meditata
907 4409 933 4468 δὲ
952 4411 976 4470 σί

192 4497 257 4567 δξεῖς
271 4496 318 4558 καί
333 4497 521 4578 μιλαγχολικολ
544 4495 592 4568 τὴν
624 4502 741 4576 προπετῆ
766 4498 895 4578 ἀκρασίαν
911 4499 974 4558 εἰσίν

177 4643 179 4648 .
193 4589 323 4669 ἀκρατεῖς·
336 4588 361 4646 οί
380 4585 427 4664 μὲν
449 4586 518 4655 δξεῖς
545 4581 587 4644 δεδι
606 4585 653 4658 τῆν
668 4586 829 4666 ταχυτῆταθ
844 4591 891 4648 οὐκ
907 4590 976 4647 σίνα-

194 4677 299 4754 μένοιισι
313 4677 361 4749 τὴν
374 4677 427 4736 ἀπὸ
441 4681 486 4736 τοῦ
501 4675 578 4755 λόγου
591 4674 684 4756 κρίσιν·
698 4677 721 4736 ol
737 4677 765 4736 δὲ
778 4677 975 4758 μελαγχολικοί,

195 4765 238 4825 nt
261 4767 291 4828 τὸ
313 4766 412 4847 σφόδρα
428 4764 599 4849 φανταστικοί
620 4754 687 4824 είναι
718 4766 764 4825 καὶ
780 4768 976 4846 ἀκολουθεῖντῇ

194 4855 334 4937 φαντασίᾳ·
354 4855 394 4914 διδ
417 4855 595 4936 σφοδροτέροις
618 4861 750 4916 κινοῦνται
771 4856 808 4935 μὴ
825 4857 977 4939 ίπιστρεφό-

195 4967 268 5021 μενοι
279 4941 344 5024 πρδς
358 4945 401 5005 τδν
416 4945 504 5024 λόγον.

227 5174 240 5200 *
256 5171 383 5240 ’ἀκρασίας
394 5177 420 5226 θλ
433 5179 461 5227 τδ
476 5180 518 5241 μέν
531 5182 672 5244 προπέτεια,
690 5183 718 5232 τό
734 5183 760 5234 et
776 5183 891 5234 ἀσθένεια
902 5183 954 5236 κτλ.

1024 3761 1091 3827 apud
1104 3759 1213 3811 animum
1231 3773 1303 3810 suum
1319 3763 1468 3818 statuerant,
1487 3773 1535 3810 non
1552 3759 1640 3810 cedere
1654 3757 1771 3816 aflectui,
1786 3761 1813 3808 et

1023 3845 1106 3892 tamen
1120 3845 1204 3904 postea
1223 3853 1252 3889 eo
1263 3845 1420 3904 superantur,
1438 3841 1469 3890 iis
1485 3853 1560 3890 causa
1576 3840 1762 3890 incontinentia
1773 3844 1814 3889 est

1024 3919 1182 3972 imbecillitas
1204 3937 1211 3968 ε
1236 3919 1357 3984 quivero
1378 3935 1408 3972 ne
1423 3921 1492 3986 prius
1507 3919 1609 3987 quidem
1635 3921 1730 3970 ratione
1749 3919 1813 3970 bene

1024 3999 1148 4050 subducta
1157 3997 1236 4062 primo
1245 3997 1329 4048 statim
1342 3999 1419 4050 animi
1430 4001 1525 4065 impetu
1535 4003 1691 4064 superantur¹
1707 4003 1812 4048 temera·

1024 4079 1060 4129 ria
1071 4077 1247 4128 incontinentia
1265 4076 1396 4127 laborant:
1413 4091 1470 4128 nam
1483 4077 1594 4128 nonnulli
1611 4091 1687 4142 quum
1697 4089 1809 4140 praesen-

1024 4160 1110 4209 serunt
1128 4169 1157 4206 ac
1184 4154 1357 4220 providerunt,
1381 4169 1459 4221 eoque
1480 4157 1547 4221 ipsos
1569 4159 1595 4207 et
1620 4155 1737 4207 rationem
1763 4154 1811 4204 din

1023 4240 1080 4288 ante
1106 4233 1335 4299 expergelecerunt‚
1370 4248 1418 4284 non
1438 4238 1588 4300 superantur
1612 4232 1719 4290 affectu.
1743 4232 1811 4284 sicut

1023 4314 1132 4382 corporis
1141 4312 1252 4364 membra
1262 4352 1267 4370 ‚
1279 4325 1336 4376 qum
1356 4326 1435 4376 quum
1449 4317 1506 4364 ante
1520 4313 1687 4364 tricuimusnc
1699 4311 1814 4362 titillavi-

1023 4409 1091 4454 mus,
1111 4397 1196 4459 postea
1209 4405 1257 4442 non
1269 4391 1376 4456 amplius
1390 4391 1531 4442 titillantur.
1547 4391 1655 4442 llarime
1673 4395 1758 4441 autem
1770 4391 1813 4454 qui

1024 4473 1124 4526 inirem
1140 4471 1279 4537 precipites
1291 4474 1316 4520 ei
1337 4470 1507 4521 melancholici
1532 4474 1605 4528 sunt,
1619 4469 1752 4520 temeraria
1773 4469 1812 4518 in-

1024 4560 1173 4611 continentia
1182 4559 1294 4610 labornnt
1308 4577 1314 4608 ε
1326 4559 1351 4608 el
1362 4557 1386 4607 in
1406 4555 1468 4605 iram
1479 4553 1579 4619 quidem
1592 4549 1741 4615 piraeeipites.
1754 4550 1812 4614 quia

1024 4641 1124 4702 propter
1137 4635 1318 4688 festinationem
1333 4634 1434 4685 rationis
1443 4630 1564 4698 judicium
1583 4643 1633 4680 non
1650 4632 1810 4694 exspectant.

1023 4716 1193 4768 melancholici
1214 4730 1285 4774 vero„
1305 4713 1364 4779 quia
1383 4713 1416 4764 ad
1432 4711 1550 4774 imagines
1568 4707 1744 4773 concipiendas
1758 4721 1813 4773 per-

1023 4812 1099 4863 quam
1117 4797 1168 4863 epti
1188 4800 1287 4848 suntet
1303 4794 1503 4859 imaginationem
1524 4793 1666 4855 sequuntur
1683 4788 1811 4855 :ideoque

1024 4877 1195 4930 vehementius
1219 4877 1294 4928 etiam
1316 4878 1465 4932 morentur,
1486 4869 1604 4939 quoniam
1623 4871 1745 4922 rationem
1765 4882 1812 4919 non

1022 4956 1164 5021 respiciunt.
