3938 5968
423 350 651 414 urflicouuni
673 349 1014 414 Nicomncuuouum
1036 349 1323 412 Pnunpflnnsls
1621 351 1675 410 541

70 486 133 568 μετὰ
153 485 302 568 τῶνφίλων
321 489 405 544 ταῦτα
421 490 542 561 ποιοῦσι,
568 485 613 545 καλ
636 481 736 545 τούτων
753 507 847 546 καινω-
896 495 980 552 Quum
994 491 1060 543 enim
1074 505 1124 542 una
1139 505 1197 542 curn
1212 489 1299 540 amicis
1319 488 1404 539 virere.
1418 485 1504 549 veiint,
1517 486 1573 538 haec
1589 485 1684 537 iaciunt

69 581 151 636 νοῦσον
169 576 241 634 ἃκαλ
254 575 412 656 ἀμφοτέροις
426 573 492 648 ἡδέα
509 574 589 636 ἐστίν.
605 571 686 634 Οθτω
706 573 759 653 γὰρ
770 577 850 646 συζῆν
896 582 1000 646 hucque
1021 582 1086 632 inter
1106 595 1133 631 sc
1156 579 1341 630 communicant
1366 590 1425 643 qum
1443 575 1559 640 utrisque
1573 576 1684 641 iucunda

70 664 183 724 δυνατόν.
455 707 456 710 ι
897 674 963 722 sunt.
979 672 1020 731 sic
1033 671 1099 721 enim
1114 684 1163 721 una
1182 671 1267 720 virere
1279 671 1391 734 possunt.

108 753 118 779 ¹
137 751 243 813 Γίνεται
267 741 312 810 ούν
327 755 344 824 ἡ
361 751 409 827 μὲν
426 756 478 812 τῶν
502 752 609 832 φαύλων
626 750 699 834 φιλία
717 749 857 832 μοχθηροίς
928 759 1052 812 italorum
1071 760 1149 825 igitur
1161 759 1252 810 vitiosa
1265 757 1431 816 amicitiaest,
1447 755 1608 808 etmalorum
1621 756 1685 806 inter

68 843 112 900 καὶ
126 845 291 902 κοινωνοῦσιν
319 840 444 911 ἀλλήλαις
458 845 511 900 τῶν
537 841 660 922 φαύλων,
682 839 727 898 καὶ
742 843 758 911 ἡ
775 837 850 919 φιλία
898 862 924 900 se
935 863 1019 901 rerum
1038 849 1216 901 commercium
1235 846 1336 908 hubent,
1361 846 1406 898 scd
1424 861 1510 898 eorum
1525 861 1573 898 non
1584 860 1684 912 perma-

69 933 153 998 οιύτοῖς
165 931 214 1010 οὐχ
228 929 350 1002 ἕστηκεν·
367 927 489 988 ἇύίύοιιοι
504 928 555 1008 γοίρ
570 931 620 989 εἶσι
634 952 640 966 ·
653 927 700 988 καὶ
709 926 812 1008 χείρους
824 925 851 986 δὲ
897 942 940 989 net
953 938 1024 990 firma
1037 939 1146 990 amicitia
1164 958 1170 988 ε
1186 937 1280 1004 quique
1297 935 1425 987 instabiles
1440 940 1499 986 sunt
1512 952 1520 986 :
1535 936 1685 1001 quinetiam

69 1021 181 1097 γίνονται
201 1023 319 1094 ἑαυτῶν,
343 1017 508 1096 ὁμοιούμενοι
523 1016 646 1090 ἀλλήλοις
660 1015 706 1075 καλ
727 1038 853 1097 παρακα-
898 1028 960 1080 dum
978 1027 1071 1078 similes
1087 1029 1152 1078 inter
1169 1041 1196 1077 se
1223 1028 1286 1077 iiunt
1306 1028 1381 1090 atque
1401 1025 1464 1074 alter
1479 1025 1586 1075 alterum
1601 1023 1686 1074 adres

68 1109 169 1176 λοῦντες
181 1109 311 1181 ἀλλήλους
324 1106 368 1168 tri
383 1107 416 1167 τὰ
427 1109 525 1189 φαῦλα.
898 1115 977 1166 maias
996 1115 1151 1173 exhortatur,
1170 1115 1267 1179 pejores
1283 1128 1360 1178 quam
1376 1116 1434 1163 ante
1452 1111 1551 1163 funerant
1566 1111 1684 1162 evadunt.

107 1196 133 1222 *¹
145 1196 181 1259 Ἡ
195 1197 223 1257 δὲ
246 1201 299 1256 τῶν
312 1199 433 1256 ἐπιεικῶν
455 1193 529 1277 φιλία
547 1193 662 1266 ἐπιεικής
678 1195 734 1254 ἔστι
748 1191 795 1252 καί
808 1197 852 1274 βε·
899 1208 1023 1256 Bonorum
1035 1207 1121 1254 autem
1137 1203 1200 1254 nom
1212 1207 1250 1254 est
1265 1207 1291 1254 et
1309 1204 1380 1253 timna
1397 1202 1515 1266 amicitia,
1525 1216 1584 1268 qum
1597 1215 1687 1252 sermo

70 1286 147 1366 βαία,
173 1285 385 1364 συναυξανομέιη
404 1286 445 1345 ἀεὶ
473 1286 529 1364 ταῖς
548 1285 685 1362 ὁμιλίαις·
704 1285 810 1342 δοκοῦσι
822 1283 849 1342 δὲ
899 1294 974 1344 nibus
992 1296 1018 1344 et
1036 1306 1167 1357 congressu
1182 1307 1278 1358 semper
1294 1293 1460 1358 amplificatur
1478 1311 1484 1342 ε
1499 1292 1618 1343 videntur
1638 1306 1686 1340 an·

68 1377 111 1436 καλ
131 1377 248 1454 βελτίους
261 1378 378 1457 γίνεσθαι
395 1381 452 1446 ταῖς
476 1379 586 1454 ἀγαθαῖς
604 1374 762 1456 ἐνεργείαις,
782 1376 853 1454 διορ·
899 1389 951 1435 tem
970 1383 1041 1435 bonis
1052 1383 1194 1436 'actionibus
1217 1383 1272 1435 fieri
1285 1383 1408 1443 meliores,
1423 1383 1483 1449 quia
1502 1383 1565 1433 alter
1580 1383 1687 1432 alterum

69 1469 168 1534 θοῢντες
194 1465 339 1540 ἀλλήλους·
362 1467 561 1545 ἀπομύττονται
577 1466 629 1548 γὰρ
648 1467 712 1546 παρ’
731 1462 853 1536 ἀλλήλων
900 1474 1000 1538 corrigit
1015 1492 1021 1524 ε
1034 1473 1149 1524 imitatur
1162 1473 1228 1524 enim
1238 1473 1301 1524 aiter
1318 1473 1421 1524 alterius
1435 1473 1507 1532 bona,
1519 1475 1687 1538 pmpterquae

68 1552 101 1612 τὰ
128 1557 192 1634 παρ’
206 1555 326 1637 ἑκατέρῳ
348 1555 449 1634 ἀγαθοί,
468 1555 535 1616 δι’ίλ
566 1558 684 1636 φιλοῦσιν
710 1552 851 1624 ἀλλήλους.
900 1579 926 1616 se
945 1567 1034 1615 mutuo
1046 1564 1161 1630 diligunt.
1176 1565 1297 1624 Quocirca
1315 1567 1344 1632 et
1354 1566 1427 1628 potia
1445 1561 1548 1629 quidam
1560 1562 1596 1613 ait

69 1643 119 1704 Διθι
132 1653 208 1706 τοῦτο
221 1646 266 1705 καί
282 1645 393 1719 ποιητής
406 1645 444 1714 τίς
459 1667 557 1728 φησιν·

116 1789 222 1838 Ἐσθλῶν
238 1789 280 1851 μὲν
294 1787 340 1854 γὰρ
352 1787 395 1837 ἀπ’
408 1787 487 1838 ἐσθλοί.
955 1799 1071 1845 Virtutem
1085 1799 1160 1844 cttsoea
1174 1809 1205 1842 αα
1218 1796 1327 1854 [mutus.

70 1912 124 1971 Καὶ
136 1914 185 1996 γὰρ
199 1915 253 1975 ἀπὸ
263 1915 310 1993 nto
319 1919 370 1976 τῶν
384 1917 488 1995 ἀγαθῶν
500 1913 604 1994 ἀγαθαί,
615 1911 705 1974 ἀπὸδὲ
723 1915 775 1972 τῶν
788 1911 853 1994 φαύ·
901 1935 1013 1998 Namque
1027 1931 1125 1984 abonis
1136 1933 1208 1992 bona,
1225 1946 1240 1994 a
1259 1931 1332 1982 maiis
1342 1933 1428 1981 autem
1436 1927 1502 1979 maia
1514 1927 1685 1993 impetramus,

69 2002 120 2060 λων
144 2006 234 2085 φαῦλα
258 2003 441 2086 καρποίμεθα.
469 2004 535 2086 Περὶ
561 2003 609 2081 μὲν
632 1993 676 2063 οὖν
699 2001 787 2084 φιλίας
811 2001 854 2062 ἐπὶ
901 2024 936 2072 Ac
956 2021 988 2072 de
1008 2021 1117 2072 amicitia
1132 2020 1236 2086 quidem
1256 2019 1379 2070 hactenus
1394 2017 1491 2069 dictum
1512 2015 1552 2068 sit.
1567 2015 1689 2079 Deinceps

69 2095 189 2237 τοδσοθτυν
218 2093 339 2175 εἰρήσθω.
357 2093 507 2170 Ἑπύμενον
530 2091 589 2152 δ’θν
613 2091 654 2166 τίη
671 2094 779 2152 διελθεῖν
793 2090 853 2172 περὶ
902 2124 962 2163 vem
975 2109 1007 2161 de
1020 2109 1150 2177 voluptate
1164 2109 1241 2162 fuerit
1250 2107 1438 2176 disputandum,

103 2202 130 2239 ον
164 2229 172 2243 .

69 2183 86 2252 ἡ
110 2207 238 2354 (ἒίιίροί
255 2292 263 2334 2
283 2283 296 2310 ⁸
309 2269 371 2358 κύν]
388 2273 454 2332 cod.
471 2271 531 2354 κᾷν.
547 2307 587 2318 -
603 2280 616 2319 b
632 2270 691 2331 καθ’
700 2271 773 2350 ὅσον]
787 2270 853 2331 cod.

70 2361 192 2422 καθόσον.
209 2395 250 2407 -
264 2359 345 2444 θεῖοί]
363 2362 429 2422 cod.
444 2361 519 2423 εἰσίν.
538 2393 578 2406 -
589 2359 601 2396 ⁶
613 2359 718 2440 μέντοι]
731 2360 796 2421 cod.
807 2359 855 2437 μέν

70 2470 118 2506 τοι.
135 2483 177 2496 -
200 2461 211 2486 ⁸
231 2449 397 2530 τελειοτάτη]
409 2451 474 2513 cod.
492 2449 684 2529 τελειωτοίτη].
700 2483 740 2494 -
752 2449 791 2522 ¹8,
814 2472 854 2508 τι·

70 2534 129 2619 περ]
147 2539 213 2598 cod.
227 2538 267 2598 ὅτι
282 2563 341 2620 περ.
360 2539 413 2617 -)

120 2717 217 2768 Γίνεται
230 2715 272 2769 οὖν
286 2722 302 2780 ἡ
314 2718 357 2782 μὲν
367 2719 417 2770 τῶν
430 2717 526 2783 φαύλων
537 2715 603 2782 φιλία
613 2717 665 2780 κτλ.
680 2743 711 2758 -
728 2715 758 2748 *4
778 2713 812 2767 Ἦ
828 2713 856 2766 δὲ
867 2719 916 2766 τῶν
930 2713 1047 2763 ἐπιεικῶν
1060 2711 1114 2763 κτλ.
