3938 5968
514 337 740 414 smr'connn
762 320 1096 414 niconncunoann
1117 351 1403 416 rnalrusnsrs.
1712 360 1771 421 ssa

150 486 298 561 διζομῖνου,
310 482 355 546 καί
366 484 495 566 διαφέρων
510 489 646 557 τοσοῦτον,
659 483 719 544 δσον
729 483 760 544 τδ
774 483 843 545 κατδι
859 483 935 563 λόγον
982 489 1040 559 quis
1059 493 1151 544 rationi
1169 493 1345 544 convenienter
1361 493 1448 557 vivat,
1469 509 1501 546 an
1517 494 1652 550 affectibus
1670 497 1771 558 serviat,

149 577 196 646 ζῆν
212 578 258 634 τοῦ
272 573 342 634 κατδι
361 576 460 648 πάθος,
482 573 528 634 καί
550 578 567 646 ἡ
592 579 637 634 τοῦ
659 577 757 652 ἀγαθοῦ
783 573 865 655 ὄρεξις
889 579 936 646 τῆς
982 587 1008 633 et
1025 587 1148 649 quantum
1160 583 1217 634 boni
1230 583 1484 649 appetituraviuosa
1496 584 1599 637 libidine
1609 585 1695 637 distat.
1707 589 1771 639 cum

149 661 253 744 φαύλης
268 665 419 742 ἐπιθυμίας.
447 663 527 724 Ἐπεί
542 662 627 723 τοίνυν
648 662 708 732 τοῦς
720 664 877 731 σπουδαίους
891 663 937 722 καί
984 688 1042 738 ergo
1053 674 1130 725 bobus
1141 677 1167 725 et
1179 688 1268 740 roquos
1287 673 1402 725 homines
1415 688 1502 726 omnes
1517 677 1543 726 et
1560 676 1664 727 landent
1679 681 1704 727 et
1716 691 1769 728 am·

148 755 273 820 ἐπιεικεῖς
288 754 424 814 ἐπαινοῦσι
448 753 495 813 καί
518 752 697 833 ἀποδέχονται
711 752 828 826 πάντες,
854 753 893 811 δε·
907 751 934 811 δὲ
984 764 1132 828 plectantur,
1150 777 1237 814 omnes
1248 766 1334 814 autem
1352 764 1444 828 probos
1464 778 1518 815 esse
1543 764 1638 824 deceat,
1652 765 1687 830 (si
1705 765 1772 817 enim

149 842 251 908 πάντας
267 839 394 909 ἐπιεικεῖς
404 831 485 918 εἶναι,
500 841 561 922 (καί
572 839 623 923 γδιρ
635 841 743 902 πάντων
761 843 796 910 είς
812 841 841 901 τὸ
853 842 934 901 καλὸν
981 867 1067 903 omnes
1082 851 1115 903 ad
1137 853 1270 904 honestum
1286 853 1401 903 certatim
1421 853 1551 918 pervenire
1582 869 1671 920 resque
1693 855 1770 906 bone-

150 931 357 1008 διμιλλωμένων,
371 933 417 992 καί
434 931 635 1010 διατεινομένων
652 931 686 992 τὰ
707 931 839 991 κάλλιστα
851 933 935 1012 πράτ-
984 942 1106 992 stissimas
1116 956 1188 1007 agere
1203 941 1361 1000 contendant,
1374 942 1457 992 omnia
1467 946 1493 992 et
1504 943 1602 1007 publice
1616 947 1642 994 et
1654 943 1772 1009 privatim

150 1043 222 1092 τειν,
240 1021 328 1080 πάντα
344 1021 519 1094 ἀπαντήσειἀ
537 1021 572 1080 τδι
595 1021 697 1101 ἀγαθά,
713 1020 759 1080 καί
774 1024 848 1101 κοινῇ
870 1030 935 1081 πᾶσι

149 1111 195 1169 καὶ
211 1111 264 1190 lita
278 1112 396 1186 ίκοίστω]
408 1113 532 1193 φανερόν,
548 1110 588 1170 δτι
598 1110 655 1170 δέον
671 1110 727 1170 ἐστὶ
742 1111 785 1170 τδν
803 1109 850 1188 μέν
866 1112 935 1188 ἀγα-

149 1199 192 1260 θὸν
207 1201 333 1281 φίλαυτον
349 1169 427 1261 εῖναι.
445 1199 499 1261 Καί
513 1199 563 1280 γάρ
579 1199 655 1268 αὐτός
667 1224 696 1258 τε
719 1200 812 1260 ἑαυτὸν
830 1199 933 1279 ὠφελή-

148 1311 189 1348 σει
204 1289 237 1348 τά
252 1289 322 1349 καλδι
344 1289 487 1369 πράττων,
507 1288 552 1348 κοιλ
573 1289 632 1356 τοὺς
648 1288 742 1356 ἄλλους
768 1287 812 1350 ἐπί
835 1288 869 1347 τδι
890 1289 935 1348 ίσα

149 1377 275 1449 κινήσει·
297 1378 341 1437 τδν
366 1378 393 1438 δὲ
412 1377 546 1457 μοχθηρὸν
572 1378 694 1438 ούκέτιθ·
719 1381 800 1459 φιλῶν
821 1376 872 1459 γδιρ
890 1378 935 1438 καί

147 1466 320 1548 χαριζόμενος
331 1470 417 1546 ἐαυτῷ
430 1467 525 1549 βλάψει
537 1466 582 1526 καὶ
592 1466 693 1541 ἑαυτόν,
709 1467 755 1528 καί
766 1467 825 1536 τοῦς
839 1466 933 1540 πέλας,

147 1558 261 1617 πάθεσιν
271 1557 396 1635 ἑπόμενος
407 1558 529 1638 φαύλοις·
543 1555 601 1615 ἐπεὶ
611 1555 644 1614 τδι
656 1555 729 1636 παρὰ
744 1557 791 1632 μὲν
803 1561 840 1636 τῷ
854 1580 934 1618 σπου·

148 1647 216 1728 δαίιρ
226 1648 319 1707 ταύτόν
328 1645 418 1706 ἐστινδ
427 1643 659 1726 πράττουσε,καίδ
673 1645 799 1726 πράττειν
812 1645 839 1704 δὲ
856 1669 934 1725 προσ-

149 1736 223 1808 ήκει·
236 1735 283 1795 καί
293 1734 343 1814 γδρ
356 1743 408 1803 πάς
422 1733 469 1811 μέν
481 1733 548 1814 ἀνήρ
560 1732 655 1813 ἀγαθὸς
669 1738 747 1801 δνοῦς
758 1735 931 1813 αὕτοῦέστιν·

148 1828 235 1892 δνοῦς
256 1826 283 1884 δέ
299 1828 411 1905 αἱρεῖται
427 1823 456 1882 τδ
473 1822 609 1904 βέλτιστον
625 1827 710 1903 ἑαυτῷ
725 1847 731 1861 ·
749 1825 773 1882 οί
790 1823 816 1882 δέ
829 1828 932 1904 πειθαρ-

147 1920 227 1995 χοῦσι
242 1915 286 1974 καί
302 1917 475 1973 ἀκολουθοῦσι
495 1917 532 1986 τῷ
553 1915 605 1993 νῷ·
624 1911 810 1994 respitiant<
828 1912 935 1992 φαύλοις

148 2002 179 2062 τὸ
197 2002 271 2074 δέον,
286 2003 330 2060 καὶ
347 2001 490 2070 δποιοῦσι,
509 2003 651 2083 διαφωνεῖ·
668 2001 714 2060 καί
730 2000 772 2060 διὰ
786 2007 864 2060 τοῦτο
878 2001 936 2069 τοὺς

149 2090 197 2168 μὲν
214 2093 244 2150 οὖ
263 2093 302 2150 δεῖ
316 2091 456 2172 φιλαύτους
471 2080 552 2160 εῖναι,
570 2089 629 2157 τοὺς
649 2089 675 2148 δὲ
699 2087 805 2156 ἑαυτοὺς
818 2089 934 2165 μάλιστα

148 2181 279 2260 προσήκει
294 2183 388 2260 φιλεῖν.
409 2177 490 2240 otro
510 2179 592 2256 μένδ
615 2179 713 2251 ἀληθής
735 2178 871 2258 διώρισται
886 2179 933 2238 λύ-

147 2292 205 2350 γος.
222 2270 322 2332 Δυτέον
346 2268 374 2328 δέ
396 2268 442 2328 καί
455 2269 499 2328 τδν
518 2271 621 2349 πρῶτον
643 2267 741 2348 λόγον,
759 2269 791 2327 δι’
806 2268 835 2328 δν
852 2271 936 2330 ἐδόκει

148 2359 194 2418 τὸν
212 2359 307 2436 ἀγαθὸν
326 2357 364 2436 μὴ
388 2351 453 2418 εἶναι
472 2356 615 2438 φίλαυτον,
636 2357 676 2418 ότι
698 2361 750 2416 τῶν
775 2357 821 2436 μὲν
841 2362 936 2420 ἑαυτοῦ

150 2447 258 2522 ἀμελεῖ,
274 2449 347 2516 ζητεῖ
362 2445 390 2502 δὲ
405 2444 438 2503 τδι
451 2449 502 2504 τῶν
516 2447 598 2524 φίλων
616 2444 719 2516 καὶτῆς
734 2444 858 2525 πατρίδος
873 2447 936 2522 ἀγα-

149 2533 284 2616 θά,ύπέρ
299 2523 335 2591 διν
355 2533 400 2593 καί
415 2535 574 2606 ἀποθνήσκει
598 2536 705 2605 δεῆσαν.
730 2533 795 2594 Ὅτι
819 2533 866 2611 μέν
890 2526 935 2595 οῦν

149 2625 263 2691 τοιοῦτός
291 2627 389 2684 ἐστινὸ
411 2624 570 2696 σπουδαῖος,
595 2624 689 2697 ἀληθές
714 2626 795 2684 ἐστιν.
822 2626 864 2684 Ob
882 2623 936 2703 μὴν

151 2714 195 2775 δεδι
215 2719 291 2774 τοῦτο
309 2713 400 2795 ῥητέον
418 2712 497 2772 αὐτὸν
514 2711 552 2790 μή
569 2714 687 2790 μάλιστα
701 2713 826 2794 φίλαυτον
850 2704 933 2774 εἶναι·

150 2805 184 2864 δι’
201 2804 330 2879 αύτδιμέν
353 2793 398 2862 οῦν
418 2807 538 2886 φαίνεται
555 2802 680 2884 φίλαυτος
705 2793 781 2866 εἶναι.
810 2803 864 2864 Καὶ
885 2806 935 2886 γάρ

151 2892 211 2953 ἀντὶ
226 2893 351 2969 μεγάλων
368 2891 450 2970 μικρδι
467 2887 603 2973 προίεται,
622 2891 667 2952 καλ
683 2891 715 2949 τδι
730 2892 811 2972 μικρὰ
829 2891 936 2973 ῥίπτων,

149 2981 184 3040 τδι
202 2977 315 3062 μέγιστα
341 2984 394 3042 τῶν
418 2984 523 3061 ἀγαθῶν
551 2985 635 3062 ἐαυτῷ
661 2983 856 3061 περιποιεῖται·
885 2993 937 3052 τοῖς

150 3072 200 3148 μέν
214 3069 266 3151 γάρ
281 3068 364 3150 φίλοις
384 3070 430 3130 καί
454 3075 487 3150 τῇ
512 3069 620 3152 πατρίδι
641 3071 769 3150 χρήματα
786 3071 832 3131 καί
857 3075 937 3150 τιμδς

150 3160 195 3219 καί
210 3163 318 3218 τοιαῦτα
333 3157 461 3238 παρέχει,
479 3162 566 3237 ἑαυτῷ
581 3157 608 3217 δέ
623 3159 653 3218 τὸ
671 3158 807 3219 καλόνκαὶ
825 3161 935 3240 ἀγαθόν,

151 3249 199 3308 καὶ
210 3246 325 3328 χρηστὸν
343 3247 388 3305 καὶ
404 3248 540 3327 φιλόπολιν
556 3237 640 3320 εἶναι,
652 3247 698 3306 καὶ
709 3249 744 3307 τά
755 3253 879 3326 τοιαῦτα,
898 3242 935 3310 ὧν

150 3339 237 3398 ἐκεῖνα
253 3337 340 3396 πάντα
355 3338 475 3396 ἐλάττω·
493 3334 538 3396 καλ
553 3335 615 3396 ὅταν
640 3337 668 3396 δὲ
683 3337 747 3417 ὑπὲρ
766 3341 819 3396 τῶν
836 3339 932 3420 φίλων,

149 3428 195 3486 καὶ
218 3431 265 3498 τῆς
288 3425 387 3492 πολεως
406 3425 541 3505 ἀποθάνῃ,
567 3425 613 3484 καὶ
628 3423 676 3496 τήν
703 3427 796 3484 ἑαυτοῦ
820 3433 935 3508 πρόηται

150 3515 236 3586 ζωήν,
253 3513 333 3590 μείζω
352 3513 503 3592 ἐκέρδανεν,
522 3513 540 3585 ἢ
564 3515 708 3593 προήκατο.
735 3515 861 3594 Αίρεῑται
885 3517 935 3600 γὰρ

149 3605 238 3680 ὀλίγον
254 3599 347 3681 χρόνον
364 3607 476 3673 ἡσθῆναι
495 3603 598 3683 σφόδρα
611 3601 659 3673 τὴν
676 3602 777 3682 ἀγαθὴν
792 3604 838 3664 καί
856 3607 935 3665 ἐπαι-

149 3691 228 3763 νετὴν
240 3689 354 3762 ἡδονήν,
371 3689 500 3764 ήπολλήν
515 3694 610 3772 ἠρέμα·
629 3692 675 3751 καὶ
690 3693 791 3772 βελτιον
810 3697 881 3775 αύτῷ
897 3688 936 3758 εἶ-

149 3805 195 3840 ναι
207 3780 311 3862 ἡγεῖται
324 3779 368 3839 τδν
389 3779 445 3859 βίον
465 3781 556 3862 μικρὸν
570 3781 632 3840 ὄντα
649 3782 772 3861 μεγάλων
784 3781 874 3862 γέμειν
889 3809 936 3846 κα-

151 3868 377 3952 τορθωμάτων,ή
396 3869 496 3948 μακρὸν
519 3869 653 3950 βιώσαντα
673 3868 710 3947 μὴ
727 3869 809 3938 οὕτως
831 3875 936 3936 ἐπαινε-

149 3961 195 4019 τὸν
209 3949 292 4030 εἶναι,
314 3957 360 4017 καί
373 3958 436 4035 μίαν
451 3957 546 4038 πρᾶξιν
563 3962 673 4030 ποιῆσαι
687 3958 771 4030 καλὴν
785 3959 831 4020 καί
851 3965 934 4043 μεγά-

149 4052 200 4122 λην
213 4094 220 4120 ,
234 4048 251 4119 ἢ
263 4047 362 4114 πολλὰς
379 4047 425 4106 καί
447 4048 551 4128 μικράς.
568 4051 662 4108 Ταῦτα
679 4046 730 4130 γὰρ
750 4050 855 4110 ἐκείνων
873 4056 937 4112 καλ-

150 4139 212 4201 λίω.
227 4135 282 4197 Καί
296 4135 402 4216 πράξεις
419 4136 446 4196 δὲ
458 4135 603 4204 σπουδαίας
616 4135 697 4198 ἐνίοτε
711 4139 832 4220 προίεται
847 4145 887 4223 τῷ
896 4142 937 4224 φί-

982 1031 1086 1096 singulis
1100 1032 1216 1082 evenient
1233 1031 1305 1096 bona)
1326 1030 1487 1082 manifestum
1513 1035 1559 1092 est,
1577 1033 1670 1084 bonurn
1686 1033 1770 1084 uirum

983 1121 1008 1170 in
1026 1120 1115 1186 primis
1128 1121 1167 1172 sui
1186 1123 1324 1171 amatorem
1342 1135 1396 1170 esse
1411 1123 1535 1185 oportere.
1550 1123 1661 1186 Namque
1673 1125 1699 1172 et
1718 1121 1770 1187 ipsc

982 1211 1092 1262 honestis
1107 1210 1247 1262 accionibus
1258 1201 1440 1275 sibi-proderit,
1461 1215 1486 1260 et
1503 1211 1565 1261 allos
1584 1211 1616 1261 ad
1628 1212 1769 1274 ,earundem

983 1315 1066 1351 rernm
1081 1299 1194 1351 studium
1209 1301 1320 1366 impellet
1336 1319 1342 1349 ι
1357 1300 1499 1365 improbum
1519 1315 1577 1350 vero
1590 1315 1640 1351 non
1652 1301 1712 1352 item
1728 1319 1733 1350 :
1749 1302 1771 1352 si

981 1390 1047 1440 enim
1057 1403 1140 1440 amare
1151 1403 1177 1440 se
1187 1393 1212 1440 et
1226 1389 1358 1454 gratificari
1372 1389 1418 1440 sibi
1435 1391 1551 1456 coeperlt,
1568 1393 1594 1441 et
1612 1389 1659 1440 sibi
1674 1390 1773 1442 nocebit

981 1481 1007 1530 et
1020 1479 1083 1538 aliis,
1107 1478 1205 1530 vitiosis
1225 1478 1300 1530 animi
1320 1479 1553 1542 perturbationibus
1568 1479 1769 1544 obtemperans:

981 1569 1098 1633 qnoniam
1113 1567 1138 1618 in
1157 1567 1218 1618 viris
1244 1567 1329 1632 probis
1344 1566 1410 1618 idem
1430 1571 1469 1618 est
1484 1567 1554 1633 quocl
1567 1569 1644 1632 agunt
1663 1570 1688 1619 et
1704 1568 1773 1634 quoti

982 1656 1021 1720 agi
1037 1656 1152 1706 convenit
1166 1672 1171 1706 :
1185 1659 1254 1706 totus
1264 1656 1329 1706 enim
1341 1655 1379 1706 vir
1392 1655 1472 1706 bonus
1486 1670 1557 1708 mons
1574 1671 1620 1707 sna
1630 1660 1684 1708 est:
1703 1671 1773 1708 mens

982 1748 1066 1796 atatem
1084 1743 1132 1796 sibi
1151 1744 1237 1810 deligit
1257 1745 1325 1810 quod
1345 1748 1384 1796 est
1402 1745 1525 1810 optimum
1541 1745 1597 1798 :illi
1616 1759 1675 1797 vero
1690 1747 1768 1796 menti

982 1837 1069 1899 parent
1090 1847 1197 1898 eamque
1221 1838 1383 1900 sequnntur,
1403 1834 1428 1886 iu
1455 1834 1528 1885 malis
1552 1848 1612 1888 vero
1629 1835 1772 1886 bominibus

981 1919 1049 1988 quod
1069 1919 1211 1972 iaciendum
1236 1924 1274 1972 est
1298 1921 1330 1972 ab
1357 1935 1386 1972 eo
1413 1919 1482 1986 qnod
1505 1920 1600 1971 faciunt
1624 1921 1771 1986 discrepat:

984 2011 1089 2076 ideoque
1102 2010 1149 2061 bos
1166 2011 1206 2060 sni
1230 2013 1354 2061 amatores
1370 2023 1424 2060 esse
1447 2024 1495 2060 non
1511 2013 1625 2076 oportet,
1643 2011 1700 2061 illos
1714 2023 1773 2061 vero

983 2100 1091 2150 maxime
1103 2114 1130 2150 se
1146 2099 1213 2165 ipsos
1228 2115 1312 2151 amare
1324 2100 1403 2150 decet.
1421 2100 1576 2165 sicquidem
1593 2114 1679 2150 veram
1691 2099 1772 2164 expli·

984 2188 1096 2238 cavimus
1113 2187 1261 2254 opinionem.
1284 2190 1341 2238 lam
1355 2202 1415 2238 sero
1431 2192 1455 2239 et
1467 2187 1499 2238 ad
1514 2189 1622 2253 priorem
1635 2189 1704 2240 illam
1717 2188 1773 2254 opi·

983 2278 1081 2328 nionem
1104 2277 1303 2344 respondendnm
1320 2281 1372 2338 est,
1396 2290 1474 2343 quam
1489 2277 1609 2330 hebentes
1627 2277 1772 2328 statuebant

985 2366 1067 2416 virum
1082 2365 1176 2416 bonum
1200 2380 1250 2416 uon
1273 2379 1327 2417 esse
1345 2366 1385 2417 sni
1404 2371 1539 2429 amantem,
1552 2367 1612 2433 quia
1624 2381 1683 2418 suas
1702 2366 1770 2416 utili-

986 2457 1049 2506 tates
1076 2455 1192 2519 negligit,
1223 2455 1361 2506 amicornm
1391 2469 1451 2506 vero
1476 2460 1502 2507 et
1529 2456 1617 2522 palriae
1642 2456 1772 2510 commoda

984 2545 1094 2608 spectet,
1116 2558 1162 2608 pro
1181 2543 1274 2608 quibus
1299 2558 1330 2595 ne
1351 2545 1414 2596 mon·
1434 2545 1537 2611 quidem
1555 2549 1663 2606 recusat,
1691 2561 1771 2612 quum

983 2634 1089 2696 oportet.
1118 2632 1203 2683 Talem
1227 2646 1286 2698 ergo
1304 2646 1358 2685 esse
1381 2634 1464 2684 virum
1487 2634 1589 2694 bonnm,
1611 2648 1699 2686 rernm
1721 2636 1769 2687 est.

982 2724 1069 2786 Neque
1083 2722 1166 2771 tamen
1178 2725 1309 2786 propterea
1318 2721 1451 2773 dicendum
1465 2726 1515 2782 ost,
1528 2737 1586 2774 enm
1602 2737 1651 2774 non
1662 2723 1771 2774 maxima

983 2809 1022 2858 sui
1044 2811 1172 2858 amantem
1198 2822 1275 2860 esse:
1299 2823 1379 2876 quum
1400 2811 1477 2860 etiam
1502 2810 1596 2860 idcirco
1624 2811 1664 2860 sui
1684 2825 1771 2862 ainans

983 2909 1038 2946 esse
1047 2895 1169 2946 rideatur.
1185 2899 1249 2946 Nam
1262 2911 1308 2960 pro
1321 2898 1416 2962 magnis
1430 2913 1506 2964 parra
1516 2897 1654 2964 profundit,
1669 2902 1694 2950 et
1708 2898 1770 2950 dum

983 2985 1086 3036 minima
1099 2985 1218 3052 quasdam
1232 2985 1327 3051 alrjicit,
1343 2987 1453 3038 maxima
1470 2988 1517 3038 sibi
1534 2991 1663 3053 comparat
1682 2988 1769 3042 bona:

983 3074 1069 3124 amicis
1093 3075 1186 3140 quippo
1208 3075 1346 3140 patriasque
1366 3077 1496 3140 pecunias,
1522 3077 1628 3128 bonores
1658 3077 1771 3143 aliasque

983 3163 1059 3228 hujus
1078 3163 1175 3228 generis
1192 3177 1233 3214 res
1253 3164 1368 3230 largitur,
1385 3164 1432 3215 sibi
1450 3177 1509 3216 vcro
1530 3165 1628 3216 bonesti
1652 3164 1769 3230 bonique,

984 3256 1008 3302 et
1023 3252 1092 3316 probi
1113 3253 1159 3302 viri
1172 3252 1310 3317 patriaeque
1324 3253 1432 3302 amantis
1452 3252 1612 3318 aliarumque
1626 3253 1771 3318 hujusmodi

984 3342 1107 3392 virtutum
1127 3341 1220 3394 famam
1235 3342 1336 3408 querit,
1352 3341 1446 3407 quibus
1469 3342 1565 3408 reliqna
1584 3342 1654 3406 longe
1675 3342 1771 3393 minora

983 3435 1042 3482 sunt
1055 3451 1062 3482 :
1078 3445 1209 3497 quumque
1223 3445 1267 3496 pro
1279 3431 1365 3482 amicis
1376 3434 1402 3482 et
1415 3445 1460 3496 pm
1473 3431 1554 3496 patria
1566 3431 1673 3481 moritur
1685 3445 1770 3482 snam-

983 3534 1033 3585 qne
1053 3522 1133 3572 vitam
1146 3520 1282 3586 profundit,
1297 3522 1394 3587 majora
1409 3525 1493 3571 tamen
1514 3521 1626 3571 lucratus
1641 3525 1678 3572 est
1694 3535 1770 3586 quam

982 3609 1097 3674 perdidit.
1115 3611 1212 3660 Mavult
1224 3611 1290 3660 enlm
1307 3623 1440 3675 parumper
1456 3610 1559 3660 honesta
1579 3610 1623 3660 illa
1641 3624 1670 3659 ac
1684 3610 1771 3660 landa·

983 3699 1026 3750 bili
1049 3700 1177 3764 uoluptate
1191 3699 1249 3758 frui,
1265 3714 1342 3764 qnam
1358 3701 1430 3764 longo
1442 3699 1576 3763 tranquille
1589 3717 1596 3747 ι
1611 3701 1687 3762 atque
1698 3702 1771 3748 ante·

983 3789 1122 3854 ponendam
1138 3790 1186 3839 sibi
1199 3803 1252 3840 esse
1266 3788 1336 3839 ducit
1352 3789 1429 3838 vitam
1442 3789 1553 3846 brevem,
1573 3787 1616 3836 sed
1633 3788 1728 3850 magnis
1743 3801 1772 3838 ac

983 3878 1110 3942 praeclaris
1131 3876 1282 3928 facinoribus
1305 3876 1421 3927 rcicrtam
1441 3877 1501 3926 ritas
1515 3877 1602 3940 longas,
1624 3876 1665 3926 sed
1688 3877 1771 3928 minus

984 3967 1110 4026 laudabili,
1127 3982 1254 4032 unamque
1272 3979 1387 4030 magnam
1409 3979 1462 4016 rem
1485 3965 1547 4016 bene
1566 3969 1662 4030 gestam
1684 3966 1772 4016 multis

983 4057 1117 4122 parvisque
1136 4056 1275 4108 actionibus
1296 4055 1425 4120 susceptis.
1447 4057 1508 4106 llaec
1526 4054 1592 4106 enim
1615 4055 1666 4106 illis
1693 4055 1772 4106 bone-

984 4143 1061 4194 sliora
1073 4146 1139 4192 sunt.
1150 4141 1199 4192 secl
1209 4144 1234 4191 et
1246 4143 1327 4192 rectas
1337 4140 1446 4190 actiones
1454 4139 1580 4190 interdum
1589 4139 1669 4190 amico
1683 4138 1770 4200 trudit,

150 4231 207 4309 λῳ,
226 4226 271 4286 καί
286 4224 340 4294 ἐξὸν
363 4227 439 4286 αὐτὸν
453 4227 597 4307 πράττειν,
613 4226 705 4308 ἐκείνῳ
725 4234 772 4297 τ’ής
786 4233 936 4311 φιλοτιμίας
983 4245 1114 4298 quumque
1137 4231 1184 4295 ipsi
1199 4243 1242 4280 ⁰²²⁵
1256 4229 1382 4294 ὓῑῐῦὓῑῦθθθ
1400 4229 1486 4290 Πθθθῑν
1509 4229 1543 4280 iffi
1565 4229 1633 4279 hunc
1650 4227 1770 4279 h⁰110¹0ffl

149 4317 325 4396 παραχωρεῖ,
334 4313 387 4374 καί
397 4323 543 4388 τηνικαῦτα
555 4317 582 4376 δὲ
593 4319 622 4377 τὸ
635 4322 721 4396 μεῖζον
739 4323 836 4400 ἀγαθὸν
851 4325 936 4404 ἑαυτῷ
983 4320 1103 4380 concedit,
1117 4333 1147 4370 ac
1161 4323 1216 4370 tum
1234 4321 1315 4384 majus
1331 4318 1378 4369 sibi
1391 4318 1507 4369 attribuit
1522 4317 1616 4368 bonnm
1632 4338 1639 4368 ι
1653 4318 1771 4368 nimirum

152 4405 293 4482 ἀπονέμει·
317 4403 425 4465 κάλλιον
450 4406 501 4487 γὰρ
519 4413 566 4468 τοῦ
587 4409 664 4468 αὐτὸν
688 4408 786 4490 πρᾶξαι
808 4411 838 4471 τὸ
853 4413 935 4474 αἴτιον
984 4409 1113 4460 honestius
1129 4410 1153 4460 ei
1178 4412 1232 4468 est,
1259 4408 1339 4459 amico
1364 4407 1476 4471 praeclari
1501 4406 1620 4458 facinoris
1642 4421 1769 4457 suasorem

151 4498 199 4554 τοῦ
214 4496 295 4552 καλοῦ
309 4497 347 4574 τῷ
368 4493 437 4577 φίλῳ
450 4494 579 4574 γενέσθαι.
609 4496 661 4557 nri
676 4503 761 4557 ταῦτα
783 4499 814 4573 δή
828 4499 935 4571 είκότως
957 4547 963 4566 ,
983 4517 1060 4568 qnam
1072 4503 1155 4567 ipsum
1174 4500 1234 4552 facti
1249 4503 1378 4551 auctorem
1390 4513 1451 4550 esse.
1466 4501 1550 4558 Quare
1566 4499 1655 4550 merflo
1670 4497 1770 4548 videtur

152 4583 224 4642 δοκεῖ
247 4583 388 4650 σπουδαῖος
412 4575 499 4657 εῖναι,
525 4585 583 4644 ἀντί
610 4586 717 4646 πάντοιν
742 4589 894 4668 αἱρούμενος
907 4590 937 4652 τδ
958 4587 963 4650 ί
984 4593 1112 4644 virbonus
1123 4606 1185 4651 esse,
1202 4592 1261 4658 qnia
1270 4593 1347 4644 rebus
1359 4589 1475 4640 omnibus
1489 4589 1645 4640 honestatem
1657 4586 1768 4652 praeteri,

153 4671 250 4746 καλόν,
264 4671 310 4730 καὶ
323 4671 352 4730 τὸ
365 4671 444 4733 πλέον
466 4677 549 4747 ζητῶν
564 4676 591 4734 ἐν
605 4678 660 4744 τοῖς
675 4678 784 4756 ἀγαθοῖς
797 4678 843 4738 καί
858 4702 935 4739 σπου·
957 4671 963 4750 i
983 4686 1131 4748 partemque
1145 4681 1192 4732 sibi
1211 4682 1330 4746 majorem
1342 4694 1390 4730 uon
1400 4679 1492 4745 quaerit
1502 4679 1548 4728 nisi
1564 4679 1589 4728 in
1603 4677 1674 4728 bonis
1688 4680 1714 4728 ct
1723 4677 1771 4728 bo-

154 4762 259 4830 δνίννςι,
284 4761 415 4824 Φαίνεται
437 4763 523 4823 τοίνυν
550 4763 667 4842 pellam
694 4767 785 4827 ἑαυτὸν
814 4771 896 4850 φιλῶν
923 4751 1252 4836 tinestislitletnrergo
1266 4771 1305 4821 vir
1319 4769 1559 4821 bonnsmaximese
1578 4768 1661 4834 ipsum
1677 4781 1767 4828 curare,

155 4853 310 4920 σπουδαῖος.
327 4850 372 4912 καί
396 4855 482 4936 ἑαυτῷ
503 4858 550 4912 τοῦ
564 4855 647 4915 καλοῦ
661 4855 693 4915 τὸ
714 4856 794 4918 πλέον
811 4856 936 4919 ἑκάστοτε
983 4875 1130 4926 semperque
1141 4861 1261 4926 majorem
1275 4861 1413 4912 honestatis
1426 4861 1523 4925 partem
1543 4857 1589 4908 sibi
1608 4856 1754 4908 attribuere.

154 4943 251 5020 νέμων.

195 5030 301 5094 *Ούτω
316 5030 363 5110 μέν
378 5023 423 5094 ούν
436 5032 475 5092 δεῖ
493 5031 617 5115 φίλαυτον
633 5024 715 5110 εἶναι,
730 5035 851 5118 καθάπερ
867 5037 937 5118 εἴρη·
957 4993 963 5085 ί
1014 5051 1103 5114 ltaque
1123 5049 1171 5099 boc
1191 5048 1274 5108 modo,
1289 5047 1415 5113 quomodo
1431 5045 1557 5106 ιῦκίιππε,
1573 5046 1612 5097 sui
1633 5047 1770 5098 amatorem

170 5159 1763 5187 —ss-——ffl

189 5219 204 5250 ⁴²
216 5221 289 5274 Οὒτω
303 5221 346 5285 μὲν
358 5219 401 5271 οὖν
413 5222 452 5272 δεῖ
465 5221 579 5290 φίλαυτον
593 5223 669 5284 εἶναι,
680 5223 790 5290 καθάπερ
803 5225 907 5290 εἴρηται,
920 5226 973 5278 κτλ.
