4020 5950
144 2467 207 2486 ‚⁸¹⁵³

221 395 263 459 to
872 400 876 406 '
927 388 1126 454 ssuuusm

221 526 265 590 τδν
279 527 356 609 λύγον
368 525 464 610 κρίνειν
478 523 512 584 τθι
522 523 626 600 δέοντα,
638 523 682 584 τδν
698 522 725 584 δέ
741 523 821 602 θυμδν
836 523 906 605 λόγῳ
915 526 1005 586 πιιθό-
1025 537 1031 558 ·
1054 549 1116 608 ρων.
1132 543 1193 574 -ε
1209 527 1334 609 ἀνδρεία]
1350 527 1491 589 Alcinous
1511 529 1532 593 l.
1550 535 1603 602 αὴ
1619 527 1646 589 dl
1656 529 1764 612 deipsis
1776 531 1832 594 tert

222 625 298 697 pomi
309 619 362 678 τῶν
376 615 522 678 δοκούντων
534 615 624 675 δεινῶν
639 615 832 696 καταφρονεῖν,
850 613 898 687 τὴν
912 615 940 676 δέ
950 618 1005 676 tm-
1053 613 1181 693 δόγματος
1195 615 1304 694 ίννύμοιι
1315 617 1435 697 σωτηρία
1449 617 1509 697 πιρί
1524 619 1607 679 δεινοῦ
1624 643 1653 679 τε
1667 617 1713 679 καί
1727 619 1765 698 μὴ
1778 623 1833 682 διι-

222 703 317 783 θιιμίαν
336 705 374 780 μὴ
391 705 421 766 τδ
440 705 594 786 φαινόμενον
609 704 674 778 ἡδύ,
700 703 769 763 ἀλλά
793 703 822 764 τὸ
838 704 906 782 μετὰ
928 704 1005 785 λέγω
1050 707 1106 766 νοῦ.
1123 703 1191 750 —‘¹
1207 705 1384 786 σωφροσύνη]
1407 706 1549 768 Alcinous
1567 708 1662 781 1.ο.ἡ
1684 707 1711 769 δι
1731 731 1834 792 σωφρο-

222 791 337 856 διύκιιν.
353 791 463 854 Τούτων
479 793 507 854 δέ
522 791 604 860 οὕτως
619 791 732 872 ίχύντων
749 795 763 850 θ
780 791 836 870 βίος
851 791 952 872 γίνεται
967 792 1005 852 δέ·
1053 791 1116 864 ούνη
1131 791 1203 862 τάξις
1217 794 1278 873 περί
1292 794 1340 862 τθις
1351 795 1492 874 ίπιθιιμίας
1504 793 1550 855 καί
1561 795 1608 864 τάς
1619 793 1714 878 ἀρίίεις
1727 795 1773 856 καί
1784 796 1833 870 τὴν

222 903 313 956 καιοςξ
333 888 350 955 ἡ
371 881 423 962 γίιρ
438 881 500 962 περί
525 880 654 963 χρήματα
670 880 823 953 δικαιοσύνη
845 880 854 920 ¹
869 880 961 962 μικρύν
980 904 1006 940 τι
1040 879 1196 940 ἐύπείθιιαν
1208 884 1295 942 αὐτῶν
1306 881 1370 964 πρὸς
1383 883 1414 944 τδ
1425 884 1596 963 ἡγιμονωιύν·
1611 891 1687 945 τοῦτο
1705 885 1733 944 δὲ
1743 885 1784 958 είη
1800 884 1833 946 ἀν

224 969 302 1047 μέρος
315 969 391 1042 ίατίνΙ
401 975 505 1050 ἀρετῆς.
520 969 574 1031 Καὶ
590 967 633 1028 bt
647 976 722 1030 τοῦτο
736 970 763 1027 ἐν
778 971 826 1045 μίν
841 969 893 1036 τοῖς
907 991 1007 1029 πεπαι-
1051 967 1081 1029 τδ
1094 971 1252 1049 λογιστικόν.
1266 1013 1299 1024 -
1315 980 1326 1008 ⁸
1342 971 1516 1057 δικαιοσύνη]
1526 975 1640 1053 justitio
1654 975 1775 1056 proprie
1787 973 1834 1034 di-

223 1057 355 1138 δεομένοις
368 1057 456 1126 πιίσας
470 1057 541 1119 ἔστιν
554 1057 620 1116 ἰδεῖν
632 1080 639 1094 ·
652 1057 679 1116 ἐν
695 1053 723 1116 δέ
739 1056 794 1124 τοῖς
808 1055 976 1124 ἀπαιδεύτοις
993 1059 1007 1115 ὁ
1052 1061 1128 1119 citur
1153 1061 1248 1122 virtus
1274 1083 1359 1124 suum
1385 1064 1492 1142 cuique
1515 1063 1664 1139 tribuens,
1684 1065 1720 1124 nd
1746 1083 1833 1143 quam

223 1147 271 1224 μέν
286 1149 356 1207 ἐστιν
369 1147 485 1228 ἀνδρεῖος
496 1146 541 1207 καί
557 1145 661 1221 ἄδικος,
672 1149 687 1206 θ
699 1144 727 1208 δί
744 1144 854 1227 σώφρων
869 1144 915 1205 καί
928 1143 1007 1218 ἀνύη·
1052 1163 1181 1228 spectant
1196 1152 1288 1212 verba
1299 1151 1378 1234 ἡγδιρ
1387 1152 1449 1229 περὶ
1458 1152 1586 1232 χρήματα
1596 1152 1747 1226 δικαιοσύνη
1762 1154 1833 1229 utiq

223 1257 285 1312 τος,
302 1240 316 1296 θ
332 1235 360 1296 dl
375 1234 498 1317 φρόνιμος
513 1235 558 1295 καί
574 1235 733 1305 ἀκόλαστος·
750 1234 842 1316 ὥσπερ
866 1233 924 1294 οὐδὲ
941 1237 1006 1317 ἀρε·
1052 1239 1158 1298 deinde
1172 1253 1229 1298 tam
1243 1239 1299 1300 late
1314 1255 1414 1322 petere
1427 1240 1608 1320 perhibetur,
1620 1255 1653 1302 ut
1663 1261 1762 1302 ornnes
1772 1241 1835 1301 vir·

221 1328 269 1392 τὰς
280 1325 410 1408 προσήκει
420 1327 509 1386 καλεῖν
520 1325 599 1405 λόγου
610 1349 639 1384 τι
649 1326 837 1408 ἐστερημένος,
851 1324 896 1388 καί
907 1324 1007 1392 ἀτελεῖς
1052 1341 1126 1389 tutes
1141 1329 1377 1409 comprehendat.
1387 1329 1584 1400 Quamobrem
1599 1331 1689 1390 Polus
1699 1331 1835 1390 Lucanus

223 1413 316 1490 οὔσας,
330 1413 375 1474 καί
390 1417 442 1474 τῶν
459 1415 561 1495 ἀλόγων
580 1414 636 1475 τισί
658 1415 880 1498 παραγινομένας.
925 1415 961 1475 Ἦ
979 1414 1006 1476 δὲ
1053 1417 1132 1498 (rol.
1148 1415 1232 1497 11,'p.
1249 1420 1307 1496 αδ)
1320 1419 1362 1478 ait
1377 1421 1470 1478 :dcxci
1482 1441 1528 1495 μοι
1542 1421 1594 1478 τῶν
1611 1422 1711 1501 ἀνδρῶν
1726 1419 1774 1480 τάν
1790 1423 1834 1480 δι-

222 1503 304 1564 κακία
320 1505 415 1563 ἐκτῶν
435 1503 559 1565 ἐναντίων
576 1505 740 1586 θεωρείσθω·
754 1505 834 1584 λόγου
852 1504 900 1581 μέν
915 1503 1006 1578 ιίνοια,
1051 1505 1193 1566 καιοσύναν
1216 1506 1319 1588 ματέρα
1334 1531 1364 1568 τι
1378 1508 1425 1566 καί
1438 1505 1546 1568 τιθέναν
1568 1515 1617 1568 τᾶν
1635 1507 1721 1569 ἄλλαν
1737 1512 1834 1590 ἀρετᾶν

222 1597 304 1668 θυμοῦ
319 1590 346 1650 δὲ
366 1592 467 1665 δειλία,
482 1593 619 1670 ἐπιθυμίας
635 1593 662 1652 δέ
679 1593 828 1673 ἀκολασία,
843 1593 905 1666 ὅλης
919 1592 947 1650 dl
961 1596 1007 1665 τῆς
1051 1596 1190 1676 προσειπέν
1203 1597 1263 1657 κτλ.
1285 1594 1329 1658 Cf.
1352 1596 1494 1656 Alcinous
1508 1596 1528 1656 l.
1543 1616 1570 1657 e.
1585 1627 1626 1642 ·-
1638 1596 1700 1660 Ὀἱ
1714 1597 1836 1658 lambli-

222 1682 310 1761 ψυχῆς
325 1680 424 1746 ἀδικία.
444 1679 566 1742 Γίνονται
581 1682 609 1742 δέ
624 1685 652 1741 cl
666 1682 713 1759 μίν
726 1681 821 1764 ἀρεταὶ
831 1683 860 1740 ἐκ
874 1681 1006 1748 πολιτείας
1052 1685 1123 1744 chus
1139 1685 1215 1764 apud
1231 1685 1379 1744 Stobaeum
1392 1684 1471 1744 llos.
1484 1684 1536 1758 lX,
1555 1686 1661 1764 38-39.
1674 1717 1715 1732 -
1729 1692 1742 1733 ¹
1755 1687 1834 1747 πολι-

223 1775 301 1848 Ορθῆς
316 1775 329 1817 ⁸
344 1771 390 1830 καὶ
404 1774 450 1830 τοῦ
464 1774 597 1850 τραφῆναι
614 1772 702 1838 καλῶς
717 1771 762 1830 καί
776 1771 963 1846 παιδευθῆναι,
979 1773 1008 1830 αἱ
1052 1773 1124 1842 τείας
1134 1775 1231 1853 ὀρθῆς]
1248 1774 1348 1834 Possis
1361 1773 1526 1850 intelligere
1541 1785 1571 1832 et
1586 1785 1692 1834 rectam
1708 1775 1836 1837 civitatis

223 1856 250 1916 tt
262 1857 354 1917 κακίαι
370 1861 400 1919 ἐκ
414 1863 466 1920 τῶν
481 1858 615 1921 ἐναντίων.
1052 1863 1249 1941 gubernandae
1260 1863 1382 1922 sormam
1392 1875 1421 1922 et
1431 1875 1539 1922 rectem
1552 1863 1672 1923 vivendi
1681 1864 1772 1926 νίειιι.
1786 1865 1834 1925 Sic

261 1948 319 2007 ¹01
335 1945 361 2006 dl
375 1947 436 2028 περὶ
449 1950 543 2028 ἀρετῆς
557 1946 602 2006 καί
613 1945 709 2014 κακίας
720 1943 813 2028 λύγοι]
830 1947 901 2006 vide
912 1947 1006 2006 Plato·
1054 1952 1255 2032 Hippodamus
1282 1952 1366 2029 (vol.
1391 1951 1420 2010 ll
1435 1973 1465 2030 p.
1488 1951 1545 2030 ιο)
1561 1950 1607 2010 καί
1621 1957 1706 2011 ταῦτα
1721 1952 1768 2030 μιν
1782 1951 1835 2031 ίγιίι

223 2055 288 2096 nem
307 2036 343 2096 de
357 2036 480 2118 llepubl·
495 2037 549 2098 llb·
565 2035 602 2098 lv
617 2055 682 2116 0³11·
701 2037 736 2096 16
754 2055 822 2116 pag·
841 2043 895 2106 ίιίιῐ
915 2055 1008 2114 seqq-3
1053 2067 1122 2125 φαμι
1136 2033 1203 2120 ἦμεν
1217 2040 1247 2100 τδ
1262 2039 1454 2119 ὀνομαζόμενον
1466 2038 1624 2118 Ἀμαλθείας
1638 2039 1732 2118 κέρας·
1747 2043 1774 2100 ίν
1785 2041 1833 2099 εύ-

222 2125 360 2189 l'roclum
379 2127 495 2188 dissert·
520 2127 557 2186 32
584 2127 615 2186 5¹¹
637 2126 712 2186 l‘lal·
730 2123 885 2203 Refflpubl·
902 2146 931 2203 P·
950 2133 1005 2198 4⁰7
1053 2131 1134 2212 νομίσγ
1149 2129 1201 2211 γὰρ
1215 2130 1249 2191 τθ
1263 2130 1351 2190 ποίντα
1371 2128 1500 2190 inclusi
1516 2128 1577 2188 ἄνευ
1591 2127 1760 2198 ταύταςούτι
1774 2151 1836 2208 γεν-

225 2233 322 2294 seqq.;
337 2215 494 2276 Alcinoum
509 2235 573 2294 cap.
593 2215 640 2275 αδ.
654 2221 717 2262 -b
732 2213 812 2296 ἀρετ]
826 2213 853 2274 δέ
867 2213 945 2292 λύγου
960 2212 1007 2292 μέν
1054 2227 1130 2278 νᾶται
1153 2217 1184 2276 cd
1207 2216 1332 2296 μέγιστον
1354 2226 1403 2286 σᾶς
1423 2217 1589 2298 ἀνθρωπίνας
1607 2217 1699 2300 ρύσιας
1719 2216 1834 2295 ἀγαθόν,

221 2303 364 2384 φρόνησις]
381 2304 482 2364 confer
500 2304 627 2366 similem
647 2303 775 2382 'l'hengis
788 2305 885 2364 locum
898 2304 956 2362 vol.
978 2303 1007 2364 ll
1053 2304 1113 2366 οὔτε
1127 2304 1248 2385 γενναθέν
1268 2305 1314 2366 καί
1336 2304 1445 2376 αῡξαθίν
1462 2305 1568 2366 δύναιτό
1585 2327 1621 2364 κα
1637 2304 1766 2384 διαμένει.
1791 2305 1837 2366 si-

208 2412 288 2479 pqq.
303 2414 352 2454 αι.
367 2397 511 2454 Ceterum
525 2395 667 2455 Alcinous
678 2414 740 2475 cap.
753 2394 790 2454 εδ
804 2399 821 2466 ἡ
836 2394 884 2470 μιν
898 2389 931 2464 δὴ
945 2392 1008 2473 φρύ-
1053 2396 1162 2454 militer·
1175 2393 1259 2453 Pisto
1271 2393 1349 2455 Tim.
1365 2415 1397 2473 p.
1411 2415 1450 2454 αο
1461 2393 1576 2472 Τίμαιός
1587 2417 1617 2454 ιε
1631 2393 1683 2474 γὰρ
1697 2392 1757 2473 ὅδε,
1770 2395 1837 2454 stuc·

221 2487 298 2559 νησίς
312 2487 382 2550 locu
400 2483 535 2563 ίπιαεημη
551 2486 656 2565 ἀγαθῶν
678 2482 723 2544 καί
737 2486 824 2544 κακῶν
839 2482 884 2543 καί
904 2480 1007 2542 ούδετέ-
1054 2481 1177 2559 μωιοίτης
1192 2477 1229 2540 ὢν
1243 2481 1345 2549 πόλεως
1358 2484 1405 2554 τῆς
1420 2483 1447 2542 έν
1469 2481 1572 2563 Ἰταλία
1594 2483 1739 2562 Λοκρίδος,
1761 2484 1837 2556 ούσια

221 2735 286 2786 meio
299 2733 391 2784 olentia
403 2731 557 2790 discemant3
569 2743 602 2782 ex
615 2728 730 2780 dentibus
744 2742 803 2778 νοιο
813 2728 888 2778 medii
900 2729 966 2778 ocuti
977 2731 1008 2782 ud
1052 2726 1114 2777 benc
1125 2728 1194 2792 geri,
1209 2725 1252 2778 scd
1265 2727 1355 2777 mulam
1365 2727 1536 2780 educationem
1548 2727 1587 2778 rel
1600 2729 1714 2780 ιιαιιιιιιιιι
1725 2728 1838 2780 imbecil-

221 2835 291 2875 εεοιω
304 2833 389 2871 morsu
402 2818 564 2880 dividendus,
579 2817 708 2868 interiores
717 2815 761 2866 luti
770 2819 828 2866 sunt
837 2815 866 2865 ad
879 2815 1007 2866 coniiciun-
1052 2814 1138 2866 liorem
1150 2815 1233 2866 tetam
1251 2814 1316 2866 bons
1331 2815 1358 2866 in
1369 2814 1480 2868 ιιειειίιιε
1496 2818 1607 2878 mutare,
1628 2816 1836 2880 quemadmodum

221 2910 275 2960 dos.
308 2908 350 2959 sic
366 2911 450 2960 sutem
463 2906 547 2958 omnia
566 2906 592 2957 in
606 2905 720 2956 omnibus
737 2903 827 2954 radoni
846 2904 1007 2953 consentanea
1052 2902 1142 2963 sotum,
1158 2901 1217 2954 licet
1234 2903 1314 2953 bouus
1334 2902 1367 2954 sit
1382 2903 1509 2968 omnibus,
1524 2903 1681 2970 lippientibus
1694 2906 1777 2956 tamen
1797 2905 1836 2956 rel

222 3011 275 3050 csse
289 2996 411 3048 videmus.
445 2999 478 3046 st
491 2994 544 3046 fleri
555 3007 603 3044 non
617 2997 712 3058 potest,
725 2995 754 3044 ut
764 3005 841 3056 quum
854 2993 879 3043 in
890 2991 1007 3042 extremis
1052 2990 1250 3042 febricitantibus
1260 2991 1407 3042 damnosum
1418 3006 1472 3044 esse
1484 2995 1588 3044 constat.
1622 2995 1674 3043 cur
1689 2992 1755 3046 enim
1768 2995 1834 3044 ties-

221 3085 284 3136 cdeo
297 3085 331 3136 sit
345 3087 465 3149 occupate
479 3081 649 3148 providentie,
666 3081 692 3131 in
710 3081 796 3146 primis
807 3079 913 3132 deliciet.
946 3084 1007 3140 Quae
1052 3081 1144 3143 sigum
1156 3083 1271 3144 parentes
1286 3083 1386 3145 romut,
1403 3081 1502 3134 Hebrei
1518 3081 1735 3148 circumciduntur,
1751 3085 1835 3134 Perse

222 3175 341 3240 proteres
357 3173 382 3223 in
397 3172 491 3226 mundo
506 3170 622 3224 eveniunt
630 3170 817 3222 vaticinationes
829 3183 1008 3234 corporumque
1054 3167 1208 3220 nobilitatem
1222 3171 1385 3220 conservum?
1398 3171 1447 3228 Qui
1463 3169 1492 3222 tit
1502 3175 1640 3234 preterea,
1655 3171 1685 3223 ut
1704 3173 1837 3223 Saturnum

222 3264 328 3324 sonatio,
349 3261 451 3312 satuuri
471 3260 574 3312 deorum
594 3260 749 3326 providentia
765 3264 891 3322 reguntur.
924 3257 1007 3309 Talem
1055 3259 1082 3306 et
1101 3257 1218 3317 uarum,
1235 3269 1299 3320 quos
1315 3255 1442 3307 meiedms
1456 3257 1592 3322 appellunt,
1612 3270 1699 3308 mrsus
1715 3257 1838 3310 beneficos

222 3351 305 3398 sutem
320 3345 406 3398 mundi
420 3359 505 3396 curum
520 3345 593 3398 ediis
611 3358 691 3408 neque
705 3343 860 3408 cupientibus
872 3342 1007 3408 quidquam
1050 3342 1175 3406 judicent,
1193 3356 1242 3407 qus
1261 3343 1440 3410 philosophiam
1458 3347 1484 3396 et
1502 3357 1619 3410 regnum,
1640 3357 1691 3408 que
1714 3357 1837 3395 sunnuom

223 3448 302 3499 neque
314 3435 481 3488 laborantibus
500 3434 586 3486 baberi
607 3433 780 3495 statuendum
801 3432 846 3483 sed
860 3436 889 3482 ut
905 3445 1008 3497 corpora
1052 3431 1150 3497 imperii
1170 3431 1276 3496 bellique
1294 3432 1482 3485 administrandi
1502 3435 1528 3485 οι
1540 3432 1670 3485 thesauros
1684 3431 1716 3485 iis
1735 3434 1838 3498 pennit-

223 3525 331 3578 vulentis
349 3524 470 3588 quidquid
493 3527 585 3589 egunt,
605 3536 650 3574 sun
669 3521 808 3571 substantio
828 3525 998 3585 exsequuntur
1052 3526 1150 3574 tentes?
1166 3523 1260 3582 Quodsi
1273 3523 1393 3589 triangula
1404 3526 1430 3574 et
1441 3523 1561 3588 qnedmts
1576 3523 1839 3590 commonuerimu-

222 3613 431 3679 quemadmodum
453 3613 490 3664 sci
504 3599 558 3677 ipso
572 3613 668 3663 tontum
689 3613 778 3660 nature
794 3623 840 3662 sna
853 3624 893 3662 rcs
905 3614 1008 3661 cunctus
1053 3611 1155 3663 surdum
1179 3611 1268 3676 tuerit,
1300 3625 1378 3676 quum
1399 3612 1506 3662 bumana
1529 3612 1607 3664 virtus
1628 3611 1720 3676 ubique
1751 3613 1836 3664 eodem

222 3705 366 3755 illustratae
377 3692 514 3767 tepefacit:
532 3703 567 3752 sic
576 3700 655 3752 multo
668 3700 747 3766 magis
758 3699 861 3752 deorum
873 3699 1007 3764 providen-
1052 3704 1163 3768 moueat,
1176 3703 1235 3754 deos
1244 3701 1316 3754 sodes
1330 3715 1388 3753 sues
1400 3703 1504 3756 mutere.
1537 3703 1615 3768 Atqui
1624 3703 1743 3770 predicta
1755 3716 1839 3770 pureu-

220 3795 256 3845 tic
267 3793 335 3845 nulio
348 3791 486 3843 suolabore
497 3791 527 3842 iis
538 3803 601 3854 quos
616 3789 683 3840 toret
697 3787 815 3840 beneficia
826 3788 877 3839 det.
911 3791 1008 3848 Quem-
1054 3795 1106 3841 tum
1122 3789 1236 3842 nobilius
1254 3794 1298 3843 aut
1313 3791 1452 3856 iprobilitxs
1471 3791 1556 3844 stelles
1570 3805 1620 3844 uon
1632 3792 1837 3855 omnisofflcere,

221 3883 307 3934 obrem
321 3883 396 3934 etium
410 3880 586 3945 Epicureorum
599 3878 748 3942 questiones
762 3877 851 3928 solutos
868 3881 938 3942 sunt;
951 3892 1007 3929 nom
1052 3879 1096 3930 sed
1113 3879 1230 3934 nonnulis
1243 3881 1340 3932 tentum
1354 3879 1493 3942 utquisque
1514 3880 1597 3932 docet.
1629 3880 1760 3939 Quomodo
1773 3881 1838 3931 enim

222 3985 328 4032 numen,
345 3969 472 4034 inquiunt,
493 3969 605 4020 divinum
625 3979 705 4032 neque
726 3967 808 4032 ipsum
828 3965 904 4018 bibet
917 3967 1007 4032 negotii
1052 3971 1175 4032 queunte
1188 3971 1272 4020 ortum
1284 3967 1385 4018 inerunt
1397 3967 1494 4034 exipso
1508 3969 1567 4019 ortu
1586 3970 1837 4027 msrsnturiQuem-
1886 4029 1889 4036 1

222 4060 369 4124 quidquem,
388 4069 470 4122 neque
491 4056 545 4108 eliis
557 4055 662 4107 exhibet.
695 4059 777 4120 Atque
794 4055 937 4120 incorporea
951 4055 1005 4119 qui·
1053 4057 1186 4110 admodum
1200 4071 1259 4122 ergo
1278 4056 1432 4122 providentis
1452 4059 1478 4108 et
1498 4057 1578 4109 ictum
1598 4069 1648 4108 non
1671 4054 1748 4119 usqu
1770 4055 1836 4106 circe

222 4150 280 4202 dem
300 4150 404 4200 deorum
424 4145 579 4211 providentis
596 4145 662 4196 cirea
676 4157 780 4208 corpora
793 4147 819 4195 ει
834 4143 929 4194 annuos
952 4141 1006 4193 tulis
1052 4150 1176 4218 gentes'et
1194 4145 1283 4210 urbes,
1302 4159 1379 4210 quam
1392 4146 1458 4196 circs
1472 4145 1583 4211 singulos
1601 4143 1763 4196 homines'est
1779 4161 1787 4194 ι
1801 4143 1836 4194 ιιι

223 4243 275 4299 εσις
291 4238 335 4289 sed
348 4251 405 4301 quse
417 4250 448 4287 cx
467 4235 611 4299 corporibus
622 4235 677 4286 ortu
690 4235 716 4286 ει
729 4232 872 4298 corporibus
885 4233 1007 4282 inbaereus
1053 4239 1079 4286 et
1100 4235 1209 4298 fortuna,
1230 4234 1262 4285 de
1282 4247 1332 4298 qua
1356 4237 1483 4298 superest,
1508 4235 1538 4286 ut
1567 4234 1726 4286 disseramus.
1759 4231 1839 4296 Igitur

223 4327 255 4378 ub
268 4327 316 4378 bec
324 4325 424 4384 ditiori,
436 4319 518 4376 tutelis
527 4323 661 4374 necessitas
674 4326 786 4384 uocatur,
800 4323 928 4386 propterca
941 4320 1007 4385 quod
1052 4329 1155 4380 deorum
1166 4329 1290 4392 potestus,
1304 4339 1361 4390 qum
1376 4325 1474 4378 divorsa
1488 4338 1517 4376 cc
1526 4326 1618 4390 proter
1631 4323 1839 4389 exspectationem

222 4417 300 4482 magis
313 4415 339 4466 in
352 4413 497 4479 corporibus
509 4427 640 4464 causarum
654 4413 730 4462 series
744 4414 873 4476 appareat,
888 4410 920 4460 nd
934 4423 1008 4474 quam
1056 4415 1192 4468 accidentis
1206 4414 1239 4465 sd
1256 4414 1383 4465 bominum
1395 4413 1528 4466 utilitatem
1539 4413 1632 4476 reteri,
1647 4413 1745 4464 tortum
1757 4410 1839 4463 existi·

224 4505 382 4558 scruuuuuu
396 4501 571 4555 mathematica
584 4514 682 4566 quoquc
694 4501 794 4552 invente
808 4503 854 4550 est.
888 4497 1008 4557 Quocum
1053 4505 1144 4566 mutus,
1157 4501 1284 4556 etidcirco
1297 4501 1370 4553 urbes
1378 4501 1532 4568 potissimum
1546 4513 1704 4552 communem
1715 4499 1775 4554 huic
1786 4499 1839 4550 dces

223 4609 272 4646 non
293 4593 374 4644 solum
390 4591 495 4642 deorum
512 4590 626 4654 numine,
642 4588 687 4640 sed
701 4588 792 4639 divinis
807 4586 882 4637 etiam
896 4586 1007 4650 corpori·
1053 4591 1149 4644 cultum
1162 4590 1280 4643 adbibere
1297 4591 1385 4652 decet;
1400 4590 1518 4656 quelibet
1539 4589 1606 4641 enim
1618 4588 1679 4640 urbs
1692 4601 1724 4640 ex
1735 4587 1839 4639 dirersis

224 4685 272 4736 bus
286 4696 327 4735 res
345 4681 465 4734 humanas
479 4693 538 4731 cum
560 4679 620 4731 alies
640 4677 709 4741 regi,
725 4681 779 4726 tum
799 4674 906 4726 mutue
919 4685 1006 4738 corpo·
1054 4680 1269 4745 negotiiscomtrt.
1302 4677 1606 4743 Essublunaimpcrium
1618 4676 1839 4741 obtinet‚quundo

223 4786 292 4827 roem
312 4774 442 4834 usturam,
467 4769 556 4820 rationi
577 4767 725 4832 veritatique
746 4766 937 4815 consentaneum
955 4765 994 4814 est
1054 4783 1128 4834 supra
1149 4769 1232 4820 lunam
1253 4767 1314 4818 rsibil
1332 4767 1430 4818 omnino
1446 4765 1549 4818 fortuito
1565 4765 1664 4817 eccidit.
1696 4765 1738 4818 Sin
1756 4765 1840 4816 eutem

223 4863 328 4930 ideoque
337 4861 467 4914 sanitatem
477 4860 504 4909 οι
514 4857 642 4918 morbum,
652 4867 693 4906 res
704 4865 833 4918 prosperas
843 4853 869 4904 et
878 4853 1003 4916 adversas,
1053 4859 1113 4910 muli
1126 4859 1239 4910 homiues
1254 4857 1371 4909 felicitate
1387 4855 1489 4920 iterent,
1501 4853 1560 4908 boni
1572 4853 1599 4906 iu
1614 4857 1724 4919 egerute
1737 4867 1839 4905 versuu-

224 4966 270 5020 pro
283 4953 402 5019 cujusque
415 4947 535 5015 dignitute
547 4945 603 4996 inde
616 4944 686 4995 nasci
700 4943 763 4993 ratio
777 4941 877 4993 evincit.
907 4937 940 4989 st
954 4955 1009 4992 see-
1056 4953 1105 5012 qur,
1118 4961 1167 4999 „011
1180 4949 1219 4998 est
1231 4945 1370 4997 mirandum
1395 4945 1455 4997 :1111
1470 4943 1537 4996 enim
1549 4943 1652 4996 mmm}
1667 4942 1762 4994 facium
1776 4941 1839 4991 pipi.

225 5039 277 5094 lere
289 5042 314 5092 et
325 5037 487 5091 contumelias
497 5034 636 5102 petulanter
646 5032 722 5083 taccu
737 5031 787 5083 isto
798 5031 938 5095 assignare,
949 5030 1010 5082 nibil
1054 5037 1117 5100 tias,
1129 5034 1209 5100 hipro
1218 5033 1401 5099 nibiloputcnt.
1433 5034 1465 5083 Et
1477 5029 1840 5095 mutisquidemrespmsperu

227 5127 294 5183 allud
307 5129 348 5178 θθί
361 5140 437 5192 quam
456 5137 503 5178 nos
523 5125 614 5188 bonos,
626 5119 687 5173 ἀθῦδ
704 5123 789 5170 liutem
806 5117 884 5169 mulos
897 5117 1008 5182 bilicem
1056 5126 1205 5192 pravitatem
1224 5103 1273 5178 lion
1296 5124 1416 5188 eripiant,
1434 5122 1505 5172 honis
1520 5123 1604 5172 autem
1623 5119 1676 5172 sola
1688 5118 1768 5170 virtus
1787 5115 1841 5168 suf·

226 5216 276 5268 nisi
290 5215 347 5279 quis
372 5214 436 5265 torte
458 5213 519 5265 titud
539 5211 688 5278 respondere
710 5206 779 5272 vuit,
792 5206 818 5258 in
836 5207 1010 5259 universumc
1058 5215 1150 5270 fecerit,
1612 5208 1614 5212 '

228 5303 321 5359 mundo
333 5309 359 5356 et
371 5301 510 5354 bominibus
523 5300 628 5354 ιιαιιιειιι
640 5299 719 5354 nitore
733 5297 908 5352 excellentibus
922 5299 1015 5350 cuncto
