3934 5956
291 397 350 458 298
511 393 564 454 DE
587 389 831 454 tatarorum:
852 387 1024 466 utUSQtJu
1047 387 1257 453 ulscrrtttts
1282 387 1659 469 ETdUGGESSOlllBUS.

289 527 454 588 Aristotelis
468 545 532 586 esse
546 537 664 602 negaret
677 523 752 605 (δι),
765 523 833 583 licet
847 524 876 582 hi
892 537 1068 584 curamenta·
1155 524 1249 584 Porro
1264 523 1448 586 Andronicus
1466 525 1498 585 in
1516 547 1552 586 co
1573 529 1707 588 volumine
1723 551 1770 608 quo
1785 555 1828 594 usus

288 620 324 678 rii
342 618 407 676 aliis
431 615 602 692 aStagirite
625 613 781 694 compositi
804 631 868 673 esse
886 611 1068 676 viderentur.
1114 626 1159 673 est
1180 612 1313 692 Gellius,
1338 614 1436 692 qualis
1454 629 1531 676 esset
1553 616 1705 677 differentia
1729 618 1828 680 librum

287 709 330 766 De
350 705 549 785 disputatione
574 705 627 763 illa
642 704 685 764 sic
711 703 849 762 Boethius
872 701 914 775 11,
931 723 959 780 p.
979 702 1036 773 adt.
1060 721 1067 763 :
1115 699 1275 780 ἐξωτερικῶν
1298 715 1327 761 et
1361 703 1564 783 dxpoapcuxiir
1590 707 1754 785 explanavit,
1775 725 1830 788 atque

291 821 302 848 ι
320 795 504 853 Andronicus
518 791 630 851 librum
653 791 730 851 hunc
743 791 912 851 Aristotelis
926 810 991 852 esse
1009 811 1069 850 non
1114 787 1274 848 Alexandri
1289 801 1319 848 et
1334 789 1496 850 Aristotelis
1512 813 1576 870 quae
1592 794 1742 854 serebantur
1760 799 1830 875 episto·

287 896 386 964 putat,
399 902 484 961 quem
509 881 677 942 Alexander
691 898 761 938 veru
782 879 955 958 fortiterque
970 880 1070 938 redar-
1115 879 1158 938 las
1181 879 1334 958 proposuit
1355 874 1424 955 (32).
1447 885 1585 939 Praeterea
1605 881 1831 962 llhodiiphilosapli

288 975 365 1050 guit;
388 991 474 1052 quern
494 991 585 1050 quum
608 982 740 1028 exactum
761 967 989 1046 diligentemque
1003 969 1069 1026 Ari-
1114 973 1151 1028 de
1163 974 1299 1028 diuisione
1314 967 1445 1028 tibettmu
1469 969 1614 1046 integrum
1638 973 1775 1031 inseruerat
1785 971 1831 1031 lbr-

287 1063 395 1122 stotelis
408 1061 552 1121 librorum
569 1072 598 1118 et
609 1058 739 1137 judicem
756 1071 784 1114 ct
797 1070 976 1134 repertorem
988 1057 1067 1134 judi·
1115 1059 1236 1137 phyrius
1257 1059 1317 1118 suis
1339 1057 1369 1115 in
1385 1055 1515 1118 Platonis
1534 1058 1690 1138 Sophistam
1708 1075 1832 1120 commus

287 1153 359 1211 carit
381 1149 556 1227 antiquitas,
579 1167 632 1206 cur
648 1147 677 1204 in
700 1143 789 1222 hujus
807 1145 875 1204 libri
895 1144 1012 1222 judicic
1030 1149 1069 1206 sit
1115 1145 1182 1220 riis,
1202 1159 1274 1206 teste
1290 1144 1415 1206 Boethio
1440 1146 1470 1204 in
1496 1146 1641 1226 principio
1664 1147 1724 1207 libri
1742 1149 1831 1207 dadiri·

287 1238 391 1311 lalsus‚
414 1256 536 1316 prorsus
551 1249 595 1295 est
609 1253 715 1312 magna
728 1233 922 1292 admiratione
936 1233 1069 1310 dignissi·
1114 1237 1209 1296 sione.
1232 1235 1313 1296 Idem
1339 1234 1529 1295 Andronicus
1554 1235 1586 1294 in
1609 1256 1690 1316 opere
1705 1239 1782 1297 nescio
1795 1258 1831 1315 qua

285 1348 376 1388 nruru.
402 1325 466 1386 Non
482 1345 546 1386 essc
572 1343 699 1404 uanique
721 1323 878 1403 proprium
902 1323 1070 1384 Aristotelis
1114 1343 1209 1403 neque
1231 1344 1406 1404 corporeum
1425 1323 1609 1404 judicaverat
1631 1327 1759 1400 animum,
1773 1347 1832 1401 neque

285 1417 353 1476 hinc
371 1429 493 1475 conatur
507 1415 675 1486 ostendere,
686 1411 827 1491 quoniam
844 1411 977 1489 quaedam
999 1413 1067 1472 Ari·
1115 1415 1180 1474 loco
1196 1415 1366 1474 conclusum
1390 1434 1472 1489 esse,
1493 1435 1588 1493 neque
1602 1416 1689 1475 scindi
1710 1415 1830 1496 posselilt.

285 1506 402 1565 stoteles
417 1505 449 1564 iu
462 1503 609 1584 principio
626 1501 696 1561 libri
714 1498 804 1577 hujus
818 1500 855 1558 de
873 1499 1070 1561 intellectibus
1114 1501 1195 1563 luter
1210 1517 1323 1564 veteres
1345 1505 1558 1582 categoriarum
1573 1505 1732 1584 interpretes
1748 1503 1832 1582 Sinpli-

285 1595 374 1654 animi
394 1590 902 1671 tractat,quusintellectusanimaa
920 1591 1068 1670 passiones
1114 1593 1177 1652 cius
1208 1593 1272 1674 (δή)
1299 1593 1503 1654 Andronicum
1530 1607 1670 1666 numerat,
1692 1614 1761 1672 quem
1779 1611 1832 1670 pm·

286 1683 414 1743 vocavit.
434 1683 486 1742 llis
502 1682 664 1741 Alexander
693 1679 784 1740 multa
808 1680 862 1739 alia
883 1680 964 1739 addit
980 1702 1067 1758 argu-
1114 1684 1214 1762 phrasi
1231 1684 1311 1742 illam
1331 1683 1498 1744 Aristotelis
1515 1680 1832 1758 commentationemerpli·

285 1787 381 1831 menta
395 1792 448 1830 cur
462 1772 518 1830 hoc
530 1791 605 1850 olaus
616 1771 743 1830 maxime
760 1770 931 1828 Aristotelis
945 1789 1009 1830 esse
1023 1773 1069 1830 vi·
1114 1793 1194 1834 casse
1208 1773 1351 1833 videmus.
1367 1772 1418 1832 b'at
1432 1787 1531 1832 autem
1547 1771 1689 1852 probabile
1701 1789 1750 1829 euru
1761 1769 1833 1830 sinili-

284 1859 397 1916 deatur.
422 1859 462 1916 Ea
480 1879 607 1934 namque
621 1860 759 1919 dicuntur
774 1859 823 1917 hic
839 1879 904 1933 ‹111ae
918 1861 1069 1920 sententiis
1114 1875 1158 1920 ter
1172 1862 1299 1941 Physica
1314 1861 1377 1942 (35)
1395 1861 1617 1941 interpretatum
1631 1880 1696 1922 csse.
1710 1859 1794 1929 lutat,
1813 1866 1835 1913 ut

285 1943 452 2002 Aristotelis
482 1963 547 2020 quae
573 1956 641 2002 sunt
664 1945 701 2002 de
727 1943 907 2002 enuntiativa
936 1947 1069 2006 oratione
1114 1949 1150 2008 de
1169 1949 1339 2008 Etlricorum
1364 1946 1621 2007 Nicomacbeorum
1639 1946 1773 2028 paraphrasi
1789 1963 1836 2022 qua

285 2035 476 2092 consentiant.
495 2029 571 2090 lllud
587 2051 705 2110 quoque
719 2032 799 2109 quod
814 2031 899 2090 stilus
916 2032 980 2111 ipse
994 2054 1067 2112 pra-
1114 2038 1283 2094 Andronico
1299 2037 1413 2095 Rhodio
1426 2037 1578 2110 tribuitur,
1592 2037 1717 2098 dieamus.
1730 2031 1836 2109 llancpri·

284 2137 350 2203 pter
367 2121 542 2182 brevitatem
567 2125 697 2200 pressior
715 2125 751 2180 ab
775 2122 938 2182 Aristotelis
959 2122 1066 2184 obscu-
1113 2145 1193 2184 mum
1210 2127 1273 2184 sine
1293 2125 1420 2185 auctoris
1436 2127 1559 2186 nomine
1574 2125 1698 2202 Lugduni
1710 2125 1834 2182 llatarorun

284 2213 368 2271 ritate
384 2231 443 2269 non
458 2211 618 2289 discrepat3
637 2222 666 2268 et
683 2210 761 2288 quod
783 2209 1021 2288 Theophrastus,
1037 2227 1069 2274 ut
1114 2233 1141 2275 a.
1162 2217 1257 2287 1607,
1274 2213 1381 2272 deinde
1397 2213 1515 2292 adjecto
1538 2214 1687 2274 Andronici
1704 2211 1784 2270 llbodii
1798 2231 1833 2267 nu-

284 2299 316 2359 in
332 2299 398 2358 aliis
414 2299 487 2357 solet
512 2317 602 2377 quum
625 2297 661 2356 de
676 2297 825 2357 similibus
840 2297 928 2359 rebus
945 2312 1066 2377 tractat,
1115 2303 1195 2362 mine
1215 2302 1371 2380 additaque
1393 2289 1449 2362 sua
1474 2303 1659 2363 translatione
1683 2301 1755 2360 latina
1773 2298 1832 2356 edidit

285 2407 351 2466 quac
371 2387 480 2446 scilicet
496 2384 534 2444 ab
548 2385 704 2445 Aristotele
719 2400 785 2444 ante
800 2398 928 2446 tractatae
942 2402 1023 2462 sunt,
1038 2389 1067 2448 in
1114 2393 1216 2452 Daniel
1232 2392 1367 2452 lleinsius
1377 2411 1404 2450 a.
1422 2393 1515 2467 1617.
1531 2392 1636 2472 Nempe
1648 2393 1676 2451 in
1690 2390 1768 2449 codiee
1778 2406 1833 2465 qum

284 2476 361 2537 libro
391 2495 509 2555 quoque
537 2475 574 2534 tle
613 2475 816 2535 Affirmatione
845 2489 876 2534 et
910 2476 1069 2554 Negatione
1113 2483 1351 2562 pervolutaverat
1364 2479 1485 2539 titulum
1497 2477 1746 2562 ἈνδρονίκουῬσδθου
1756 2479 1833 2554 Περισι·

285 2566 388 2626 iisdem
403 2564 553 2642 aliquibus
568 2562 665 2623 verbis
681 2565 773 2624 utitur
785 2564 894 2643 quibus
910 2567 940 2624 in
956 2565 1012 2625 hac
1031 2567 1067 2626 li·
1115 2574 1222 2643 ιητικοδ
1239 2569 1383 2652 φιλοσόφου
1401 2570 1548 2650 scriptum
1566 2571 1689 2649 quidem,
1703 2567 1744 2628 sed
1760 2563 1832 2624 induti

283 2653 339 2714 bro
361 2654 531 2714 Aristoteles
557 2673 627 2713 usus
644 2667 697 2715 est.
720 2653 800 2712 ldem
827 2674 945 2732 quoque
967 2655 1066 2715 Theo·
1113 2659 1243 2719 hominis
1257 2679 1345 2719 manu
1360 2671 1512 2719 exaratum
1527 2661 1680 2720 invenerat.
1693 2656 1833 2715 lauretae
1901 2703 1902 2706 ,

284 2745 423 2822 phrastus
448 2744 499 2802 dat
522 2743 639 2819 signum
662 2743 740 2802 hunc
766 2745 930 2808 Aristotelis
959 2746 1067 2806 librum
1114 2763 1157 2809 est
1176 2749 1263 2823 hujus
1286 2748 1421 2826 opusculi
1437 2749 1601 2827 elegantia,
1615 2763 1645 2809 ut
1656 2748 1715 2827 jure
1728 2741 1833 2802 Androni·
1901 2819 1902 2826 ρ

284 2851 348 2889 esse
364 2853 371 2891 :
388 2831 419 2888 in
434 2829 571 2888 omnibus
585 2831 664 2889 enim
681 2831 841 2910 dequibus
857 2833 921 2911 ipse
943 2835 1069 2914 disputat
1114 2859 1179 2898 curn
1204 2837 1268 2916 ejus
1283 2851 1434 2898 auctorem
1451 2859 1610 2918 agnoscere
1630 2854 1756 2916 queamus.
1769 2831 1834 2906 loqu

285 2932 351 2998 post
365 2921 554 2994 magistrum,
576 2919 682 2980 leviter
699 2940 732 2979 ca
749 2923 844 2999 tangit
858 2942 924 3000 quae
947 2923 984 2982 ab
997 2925 1065 2983 Ari·
1116 2927 1206 2986 etiam
1230 2927 1343 2987 lleinsii
1365 2927 1517 2988 industria
1543 2929 1653 2988 laarrlata
1677 2939 1713 2985 est
1734 2921 1834 2982 atasu-
1901 2931 1902 2944 ¹

284 3005 386 3065 stotele
408 3006 486 3064 dicta
508 3019 574 3066 ante
589 3011 746 3086 cognovit,
763 3011 836 3070 alias
849 3029 920 3070 vero
943 3011 1067 3089 diligen·
1114 3015 1193 3076 hono
1225 3016 1296 3098 (36),
1322 3017 1402 3095 quod
1427 3019 1581 3095 egregiam
1607 3011 1773 3096 paraphrasin
1795 3023 1835 3084 qut

284 3095 343 3153 tius
358 3114 404 3154 res
422 3115 482 3154 non
498 3098 533 3154 ab
551 3097 710 3157 Aristotele
731 3112 867 3160 tractatas
884 3103 1066 3179 exsequitur.
1114 3107 1200 3182 lunge
1215 3119 1364 3184 prestaret
1379 3107 1534 3168 Eustratio
1543 3152 1552 3183 ,
1564 3108 1594 3167 in
1610 3106 1695 3164 luceru
1709 3097 1835 3182 protulisset.

285 3183 337 3241 llic
352 3203 471 3261 quoque
485 3183 561 3243 idem
577 3186 654 3244 lecit.
670 3187 760 3246 Addit
778 3208 896 3266 quoque
910 3189 985 3248 lianc
1001 3210 1068 3251 cou-
1115 3195 1199 3254 Unus
1216 3195 1377 3256 Salmasius
1391 3196 1453 3275 (37)
1470 3218 1538 3258 rem
1553 3199 1583 3257 in
1601 3192 1792 3256 controversiam
1802 3205 1836 3244 νο

285 3272 442 3349 sam‚quia
452 3273 622 3332 Aristoteles
633 3276 752 3353 quidem
765 3277 801 3334 de
811 3277 982 3354 syllogismo
997 3281 1068 3339 scri·
1115 3287 1201 3346 cavit.
1228 3285 1359 3364 Namque
1389 3285 1508 3348 infitias
1535 3288 1588 3347 ivit
1619 3284 1686 3346 illud
1712 3276 1835 3360 opusculum

283 3359 354 3420 bere
374 3361 518 3421 animatus
533 3383 682 3441 nunquam
701 3364 731 3422 id
746 3377 823 3423 recte
845 3365 940 3424 facere
954 3369 1067 3444 potuis·
1114 3393 1201 3451 posse
1213 3371 1304 3433 veteri
1319 3375 1520 3454 Peripatetico
1533 3375 1685 3453 assignari,
1695 3371 1751 3451 quia
1763 3365 1836 3426 Arista-

282 3462 340 3524 sct,
365 3450 422 3509 nisi
445 3451 578 3528 quaedam
604 3450 639 3509 de
661 3452 916 3530 propositionibus
942 3469 1066 3516 annota—
1117 3462 1181 3521 telis
1196 3463 1294 3522 locum
1309 3463 1404 3525 Ethic.
1420 3465 1539 3524 Nicom.
1555 3470 1576 3540 l,
1595 3469 1638 3538 13,
1655 3471 1836 3542 pperperauet·

284 3551 338 3600 ret.
357 3565 367 3591 ν
385 3539 451 3598 llaec
472 3540 523 3600 ille
538 3539 623 3618 cujus
640 3541 790 3600 sententiae
809 3543 908 3602 album
925 3545 1067 3605 calculum
1115 3565 1158 3609 set
1181 3551 1401 3630 interpretatus.
1428 3555 1465 3613 At
1479 3576 1558 3616 unars
1578 3568 1605 3614 et
1624 3555 1692 3612 alter
1708 3551 1773 3608 locus
1789 3539 1836 3600 nale

281 3627 447 3706 3444404444445·
1115 3654 1249 3720 acceptus
1276 3642 1331 3700 hoc
1359 3642 1447 3703 nobis
1485 3665 1548 3704 non
1586 3641 1701 3724 probat,
1722 3629 1834 3718 ptaetttllffl

281 3773 416 3785 ...-
850 3770 1832 3802 ——-——-.—.-.-...-.....-----·

278 3845 334 3898 Vll.
354 3845 410 3898 adu.
429 3853 464 3898 15.
483 3849 524 3899 Sic
536 3850 561 3899 el
571 3850 716 3901 Arunronlus
734 3851 761 3901 in
772 3851 864 3902 librum
875 3853 907 3905 de
920 3853 1064 3920 interpreta-
1110 3861 1148 3910 δτι
1161 3861 1192 3911 τὰ
1205 3869 1248 3923 τῆς
1263 3865 1340 3929 ψυχῆς
1351 3865 1396 3925 ἤδη
1411 3869 1465 3922 ταῖς
1478 3873 1524 3917 τοῦ
1540 3868 1650 3931 σώματος
1666 3863 1763 3928 κράσεσιν
1779 3855 1835 3902 ἔστιν

279 3917 344 3968 bone
366 3918 409 3969 iul.
424 3925 446 3969 t.
466 3919 659 3983 b.((lf.Scltol.
677 3922 752 3974 Arist.
773 3937 797 3988 p.
811 3927 850 3974 97.
868 3939 891 3974 a.
913 3927 972 3993 πρὸς
991 3929 1064 3980 δὲτὸ
1110 3933 1171 3980 lutu.
1192 3933 1214 3981 V
1239 3946 1263 3996 p.
1283 3937 1329 3983 444
1355 3933 1394 3984 etl.
1421 3933 1501 3986 Paris.
1526 3937 1671 4003 Ἀνδρόνικον
1691 3933 1726 3981 τὸν
1743 3933 1835 4000 '‘illm''

278 3991 376 4070 γιρήσιυν
405 3991 468 4040 εἶναι
489 3997 534 4042 τοῦ
556 3993 686 4058 φιλοσόφου
710 3995 738 4045 τδ
755 3996 861 4061 βιύλίυν,
879 3999 956 4057 οὐδεὶς
975 3999 1065 4059 ἠξίωσε
1110 4002 1191 4064 τικύν,
1210 4003 1248 4052 ὁτι
1265 4003 1308 4067 μὲν
1328 4005 1389 4062 θλως
1406 4005 1542 4070 ἐτόλμησεν
1562 4005 1718 4072 ἀποφήνασθαι
1735 3991 1834 4057 44444444

279 4073 328 4106 των
358 4061 414 4126 περὶ
440 4061 473 4110 τὰ
496 4064 676 4129 συγγράμματα
698 4071 742 4116 τοῦ
771 4065 953 4134 Ἀριστοτέλους
975 4071 1064 4122 ἐστον·
1110 4079 1150 4132 τῆς
1176 4075 1266 4139 ψυχῆς,
1288 4075 1346 4126 ἄνευ
1372 4081 1416 4127 τοῦ
1438 4080 1592 4142 περιπλέκειν
1616 4077 1719 4140 ἀσαφῶς»
1736 4063 1835 4140 4444444444

278 4127 394 4216 δακότων,
411 4131 569 4196 ἀμφιδαλεῑν,
594 4137 627 4192 εἲς
647 4153 675 4186 τι
689 4137 718 4186 τὸ
738 4139 839 4188 πιθανὸν
859 4139 1004 4192 dactilicum
1023 4149 1064 4202 τῆς
1109 4144 1186 4206 πάνυ,
1196 4147 1237 4195 καὶ
1248 4147 1399 4213 ἀποδέχομαι
1407 4149 1450 4208 τήν
1462 4150 1550 4214 φράσιν
1562 4155 1605 4200 τοῦ
1619 4137 1786 4212 daupu-llil
1793 4133 1835 4181 5444·

278 4199 423 4280 ῑπαῖἵξθῑας
455 4202 496 4286 καὶ
521 4204 553 4259 tlt
574 4205 617 4262 vlt
649 4205 762 4272 ἔντεχνον
793 4209 835 4257 καὶ
863 4213 1063 4275 κεκομψευμένην
1109 4214 1198 4276 plinius
1214 4215 1239 4264 ln
1259 4216 1342 4281 Galeg.
1366 4232 1420 4282 pag.
1443 4224 1465 4268 5.
1486 4218 1512 4269 b.
1535 4219 1574 4270 etl.
1596 4217 1665 4269 llasil.
1686 4219 1750 4264 ταῦτα
1769 4207 1784 4254 δ’
1801 4201 1835 4278 aa·

278 4267 320 4314 καὶ
339 4283 375 4330 τιρ
395 4271 518 4334 φιλοσυφιρ
541 4275 632 4333 συνήθη
646 4277 696 4324 τῶν
723 4278 749 4326 ὲν
770 4279 838 4340 αὐτῷ
862 4283 1064 4346 παραδιδομένων
1110 4287 1244 4346 στήσαντες
1257 4288 1326 4338 οὗτοι
1340 4290 1396 4348 τούς
1415 4307 1443 4339 τι
1456 4292 1541 4350 ἄλλους
1553 4297 1600 4341 τῶν
1612 4285 1747 4351 κατηγοριῶν
1757 4279 1834 4335 litttlli

277 4337 441 4426 θεωρημθτρνν
465 4339 582 4403 διάθεσιν,
607 4345 650 4392 καὶ
674 4346 718 4402 τήν
742 4347 801 4410 πρὸς
824 4347 867 4404 τὰς
893 4352 963 4408 ἄλλος
989 4354 1064 4404 αὑτοῦ
1110 4357 1236 4408 αἰτιῶνται
1255 4360 1297 4408 καὶ
1320 4357 1471 4425 Ἀνδρόνικον
1481 4366 1535 4413 κτλ.
1552 4375 1606 4426 pag.
1625 4365 1652 4410 37
1669 4370 1715 4420 seq.
1731 4347 1834 4413 ’4444444444

276 4424 443 4474 πραγματειατ
461 4412 609 4477 ὁμολογίαν,
631 4416 692 4474 πλὴν
711 4415 864 4484 Ἀνδρονίκου
885 4427 929 4471 τοῦ
954 4421 1062 4488 Ῥοδίου,
1110 4426 1248 4478 ἀκολουθῶν
1270 4430 1307 4493 τῷ
1335 4428 1446 4496 Ἀρχύτᾳ.
1471 4445 1526 4496 pag.
1548 4437 1571 4482 6.
1593 4431 1617 4481 b.
1643 4425 1766 4492 Ἀνδρόνικος
1783 4425 1835 4474 444*

277 4483 304 4568 ὃς
324 4481 452 4539 illim<
473 4483 516 4548 μὲν
530 4485 559 4546 ἦθ
580 4485 629 4536 ἀπὸ
640 4491 684 4536 4οὖ
702 4485 895 4552 'Aprmordou;,
912 4494 1019 4553 ἀκούσας
1038 4499 1064 4548 δὲ
1109 4498 1203 4563 φράζων
1216 4499 1244 4548 τδ
1257 4503 1305 4547 τῶν
1318 4508 1471 4568 κατηγοριῶν
1485 4503 1585 4567 preater.
1607 4499 1643 4552 cf.
1658 4511 1707 4563 μαε-
1726 4496 1744 4542 7·
1755 4489 1773 4537 b.
1786 4487 1809 4566 44·
1818 4477 1833 4560 4,4

277 4557 352 4636 αυτοῦ
373 4555 506 4612 καλοῦντος
527 4557 552 4606 br
578 4563 630 4616 τοῖς
650 4561 785 4624 προοιμίοις
809 4565 881 4614 τοῦδε
903 4571 946 4615 τοῦ
970 4568 1063 4632 βιύλίου
1111 4574 1147 4618 tt.
1172 4569 1196 4619 b.
1220 4573 1257 4619 34.
1280 4574 1310 4620 36
1331 4575 1407 4636 alque
1426 4572 1487 4622 ullos
1508 4573 1626 4623 lenos-
1646 4570 1689 4632 (θό)
1705 4558 1834 4624 simplicum

276 4641 307 4672 τα
330 4627 444 4690 νοήματα
468 4629 601 4692 παθήματα
623 4637 665 4691 τθς
681 4633 759 4697 mxu<
778 4635 819 4685 aci
839 4637 1010 4702 spurcitiam
1032 4644 1065 4698 ὡς
1108 4639 1183 4704 Phys.
1197 4638 1239 4690 fol.
1258 4645 1309 4691 103.
1326 4641 1351 4690 b.
1369 4639 1423 4704 (Oi.
1438 4644 1520 4694 Schol.
1533 4643 1607 4694 Arist.
1621 4656 1643 4706 p.
1656 4643 1703 4690 361.
1714 4635 1735 4684 b.
1744 4629 1774 4680 td·
1785 4627 1834 4710 ΒΨ

275 4697 328 4762 mil
345 4698 436 4750 τούτου
458 4701 550 4766 ῑῖΡηταΙ
570 4703 595 4752 lv
614 4706 731 4770 τοῖςπερὶ
753 4707 843 4772 ψυχῆς,
856 4708 936 4760 διὰτὸ
950 4709 982 4773 μὴ
997 4727 1065 4760 συνι-
1109 4709 1166 4772 dis.)
1187 4713 1202 4769 ή
1225 4709 1250 4758 δὲ
1271 4711 1340 4774 φύσις
1363 4717 1405 4763 καλ
1422 4715 1622 4780 πρυδιατιθεμένη
1644 4706 1747 4764 stadim
1764 4698 1834 4776 44444

275 4766 325 4816 δεῖν
341 4769 403 4820 δπου
424 4777 465 4831 τῆς
478 4773 534 4835 περὶ
549 4775 626 4838 ιθ’νχῆς
640 4775 805 4841 πραγματείας
819 4779 851 4828 τὰ
862 4779 975 4842 νοήματα
987 4783 1064 4842 ποθή·
1108 4779 1220 4845 κείμενον
1236 4780 1332 4832 ἔνδοθεν
1345 4787 1398 4834 καθ’
1416 4785 1520 4835 ἕκαστον
1537 4785 1653 4843 κινήσεως
1665 4780 1734 4836 αλδυς,
1749 4757 1833 4848 4444444

278 4856 342 4915 ιῑξςν
354 4849 396 4921 γῆς
410 4848 486 4903 rurs:
504 4851 613 4924 ἐκάλεσεν
646 4845 660 4894 δ
677 4845 820 4910 φιλὸσσφσς,
840 4850 975 4912 ἀναγκαῖον
997 4853 1063 4916 ᾠήθη
1112 4849 1259 4917 Ἀνδρόνικος
1273 4851 1349 4916 ἔλεγε.
1363 4853 1433 4904 Idem
1450 4854 1492 4905 ful.
1504 4861 1550 4905 216
1563 4857 1654 4920 ιῑρηταν
1672 4849 1696 4898 δὲ
1706 4846 1742 4895 καὶ
1752 4845 1832 4918 reputat*

275 4916 325 4950 τιον
344 4905 387 4956 δυσ
408 4924 592 4986 πρμγματειων,
606 4913 696 4973 ταύτης
714 4933 742 4966 τε
764 4919 806 4968 καὶ
824 4925 866 4980 τῆς
890 4922 946 4986 περὶ
968 4925 1062 4988 ψυχῆς,
1109 4925 1146 4973 ὅτι
1162 4922 1250 4986 τὰμὲν
1267 4923 1340 4974 πέντε
1353 4925 1434 4990 paulic
1445 4926 1478 4975 τὰ
1490 4927 1537 4991 πρθ
1554 4926 1641 4976 τούτου
1653 4914 1739 4971 duum
1752 4911 1832 4978 44444444)

250 5038 255 5047 Ι
277 4974 321 5031 '‘dv
341 4977 426 5064 ἑτέραν
446 4979 516 5030 νθθυν
539 4981 710 5047 ἀποφήνασθαι
731 4993 776 5038 τοῦ
803 4988 996 5056 Ἀριστθτέλους,
1022 4995 1064 5044 καὶ
1108 4995 1140 5043 τὰ
1150 4995 1171 5044 δ4
1188 4994 1298 5044 ἐντεῦθεν
1310 4996 1366 5062 τρία
1378 4998 1433 5064 περὶ
1452 4998 1584 5055 κινήσεως·
1601 4995 1662 5045 οὕτω
1673 4990 1714 5054 γὰρ
1729 4983 1763 5034 ιθ
1773 4975 1833 5034 'llll'

276 5041 326 5091 datr
348 5051 556 5134 tropicarum-as
580 5055 675 5106 ἀθετεῖν
694 5061 784 5121 μᾶλλον
805 5063 880 5121 ήτὴν
904 5065 960 5128 περὶ
976 5065 1062 5130 ψυχῆς.
1108 5083 1173 5122 νικος
1187 5065 1235 5114 «ἐν
1253 5069 1289 5126 τῷ
1302 5067 1377 5132 τρίτῳ
1397 5069 1483 5133 βιύλίιρ
1496 5070 1546 5117 τῶν
1562 5056 1832 5133 Ἀριστοτέλονςθῑθ44444

278 5115 536 5176 -(³¹)130etnms1u
552 5125 634 5189 categ.
647 5129 681 5175 lv
698 5129 753 5181 init.
773 5131 916 5196 Simplicius
936 5133 962 5184 in
977 5136 1061 5200 categ.
1109 5153 1193 5194 σεωςυ
1208 5137 1373 5188 διατάττεται,
1390 5139 1446 5189 vid.
1465 5139 1552 5200 fragm.
1573 5140 1592 5186 1.
1608 5133 1673 5187 boni.
1686 5133 1707 5180 et
1721 5125 1755 5176 lot.
1770 5121 1830 5169 tut*

276 5177 381 5301 149445·
405 5191 430 5238 Ζ·
454 5194 485 5228 ²·
504 5195 552 5256 (³²)
574 5195 631 5247 vul.
658 5196 714 5250 adn.
741 5207 755 5252 3
780 5205 806 5252 et
828 5207 851 5254 4.
866 5230 898 5241 -
912 5208 959 5267 (33)
972 5210 1059 5256 auctor
1107 5204 1230 5271 (αθγθίιίο
1245 5206 1383 5260 casauboni
1401 5211 1473 5274 epist.
1493 5213 1538 5259 507
1558 5207 1597 5258 ed.
1616 5207 1691 5256 Grex
1709 5191 1782 5257 -llll
1796 5178 1831 5232 ⁵³¹⁶

287 5249 333 5306 44444
344 5256 386 5336 tat.
400 5258 431 5310 (¹⁶
442 5267 565 5326 emunata
584 5281 636 5332 cettv
652 5271 688 5335 113
709 5273 817 5336 Galenus
838 5275 864 5326 in
888 5275 1063 5330 dissertatione
1108 5277 1201 5330 masius
1223 5276 1255 5327 ad
1276 5277 1418 5344 Epictetum
1441 5285 1467 5335 et
1486 5279 1637 5346 simplicium
1652 5289 1675 5340 φ.
1691 5272 1729 5321 ²²7
1747 5271 1798 5326 θθθ
1811 5271 1830 5288 ““
