3976 5948
822 334 1074 420 retensum?
1707 383 1746 441 ,3

138 473 289 588 σμέρματος
302 475 347 534 καὶ
363 482 409 536 τοῦ
423 477 713 559 καταμηνέουιγεγονές.
773 485 832 544 Οὐκ
843 489 923 567 ὀρθῶς
967 494 1046 552 enim
1062 491 1244 572 Speusippus
1266 498 1358 556 multo
1385 502 1472 579 plura
1495 523 1512 560 a
1534 505 1744 584 Pythagoreis,

137 585 198 636 ουν,
211 561 307 644 ρησέν,
324 561 423 658 οἴονται
442 563 482 625 ὅτι
496 565 527 626 τδ
541 565 647 648 σπέρμα
671 568 701 628 τὸ
724 573 814 642 ἀτελὲς
832 576 922 636 καὶτὸ
967 601 1054 659 quam
1072 582 1223 642 aPlatone
1237 598 1392 647 mutuatus
1403 590 1452 664 sit,
1474 591 1510 650 de
1526 592 1582 652 hoc
1596 608 1692 655 tamen
1709 599 1745 657 ab

136 649 300 730 καταμήνιόν
314 653 379 712 εἰσιν
395 654 496 734 ἀρχαί,
516 656 575 714 tii’
595 657 800 738 incrlp‘xail
817 663 920 746 μήτηρ,
965 669 1003 728 iis
1018 671 1050 730 in
1065 671 1314 752 disputationibus
1331 677 1488 752 dissensit,
1515 683 1595 758 quod
1620 699 1745 744 mentem

136 737 228 808 οἵτινες
242 742 307 822 πρὸς
323 745 362 821 τῷ
383 742 478 802 relocet
497 732 565 804 εἶναι
588 745 633 805 καὶ
658 747 780 832 πρότεροί
802 752 852 810 εἰσι
873 758 920 812 τοῦ
966 771 1023 818 tam
1038 761 1076 820 ab
1087 763 1199 822 unitate
1216 785 1302 844 quam
1319 769 1429 827 abono
1453 771 1598 830 diversam
1620 776 1744 849 putavit.

135 823 288 908 σπέρματος
302 829 348 889 ml
363 837 408 889 τσῦ
430 832 606 911 κστσμηνίσσ·
629 833 697 895 ὥστε
712 837 835 922 πρότερός
850 843 920 902 ἔστιν
964 847 1039 908 Sunt
1052 853 1102 928 qui
1113 850 1229 912 Stobaeo
1241 854 1429 916 Aristotelem
1455 873 1618 937 opponant.
1636 861 1747 941 Nempe

132 916 298 998 δᾶνθρωπσσ
310 925 356 979 τσῦ
377 919 543 1002 σπέρματος,
558 923 637 1004 σῦχὸ
655 926 684 984 lit
702 931 747 986 τοῦ
769 927 919 1010 σπέρμστσσ
964 935 1014 998 hic
1028 938 1122 1000 Ethic.
1140 939 1307 1004 Nicomach.
1327 943 1380 1006 lib.
1406 946 1419 1003 l
1444 967 1507 1026 cap.
1529 957 1546 1016 4
1564 949 1643 1028 (vid.
1657 970 1747 1029 supra

132 1006 261 1084 γεγονώς,
276 1007 334 1067 ἄλλ’
347 1011 361 1067 ὃ
375 1009 465 1090 πατὴρ
481 1001 550 1079 lini
563 1010 593 1070 tl
612 1013 728 1094 σπέρμα·
750 1015 919 1096 linituram·
965 1028 1066 1106 fragm.
1100 1030 1172 1110 195)
1201 1031 1395 1112 Speusippum
1423 1037 1464 1094 ait
1496 1037 1744 1114 Pythagoreorum

134 1095 357 1177 ραένεταιλέγοιν·
378 1097 419 1158 ὅτι
440 1099 488 1178 μέν
510 1091 555 1162 οὖν
579 1099 651 1162 ἔστιν
672 1103 749 1164 obelo
770 1101 853 1174 ἀΐδιος
872 1107 918 1167 καὶ
963 1119 1098 1196 exemplo
1123 1139 1213 1178 unum
1237 1121 1430 1182 inhonorum
1453 1125 1557 1184 ordine
1575 1127 1620 1206 (ἓν
1636 1133 1669 1208 τῇ
1691 1135 1743 1189 τῶν
1834 1163 1836 1170 ·

130 1187 313 1268 κεχωρισμένη
328 1189 374 1248 καθ
396 1187 465 1264 ἄλλη
487 1193 538 1250 τῶν
552 1193 700 1268 αἰσθητῶν,
721 1195 810 1267 δῆλον.
827 1197 918 1258 Δέδει·
963 1207 1068 1283 ἀγαθῶν
1092 1208 1247 1288 συστοιχία)
1275 1210 1395 1271 locasse.
1421 1215 1458 1271 At
1481 1218 1681 1275 controversia
1704 1219 1745 1277 ita

129 1298 191 1334 κτσι
205 1276 232 1336 δέ
247 1275 293 1336 καὶ
308 1280 336 1336 lv
350 1281 389 1358 τῷ
407 1279 627 1355 Britonensis
641 1279 802 1363 Ἀκροάσεως
816 1284 856 1344 ὅτι
871 1286 917 1346 καὶ
962 1294 1025 1354 sine
1053 1296 1145 1356 dubio
1172 1301 1376 1377 componenda
1399 1315 1456 1376 est,
1487 1317 1520 1362 ut
1546 1303 1743 1385 Speusippum

129 1363 269 1439 ἀσώματος
292 1366 338 1428 καὶ
362 1366 463 1448 ἀμερής
488 1369 557 1430 lctis
584 1371 726 1445 ἡτοιαύτη
747 1373 835 1434 οὐσία.
863 1374 915 1434 Καὶ
961 1383 1067 1444 unitati
1095 1387 1213 1464 quidem
1244 1385 1405 1448 bonitatem
1441 1390 1596 1464 tribuisse,
1626 1395 1677 1452 sed
1706 1395 1743 1454 ab

128 1453 325 1533 ὑπομιμνήσκει
343 1459 394 1516 τῶν
415 1460 468 1518 ἐκεῖ
484 1457 614 1538 ῥηθέντων
634 1457 674 1519 δτι
688 1464 705 1533 ἡ
721 1464 832 1538 τοιαύτη
843 1463 913 1544 ἀρχή
961 1484 1084 1551 utraque
1097 1489 1222 1534 mentem
1238 1475 1386 1537 diversam
1408 1481 1544 1539 statuisse
1566 1481 1726 1561 dicamus.)

129 1553 196 1604 κινεῖ
223 1539 308 1604 ἀΐδιον
323 1543 439 1620 κίνησιν,
458 1544 489 1605 τὸ
511 1545 538 1606 δέ
552 1548 588 1615 εἷς
602 1544 683 1608 iliter
701 1555 789 1611 κινοῦν
813 1550 913 1624 κένησιν
999 1578 1049 1618 aot.
1068 1561 1115 1622 Ἐν
1141 1565 1198 1647 ἷδέμ
1220 1569 1267 1623 τοῦ
1292 1565 1384 1640 πέντη
1407 1570 1548 1630 διαστατοῦ
1572 1571 1743 1640 Σπεύσιππος

126 1631 337 1712 ἀπειροδέναμον
356 1625 422 1694 εἶναι
434 1635 546 1715 ἀνάγκη·
559 1635 691 1698 δέδεικται
712 1637 764 1719 γὰρ
778 1639 823 1699 καὶ
837 1647 913 1700 τοῦτο
960 1644 1024 1727 (τήν
1041 1650 1131 1710 οὖσέοιν
1147 1656 1194 1724 τῆς
1208 1655 1294 1732 ψυχῆς
1310 1653 1491 1738 ἀφαιρήσοιτο).

126 1726 220 1782 ἐκεῖσε.
237 1721 272 1783 ‘ll
285 1722 312 1782 δὲ
326 1723 430 1805 ἄπειρος
440 1723 550 1804 δύναμις
561 1728 587 1788 ἐν
600 1727 794 1810 πεπερασμένῳ
808 1729 912 1808 σώματι
999 1735 1146 1814 lStobaeus
1172 1740 1234 1800 Ecl.
1259 1742 1346 1821 phys.
1370 1758 1399 1803 et
1425 1745 1484 1808 eth.
1501 1746 1554 1806 lib.
1582 1747 1595 1805 l
1619 1770 1682 1828 cap.
1704 1751 1741 1808 52

125 1801 193 1869 elren
218 1812 247 1870 cti
272 1811 392 1872 δύναται·
418 1813 548 1877 δέδεικται
572 1815 623 1896 γὰρ
644 1816 690 1876 καὶ
716 1822 794 1878 τοῦτο
816 1820 910 1880 ἐκεῖσε.
958 1846 1023 1904 pag.
1043 1830 1100 1888 862
1118 1831 1162 1889 ed.
1178 1830 1388 1910 lleeren5pag.
1401 1834 1458 1892 368
1471 1834 1517 1892 ed.
1536 1833 1688 1894 Gaisl'ord.
1705 1837 1740 1894 ln

123 1897 246 1982 Ἄπειρον
258 1901 285 1960 δὲ
301 1903 380 1979 σῶμα
395 1902 443 1962 ὅτι·
453 1905 501 1964 οὐκ
514 1903 586 1964 ἔστιν
604 1904 688 1980 ὅλως,
713 1904 844 1966 δέδεικται
864 1907 909 1966 καὶ
957 1913 1011 1974 hac
1022 1936 1183 1996 quoquere
1194 1917 1376 1998 Speusippus
1390 1940 1406 1979 e
1423 1921 1598 1999 Pythagorae
1612 1923 1738 1984 decretis

123 1991 150 2048 ἐν
161 1991 199 2071 τῷ
213 1989 294 2071 τρίτῳ
312 1994 361 2062 τῆς
376 1999 486 2073 φυσικῆς
500 1993 666 2074 ἀκροάσεως,
683 1993 817 2058 δέδεικται
829 1995 874 2056 καὶ
884 2000 910 2057 ἐν
957 2005 1101 2082 pendebat
1125 2020 1196 2066 teste
1210 2005 1365 2081 Cicerone,
1380 2009 1433 2087 qui
1467 2010 1503 2068 de
1523 2023 1580 2072 nat.
1605 2011 1687 2072 deor.
1708 2012 1737 2086 1,

123 2082 161 2160 τῶ
171 2079 267 2159 πρώτῳ
279 2083 326 2151 τῆς
343 2081 403 2162 περὶ
415 2083 546 2162 Οὐρανοῦ.
560 2081 713 2162 Ἀσώματον
728 2085 781 2167 ἄρα
792 2085 823 2145 τδ
834 2089 911 2146 ιἰπει-
959 2093 1108 2154 utilem
1127 2095 1318 2174 Pythagoras,
1347 2100 1459 2175 inquit,
1476 2101 1528 2176 qui
1545 2101 1658 2160 censuit
1675 2103 1740 2160 ani-

125 2166 268 2246 ρσδῦνσμόν
293 2169 375 2227 ἔστιν·
433 2169 513 2230 ’tiit
534 2171 587 2248 μὴν
615 2169 910 2262 antecessisset
957 2201 1035 2242 mum
1050 2203 1114 2245 esse
1128 2205 1181 2263 per
1196 2196 1329 2242 naturam
1344 2205 1442 2244 rerum
1459 2207 1575 2246 omnem
1592 2188 1737 2246 intentum

122 2259 225 2336 πρῶτον
252 2255 336 2315 αἴτιον
358 2257 405 2318 καὶ
426 2258 613 2320 ἀναλλοίωτον·
636 2263 658 2318 εἰ
684 2261 736 2341 γὰρ
763 2261 830 2332 dioc
850 2265 909 2323 έκι-
955 2283 983 2328 et
1006 2285 1234 2344 commeantem,
1264 2289 1301 2328 ex
1317 2293 1376 2350 quo
1399 2275 1496 2332 nostri
1520 2275 1613 2334 animi
1637 2295 1740 2354 carpe-

120 2352 206 2418 νεῑτο,
232 2343 280 2418 salv
308 2344 416 2426 πρώτην
436 2345 468 2407 ἂν
495 2347 608 2408 ἐκινεῖτο
631 2351 683 2408 τῶν
710 2349 839 2422 κινήσεων
857 2351 907 2423 τὴν
955 2374 1066 2434 rentur,
1086 2381 1146 2419 non
1159 2360 1236 2418 vidit
1251 2358 1441 2420 distractione
1459 2361 1656 2422 humanorum
1670 2366 1740 2423 ani-

120 2431 193 2491 κατδι
207 2431 306 2506 τόπον,
324 2433 423 2506 ταύτην
445 2433 473 2494 δὲ
488 2433 619 2496 δέδεικται
641 2436 682 2498 ὅτι
696 2439 726 2496 οὐ
744 2448 864 2499 κινεῖται·
884 2444 906 2500 εἰ
955 2469 1068 2507 morum
1082 2449 1210 2526 discerpi
1231 2459 1260 2504 et
1275 2445 1398 2506 lacerari
1415 2449 1502 2508 deum
1517 2465 1573 2512 etc.
1586 2451 1662 2510 Vide
1675 2473 1740 2530 quae

119 2521 148 2580 at
166 2519 205 2598 μή
219 2518 327 2596 ταύτην,
342 2526 426 2604 σχολῇ
440 2547 470 2603 γε
484 2525 531 2593 τὰς
550 2525 655 2603 ἄλλοις.)
954 2539 1017 2596 dixi
1032 2537 1111 2600 Phil.
1127 2537 1181 2600 Gr.
1195 2536 1312 2612 Fragm.
1327 2537 1388 2598 vol.
1401 2536 1431 2596 ll
1447 2558 1514 2616 pag.
1527 2539 1576 2600 lll.
1593 2539 1602 2620 l

164 2629 210 2670 ¹⁹⁹·
232 2609 401 2694 Σπευσίππῳ
423 2613 601 2695 repetierint
624 2613 659 2674 tl
682 2615 764 2692 σκέλη
783 2618 908 2697 Διογένης
993 2645 1043 2687 aot.
1060 2623 1232 2692 Σπεύσιππος
1255 2625 1459 2685 cestriensi
1483 2627 1571 2705 τέμιον
1597 2637 1681 2703 ποιεῖ,
1706 2629 1737 2689 ab

117 2695 254 2776 ἐξαγαγεῖν
271 2698 349 2758 αὑτὸν
364 2705 408 2760 τοῦ
431 2700 490 2781 ,βέου
506 2702 660 2784 suppleant
675 2701 719 2782 di,
733 2709 762 2766 οὐ
777 2709 831 2774 τοῖς
846 2707 906 2766 σκέ-
952 2714 1013 2796 περὶ
1030 2714 1078 2788 τήν
1093 2722 1140 2776 ταῶ
1162 2715 1243 2793 μέσου
1268 2711 1369 2798 χῶραν·
1391 2713 1426 2773 τὰ
1446 2714 1468 2774 δ’
1482 2715 1553 2796 ἄκρα
1576 2717 1623 2776 καὶ
1648 2717 1740 2778 ἑκατέ-

118 2789 209 2862 λεσιν,
225 2787 290 2869 έρη,
306 2792 409 2866 ζῶμεν,
435 2790 505 2850 ἀλλὰ
520 2794 559 2874 τῷ
573 2795 619 2874 νῷ.
954 2809 1045 2884 pinder.

160 2875 309 2954 (Stobaeus
330 2877 433 2942 Floril.
452 2879 560 2954 CXIX,
584 2903 617 2956 17
642 2882 831 2947 Σπευσίππου.
847 2885 905 2945 Ρο-
994 2893 1231 2972 (Theophrastus
1245 2893 1371 2972 Metaph.
1384 2915 1412 2970 9.
1427 2911 1494 2971 pag.
1514 2894 1571 2950 ὃσα
1587 2893 1631 2952 ed.
1647 2895 1740 2955 Bran-

118 2965 166 3024 sui
182 2965 258 3025 αθπδν
274 2987 339 3025 cum
355 2967 519 3043 Meinelti03
536 2971 624 3046 vulgo
639 2968 751 3049 αὐτόν.)
952 2982 1008 3044 dis.
1032 2981 1169 3060 Spectant
1193 2981 1255 3040 haec
1278 2982 1314 3040 ad
1343 2980 1596 3060 Pythagoreorum
1625 2983 1740 3061 opinio·

161 3075 211 3114 eoo.
224 3055 396 3124 Σπεύσιππος
412 3057 467 3117 θεὸν
480 3059 523 3118 τὸν
535 3065 593 3119 νοῦν
606 3056 665 3118 οὔτε
679 3061 718 3136 τῷ
733 3057 771 3117 ἑνὶ
788 3057 848 3120 οὔτε
866 3065 904 3142 τῷ
953 3091 1035 3144 nem,
1065 3089 1152 3147 quam
1180 3083 1208 3128 et
1233 3069 1417 3148 Speusippus
1444 3068 1567 3147 habuit,
1590 3071 1737 3148 optimum

117 3145 211 3221 ἀγαθῷ
225 3142 498 3228 sennensem
515 3145 753 3230 illisstsdtttol·
953 3180 1011 3217 non
1039 3177 1100 3217 esse
1127 3159 1158 3216 in
1184 3156 1343 3236 principio.
1361 3155 1430 3215 Vid.
1450 3155 1566 3234 Fragm.
1596 3159 1663 3236 198.
1687 3158 1737 3218 Est
1835 3154 1839 3162 “

161 3230 307 3312 (Stobaeus
324 3233 384 3294 Ecl·
400 3233 487 3314 phys·
506 3249 534 3295 et
553 3237 612 3297 eth·
629 3235 686 3298 lib·
704 3239 717 3298 l
733 3258 795 3318 cap
813 3261 843 3314 2,
864 3244 901 3298 28
952 3262 1046 3307 autem
1062 3246 1218 3326 probabile
1240 3245 1440 3324 Speusippum
1456 3265 1491 3304 ea
1515 3266 1581 3324 quae
1597 3248 1738 3324 leguntur

118 3341 186 3398 pag.
204 3322 304 3384 seed.
323 3324 453 3398 lleeren3
471 3345 540 3405 pag.
565 3347 601 3384 aa
628 3325 673 3384 ed.
690 3325 905 3390 Gaislord.ln-
952 3338 1029 3416 apud
1050 3337 1202 3396 Platonem
1224 3335 1304 3394 Tim.
1337 3353 1403 3413 pag.
1429 3335 1480 3395 36.
1506 3333 1613 3412 Ejoco
1643 3337 1736 3412 magis

117 3411 196 3468 serui
221 3409 276 3468 θεὸν
299 3423 328 3470 et
353 3415 506 3494 ἀπεφήνατο
532 3415 663 3492 neglecta
687 3417 835 3494 scriptura
860 3417 904 3478 τδν
953 3445 1040 3502 quam
1060 3427 1139 3484 serio
1160 3423 1241 3482 dicta
1262 3443 1329 3482 cum
1355 3421 1485 3481 Philolai
1512 3423 1581 3500 igne
1612 3425 1735 3483 centradi

114 3497 185 3571 θεόν,
216 3519 303 3577 quam
336 3521 392 3578 pro
420 3499 465 3561 τδν
492 3502 569 3562 αὐτὸν
601 3501 692 3562 codex
721 3505 905 3582 Augustanus
952 3511 1149 3591 conjunxisse.
1173 3511 1217 3571 Cf.
1247 3511 1362 3573 Philos.
1390 3509 1441 3570 Gr.
1463 3509 1577 3588 Prsgm.
1603 3513 1664 3574 voi.
1695 3512 1733 3574 ll.

113 3585 235 3664 praebet.
251 3587 443 3648 CnmStobaei
456 3590 523 3650 loeo
535 3591 769 3670 operaepretium
780 3605 824 3654 est
834 3615 904 3654 con·
952 3602 1058 3661 Philoi.
1079 3602 1183 3678 fragm.
1201 3603 1218 3660 6
1234 3621 1303 3681 pag.
1321 3600 1372 3677 α.)

113 3677 235 3736 tendere
249 3677 400 3738 Ciceronis
415 3681 627 3742 auctoritatem.
645 3683 674 3742 ls
687 3682 765 3742 enim
787 3682 824 3742 de
845 3697 904 3748 nat.
991 3711 1044 3754 noe.
1061 3690 1235 3759 Σπεύσιππος
1247 3687 1292 3766 δέ,
1314 3687 1372 3747 ἐπεὶ
1387 3689 1438 3746 τῶν
1454 3687 1619 3767 πραγμάτων
1639 3687 1672 3746 τδι
1687 3687 1736 3764 μέν

113 3763 198 3828 deor.
212 3765 238 3838 l,
258 3768 611 3847 13philosophumhunc
631 3771 667 3831 de
691 3772 746 3830 deo
759 3771 803 3830 sic
814 3769 900 3849 judi·
952 3779 1076 3855 αἰσθητά,
1090 3777 1124 3838 τὰ
1145 3777 1173 3837 δέ
1187 3778 1286 3856 νοητά,
1314 3778 1367 3835 τῶν
1394 3775 1443 3853 μὲν
1467 3779 1570 3849 νοητῶν
1597 3777 1734 3857 κριτήριον

115 3867 229 3912 cantem
249 3855 340 3915 lacit:
360 3882 373 3910 α
391 3857 574 3936 Speusippus
601 3859 753 3920 Platonem
776 3880 903 3920 avuncu·
951 3865 1037 3936 ἔλεξεν
1051 3857 1172 3926 εἷναιτδν
1188 3862 1389 3942 ἐπιστημονικὸν
1405 3863 1501 3942 λόγον,
1515 3866 1567 3922 τῶν
1584 3861 1612 3924 δὲ
1633 3865 1732 3937 αἰσθη-

114 3943 174 4001 Ιιιιιι
192 3944 392 4025 subsequens,
417 3960 446 4006 et
460 3948 522 4007 vim
536 3949 681 4026 quandam
702 3949 820 4020 dicens,
834 3953 903 4028 ¹(pra
948 3960 1002 4016 τῶν
1015 3955 1063 4027 τήν
1077 3952 1284 4030 ἐπιστημονικὴν
1302 3951 1434 4024 αἴσθησιν.
1456 3949 1685 4028 Ἐπιαιημονικήν
1705 3954 1733 4013 tt

115 4035 215 4093 omnia
226 4050 376 4117 regantur,
391 4057 514 4116 eamque
530 4039 704 4110 animalem,
720 4040 848 4098 evellere
863 4060 901 4099 ex
949 4037 1069 4111 αἴσθησιν
1087 4039 1214 4122 ὑπείληφε
1226 4039 1384 4099 καθιστάναι
1405 4037 1454 4112 τήν
1473 4037 1732 4118 prestantiorem

113 4124 220 4184 animis
251 4139 374 4186 conatur
399 4127 596 4202 coguitionem
627 4128 794 4186 deorum·
824 4126 902 4187 Licet
948 4132 995 4200 τῆς
1009 4127 1077 4187 κατὰ
1094 4127 1139 4187 τὸν
1154 4127 1230 4206 λόγον
1248 4125 1382 4200 ἀληθείας.
1394 4125 1500 4208 Ὠσπερ
1512 4127 1564 4208 γὰρ
1578 4129 1602 4188 oi
1617 4131 1663 4188 τοῦ
1686 4131 1735 4188 αδ-

146 4354 199 4400 tos.
216 4350 381 4414 Speusippum
388 4349 502 4400 cruribus
514 4351 612 4414 cephan
626 4363 655 4400 ac
665 4349 772 4400 debilem
782 4349 901 4414 Diogenes
982 4355 1036 4402 203.
1058 4350 1209 4416 Speusippus
1229 4353 1324 4412 autern,
1347 4364 1426 4415 quum
1452 4364 1492 4402 res
1505 4350 1560 4401 alim
1582 4349 1630 4401 suh
1649 4363 1736 4402 seusus

112 4437 269 4501 hortabatur,
286 4441 316 4489 ut
333 4443 440 4489 mortem
451 4438 505 4502 ipse
518 4438 566 4489 sihi
575 4437 748 4490 conscisceret.
763 4439 828 4488 Tum
840 4436 900 4488 iile:
948 4440 1072 4503 caderent,
1083 4439 1138 4492 alin
1152 4437 1205 4490 sola
1215 4440 1299 4490 mente
1310 4438 1511 4505 intelligerentur,
1525 4439 1616 4490 harum
1626 4437 1736 4504 iudicem

111 4530 167 4580 iton
181 4526 310 4592 mnn'btis,
326 4527 417 4592 inqnlt,
432 4527 556 4587 vivimus,
570 4527 615 4578 sed
625 4529 717 4578 mente.
948 4540 1003 4579 esse
1015 4526 1051 4578 ait
1066 4526 1185 4578 rationem
1196 4525 1300 4578 scientia
1313 4527 1459 4592 preditam,
1472 4527 1571 4578 illarum
1584 4539 1644 4578 vero
1653 4523 1743 4582 obser-,²

145 4621 200 4668 aot).
215 4616 368 4682 Speusippus
377 4617 453 4668 deum
463 4620 572 4668 monem
582 4627 628 4666 nec
641 4614 902 4679 uninecbonoequc-
947 4618 1071 4670 rationem
1081 4617 1207 4669 subtilem.
1240 4617 1395 4681 Atquehanc
1408 4615 1604 4668 observationem
1618 4613 1734 4666 sahulem

112 4706 172 4769 iem,
186 4705 231 4758 sed
245 4705 456 4771 propriaenatune
468 4705 620 4756 esseroiuit.
947 4705 1044 4771 putavit
1063 4719 1118 4757 esse
1140 4705 1287 4770 participem
1307 4704 1420 4756 veritatis
1441 4704 1531 4754 rationi
1554 4703 1731 4752 consentanee.

145 4799 202 4846 aot.
224 4799 253 4848 ln
266 4795 345 4847 terma
363 4795 401 4847 rei
412 4807 601 4860 quoquoversus
615 4805 659 4857 per
673 4793 737 4843 hanc
749 4793 900 4843 universita-
947 4798 981 4845 tit
997 4795 1063 4846 enim
1080 4793 1188 4846 tibicinis
1202 4797 1247 4844 aut
1267 4793 1354 4858 psalte
1375 4791 1445 4855 digiti
1460 4791 1521 4842 artis
1541 4788 1680 4842 factitandae
1694 4789 1732 4838 ia-

13 4945 22 4952 ,
111 4889 166 4936 tem
179 4883 283 4938 intumo
302 4887 329 4936 et
348 4882 508 4936 commeantis
527 4879 679 4948 speusippus
697 4881 774 4933 enimi
788 4885 901 4932 naturam
951 4883 1069 4935 cultatem
1090 4883 1195 4945 habent,
1210 4896 1260 4933 uon
1282 4881 1308 4932 ia
1325 4881 1386 4946 ipsis
1406 4879 1507 4944 quidem
1530 4877 1654 4943 precipue
1671 4887 1732 4928 ton·

111 4976 207 5042 imit·
514 4981 518 4988 '
948 4975 1107 5033 summatem,
1125 4969 1171 5023 sed
1187 4968 1406 5022 exercitationibus
1426 4967 1514 5018 rationi
1531 4965 1731 5017 convenientibus

146 5070 202 5118 aot.
215 5065 367 5132 speusippus
377 5078 463 5117 rarum
474 5065 567 5117 iaciens
579 5063 605 5116 id
617 5063 687 5128 quod
697 5065 836 5128 pretiosum
851 5065 900 5125 est,
948 5061 1083 5125 perlectam
1101 5074 1107 5104 ε
1127 5061 1202 5124 atque
1226 5061 1256 5109 ut
1277 5057 1366 5108 musici
1384 5067 1473 5107 senem
1491 5053 1636 5106 tacuitutem
1655 5051 1733 5105 hahet

6 5181 10 5186 ·
116 5155 139 5204 in
159 5153 244 5208 media
266 5156 366 5222 regiom
384 5155 478 5206 versari
495 5153 557 5206 dicit
580 5172 585 5202 :
611 5151 816 5217 prestantissima
842 5163 902 5202 vero
948 5148 1098 5214 percipiendi
1115 5145 1272 5210 congruentis
1289 5159 1320 5196 ac
1335 5141 1497 5210 discrepantis
1516 5141 1667 5204 concentus,
1683 5155 1733 5194 non

115 5248 191 5300 ettam
206 5246 340 5312 utrimque·
948 5237 1058 5289 neuram
1074 5233 1187 5300 qmdem,
1200 5231 1244 5286 sed
1261 5230 1352 5284 canon
1365 5230 1539 5284 convenienter
1553 5232 1679 5295 adeptam
1698 5231 1733 5281 ita
