3976 5948
839 413 1090 490 cercurum,
1686 395 1760 488 ἰιι

153 537 181 600 ei
194 533 267 607 σδτσς
285 538 396 598 καὶτῶν
416 538 540 597 Στωϊκῶν
555 536 659 615 λόγων,
676 535 740 617 πρὸς
758 535 802 604 οῦς
818 537 863 596 καί
879 513 934 619 θρι-
981 539 1086 603 vollV
1100 559 1165 620 pag.
1182 561 1304 620 soseqq.
1321 543 1396 602 lllnd
1409 563 1479 603 vero
1488 547 1664 624 mirandum,
1682 553 1761 628 quod

153 631 246 697 στικῶς
258 626 418 706 ἱστάμενος,
435 625 479 684 ἐπὶ
496 625 574 685 πλέον
588 624 687 699 ηὐξήθη
695 671 705 702 ,
720 631 765 684 τοῦ
781 627 936 706 φαινομένου
983 629 1111 708 Lacydes
1125 631 1210 690 toties
1228 651 1245 689 a
1261 635 1355 691 servis
1367 633 1429 691 suis
1442 634 1578 713 deceptus
1599 637 1698 697 fallere
1711 641 1763 716 ju-

152 724 205 784 τοῖς
225 718 331 784 πολλοῖς
346 719 473 790 πιθανοῦ,
487 715 587 774 ἀλλὀὐ
601 719 648 787 τῆς
664 714 786 788 ἀληθείας
802 714 933 794 στοχαζό-
982 718 1059 778 dices
1084 719 1114 777 in
1129 720 1213 778 amici
1239 740 1326 780 causa
1349 741 1437 781 ausus
1460 735 1513 784 est.
1534 723 1601 793 ,Qua
1625 724 1661 784 de
1677 746 1709 789 re
1723 730 1763 788 sic

155 829 241 882 μενος.
293 805 376 867 Ὅθεν
398 803 443 864 καί
466 803 566 876 πολλὴν
589 802 707 884 παρέσχε
727 805 781 872 τοῖς
804 807 934 872 Στωῖκσῖς
981 807 1153 868 Plutarchus
1175 809 1211 868 de
1233 810 1359 872 discern.
1373 813 1453 871 adul.
1471 816 1507 870 ab
1527 815 1619 873 amico
1640 835 1705 893 cap.
1724 819 1760 874 32

158 895 263 967 ἀηδίαν.
295 954 298 959 ,
314 894 413 976 Γράφει
426 893 450 951 δ’
461 882 505 952 τόν
526 890 599 951 καίό
617 891 765 971 Νουμήνιος
781 893 935 974 περὶαύτοῦ
981 898 1041 958 vol.
1057 897 1110 956 vti
1123 919 1152 978 p.
1169 899 1225 958 τοῦ
1242 900 1289 961 ed.
1305 901 1422 962 Hutten.
1439 900 1565 972 Λακύδης
1582 905 1654 981 γοῦν,
1669 906 1682 961 ὁ
1708 909 1761 983 Λρ-

155 987 251 1045 ταῦτα.
980 987 1103 1046 κεσιλάου
1126 986 1272 1068 γνώριμος,
1295 991 1342 1047 ἀπ’
1363 988 1527 1070 εἰσαγγελίας
1542 989 1662 1071 φεύγοντι
1688 993 1761 1063 δίκην

194 1071 356 1154 (Eusebius
377 1071 535 1150 Praeparet.
552 1069 661 1146 Erang.
681 1069 737 1130 lib.
753 1069 820 1131 xiv
835 1090 899 1150 esp.
918 1092 933 1144 7
982 1073 1177 1155 Κηφισοκράτει
1199 1075 1267 1153 μετδι
1287 1080 1338 1148 τῶν
1363 1077 1449 1138 σίλλων
1474 1077 1556 1160 φίλων
1579 1078 1762 1160 παρειστήκει·

152 1160 241 1228 ὁποῖος
250 1161 302 1218 τῶν
315 1156 483 1235 δηλουμένων
498 1162 512 1217 ὅ
528 1155 591 1236 βίον·
614 1155 681 1236 Περί
694 1156 818 1218 Λακύδου
830 1162 876 1217 τοῦ
891 1156 935 1216 τὸν
980 1169 1026 1224 τοῦ
1047 1165 1074 1224 δέ
1098 1167 1245 1246 κατηγόρου
1271 1166 1315 1227 τδν
1333 1169 1471 1230 δακτύλιον
1495 1169 1664 1244 αἰτήσαντος,
1682 1175 1696 1228 δ
1715 1172 1763 1248 μέν

152 1247 316 1329 Ἀρκεσίλαον
329 1247 526 1326 διαδεξαμένου·
542 1245 594 1307 ἀπὸ
607 1251 652 1305 τοῦ
662 1247 753 1310 αὐτοῦ.
769 1247 879 1326 Scripsi
896 1257 932 1306 ⁸:
981 1255 1071 1333 ἡσυχῆ
1085 1258 1282 1334 παρακαθῆκεν·
1299 1255 1451 1334 αἰσθόμενος
1463 1253 1491 1314 δέ
1509 1259 1523 1314 δ
1540 1256 1664 1328 Λακύδης
1677 1258 1761 1330 έπέόη

156 1337 185 1394 ἐκ
199 1335 319 1418 περιόδου
330 1335 433 1416 ταῦείι]
447 1335 530 1396 codd.
549 1336 579 1394 έκ
593 1336 712 1416 περιόδου
732 1342 827 1396 ταῦτα.
843 1335 935 1396 Caete-
980 1343 1017 1420 τῷ
1032 1342 1107 1416 ποδί,
1120 1342 1166 1403 καί
1177 1343 1331 1424 ἐπέκρυψεν·
1348 1335 1395 1423 (ῆν
1412 1344 1439 1404 δέ
1453 1347 1468 1403 ὁ
1483 1343 1588 1424 ἔλεγχος
1604 1347 1630 1404 έν
1648 1347 1757 1426 ἐκείνῳ)

151 1443 216 1482 rum
237 1424 272 1484 de
295 1425 394 1484 eadem
412 1444 443 1484 re
459 1423 499 1482 ita
516 1423 620 1484 scribit
639 1425 783 1501 Diogenes
797 1424 932 1485 Laertius
982 1429 1048 1506 μετδι
1069 1432 1096 1490 δέ
1111 1433 1157 1505 τήν
1172 1431 1313 1514 ἀπόφευξιν
1328 1440 1372 1493 τοῦ
1398 1433 1612 1514 Κηφισοκράτους
1629 1434 1763 1514 δεξιουμέ-

152 1511 207 1570 lib.
223 1512 274 1587 iv,
291 1514 329 1592 59
339 1513 428 1573 τοῦτόν
444 1535 509 1593 φασι
531 1511 579 1572 καί
592 1512 654 1594 περί
672 1512 821 1592 οἰκονομίαν
835 1514 935 1592 γλυκύ·
980 1540 1025 1578 νου
1039 1518 1098 1587 τοὺς
1112 1520 1251 1593 δικαστάς,
1265 1512 1299 1589 εἶς
1314 1545 1365 1595 τις,
1382 1524 1417 1590 ὡς
1432 1522 1529 1596 ἔοικεν,
1547 1523 1668 1605 ἑωρακὼς
1681 1523 1710 1582 rh
1723 1548 1764 1602 γε·

152 1623 220 1660 τατοι
230 1602 378 1682 ἐσχηκέναι.
392 1599 517 1663 Ἐτεενδάν
528 1599 580 1682 γάρ
596 1625 621 1660 τι
634 1599 740 1682 προέλοι
749 1609 796 1662 τοῦ
810 1602 931 1681 ταμείου,
980 1607 1102 1684 νόμενον,
1116 1610 1235 1670 ἐκέλευσε
1245 1611 1352 1690 Λακύδῃ
1366 1610 1444 1690 χάριν
1458 1611 1542 1691 ἔχειν,
1551 1612 1596 1670 καί
1608 1611 1638 1670 τὸ
1651 1623 1763 1694 πρᾶγμα

155 1691 363 1770 σφραγισάμενος
381 1691 459 1752 πάλιν
475 1690 538 1750 εἴσω
548 1689 591 1750 τὸν
607 1690 745 1750 δακτύλιον
756 1690 799 1750 ht
812 1696 859 1768 τῆς
869 1694 935 1764 όπῆς
981 1697 1141 1774 διηγήσατο,
1164 1703 1211 1759 τοῦ
1240 1698 1364 1760 Λακύδου
1386 1697 1451 1778 πρὸς
1474 1697 1574 1776 μηδένα
1603 1699 1760 1779 φράσαντος.

153 1779 282 1860 ἐρρίπτει,
296 1785 331 1848 ὡς
345 1781 478 1860 μηδέποτε
498 1783 577 1841 αῦτοῦ
596 1779 773 1863 περιαιρεθείη
789 1781 834 1840 καί
847 1805 872 1842 τι
886 1785 936 1861 βα·
979 1785 1106 1846 Consule
1120 1786 1375 1865 Wytterrbaehium
1396 1787 1548 1848 Animadv.
1570 1787 1599 1845 in
1615 1788 1762 1850 Plutarch.

150 1869 276 1948 σταχθείη
293 1873 345 1930 τῶν
366 1868 556 1947 ἀποκειμένων.
600 1869 729 1931 Μαθόντα
747 1869 779 1942 δὴ
802 1875 879 1932 τοῦτο
900 1873 934 1931 cd
979 1871 1041 1932 vol.
1056 1873 1094 1933 Vl
1105 1893 1173 1952 pag.
1195 1879 1251 1952 493
1265 1875 1301 1934 ed
1315 1874 1423 1954 Oxou.)

150 1957 306 2036 θεραπόντια
318 1959 512 2041 ἀπεσφράγιζε,
526 1959 571 2018 καί
583 1957 632 2018 όσα
646 1956 768 2018 έόοόλετσ
782 1957 934 2030 έόάσταζιν·
1020 1983 1042 2026 r.
1052 1964 1207 2047 Καρνεάδης
1218 1964 1244 2024 δέ
1256 1965 1428 2043 ἐκδεξάμενος
1441 1962 1591 2042 παρήγησιν
1602 1973 1624 2038 ²,
1634 1957 1663 2026 οδ
1676 1965 1762 2050 χρεῶν

150 2044 241 2106 ἔπειτα
256 2045 301 2106 τὸν
316 2048 454 2108 δακτύλιον
466 2047 508 2106 διὰ
518 2052 564 2120 τῆς
576 2048 642 2119 dtrbe
654 2046 716 2105 ἔνίῑῑ
733 2047 768 2113 εἷς
778 2045 826 2119 τὴν
840 2049 933 2108 στοάν·
980 2054 1092 2132 φυλάξαι
1106 2052 1155 2113 ὅσα
1171 2055 1282 2126 ἀκίνητα
1297 2054 1343 2114 καί
1357 2052 1406 2114 doc
1428 2050 1587 2129 κεκινημένα
1601 2045 1645 2128 ήν,
1667 2055 1762 2114 τούτου

150 2137 193 2194 καὶ
209 2139 286 2196 τοῦτο
301 2143 428 2197 ποιοῦντα
447 2137 571 2196 οὐδέποτε
595 2136 728 2218 ἐφωράθη.
744 2169 785 2183 -
803 2137 933 2219 1ὀίκίαν]
980 2141 1028 2220 μέν
1042 2143 1145 2220 ἠμέλει·
1166 2141 1238 2209 εἰςδ
1261 2141 1436 2223 Ἀρκεσίλαον,
1460 2139 1505 2200 είτ’
1520 2131 1563 2198 τόν
1578 2142 1692 2220 ἀμείνω,
1710 2143 1762 2202 εἴτε

151 2243 217 2282 σανα
228 2223 450 2303 wyttenbachio
464 2225 500 2284 ad
514 2225 662 2286 Plutarch.
681 2226 869 2286 lib-derecta
881 2248 935 2288 au·
980 2230 1025 2288 καί
1037 2229 1183 2310 φαυλότερα
1202 2220 1235 2302 ήν
1254 2229 1449 2308 θπανενεγκυίν,
1466 2226 1509 2287 διὰ
1525 2235 1627 2310 μακροῦ
1647 2230 1695 2303 τήν
1711 2232 1762 2308 μά·

151 2311 250 2372 diendi
273 2316 384 2375 ratione
408 2337 440 2395 p.
464 2317 511 2391 39.
535 2316 570 2376 Λ.
586 2314 666 2394 (Vol.
690 2313 727 2374 Vi
748 2336 779 2394 p.
809 2318 866 2374 326
884 2319 933 2382 ed.
979 2340 1029 2396 χην
1045 2316 1175 2386 ἅνενέαζε.
1220 2317 1273 2378 Καί
1296 2317 1496 2397 ἕξῆςίπιλέγει,
1512 2308 1593 2395 ῆγεδ
1608 2312 1762 2379 circuieb—

151 2399 246 2464 Oxon.
260 2402 280 2482 );
295 2404 381 2466 codd.
398 2403 505 2464 οἰκείαν.
522 2436 563 2449 -
582 2412 593 2438 ⁰
609 2401 654 2463 καὶ
668 2401 792 2463 οὕτωκαὶ
806 2405 906 2486 ἄλλως]
918 2429 935 2467 e
980 2431 1021 2474 τος
1034 2406 1079 2466 καί
1094 2405 1218 2487 ἐπέφερεν
1231 2407 1254 2480 ¹³,
1272 2407 1420 2485 ἀντιλογίας
1432 2430 1460 2465 τε
1474 2405 1520 2465 καί
1531 2407 1645 2488 στροφδις
1658 2409 1759 2468 λεπτο-

151 2486 249 2564 Vigeri
265 2491 450 2569 conjectura;
465 2491 537 2550 libri
563 2491 608 2551 καί
623 2489 692 2551 οὕτω
713 2491 758 2551 καί
778 2493 823 2550 οὔκ
840 2493 933 2562 άλλως.
979 2492 1069 2574 λόγους
1087 2491 1212 2576 συνέφερε
1231 2497 1263 2574 τῇ
1279 2496 1353 2575 μάχῃ
1369 2493 1525 2568 ποικίλλων,
1542 2493 1707 2575 ἐξαρνητικός
1730 2523 1758 2557 τε

150 2577 212 2632 -l
221 2579 252 2638 εδ
265 2582 372 2660 ταμεῖον
385 2583 507 2663 θεωρῶν]
521 2580 643 2658 eliger-i
658 2579 829 2659 conjectura
842 2605 851 2656 ς
863 2583 933 2644 libri
979 2583 1025 2642 καί
1039 2589 1050 2618 ⁰
1062 2581 1254 2664 καταφανεικδς
1269 2574 1311 2656 ῆν,
1323 2581 1523 2663 κάμφοτέρωθεν
1539 2582 1711 2661 ἀντιλογικός.
1725 2586 1758 2644 Εἰ

150 2667 179 2727 rh
204 2672 385 2748 γραμματεῖον
408 2673 511 2752 θεωρῶν
534 2679 600 2718 -⁸
623 2671 668 2728 καί
694 2670 769 2750 μήν]
790 2673 874 2732 codd.
891 2673 934 2735 ναί
980 2669 1252 2731 lincoliensen
1272 2676 1361 2747 θαῦμα
1377 2669 1489 2751 ἐχόντων
1503 2669 1598 2750 λόγων,
1610 2669 1755 2750 έξηγείρετο

151 2756 215 2832 μὴν.
232 2757 296 2804 -ί
318 2761 453 2838 συντελεῖ]
469 2759 554 2818 codd.
571 2760 693 2831 συντελῆ.
709 2767 778 2805 —2
800 2761 823 2818 εί
844 2760 871 2820 δέ
896 2760 933 2839 μὴ
979 2758 1091 2840 λάόρος,
1108 2749 1159 2818 οἷον
1173 2759 1292 2837 ποταμὸς
1307 2757 1423 2840 ῥοώδης,
1438 2759 1555 2839 σφοδρῶς
1576 2757 1656 2840 ῥέων,
1672 2759 1760 2820 πάντα

151 2845 295 2927 ἐξελέγχοι,
312 2847 398 2906 πάντα
418 2847 450 2908 διν
471 2846 615 2929 ἀνατρέψαι
631 2846 724 2916 αὐτοὺς
735 2851 819 2930 ἑαυτῷ
835 2851 933 2932 δοκῶν]
980 2845 1170 2925 καταπιμπλάς
1189 2845 1223 2906 τά
1237 2849 1300 2928 τῇδε
1314 2847 1359 2907 καί
1381 2847 1414 2908 τδι
1433 2850 1516 2922 κεῖθι,
1542 2847 1588 2905 καί
1603 2847 1757 2926 είσέπιτττε,

150 2934 202 2994 ubi
218 2935 361 3017 ἀνατρέψαι
374 2935 466 3006 αὐτοῦς
480 2937 680 3016 accipiendum
692 2949 724 2995 ut
738 2937 814 3014 apud
828 2937 935 2998 Demo·
980 2937 1025 2996 καί
1047 2935 1172 3015 συνέσυρε
1184 2933 1244 3003 τοίις
1258 2935 1401 3003 ἀκούοντας
1418 2933 1460 2993 δεδι
1475 2931 1596 3014 θορόόου.
1613 2936 1760 3015 Τοιγαροῦν

149 3022 279 3082 sthenem
294 3025 331 3084 de
352 3025 416 3086 fals.
431 3025 487 3103 leg.
506 3047 537 3105 p.
564 3037 633 3104 419.
650 3025 705 3085 ult.
736 3024 863 3106 ἀνέτρεψε
890 3026 935 3085 καὶ
981 3024 1089 3103 ἀπάγων
1104 3023 1162 3092 τοὺς
1176 3024 1286 3098 ἄλλους,
1310 3023 1388 3090 αὖτδς
1411 3020 1499 3099 ἔμενεν
1518 3019 1760 3096 ἀνεξαπάτητας,δ

151 3112 288 3173 κατέδυσε.
311 3117 465 3174 structura
495 3128 591 3175 autem
616 3116 638 3174 εἰ
669 3114 696 3173 δέ
724 3112 761 3190 μή
787 3111 933 3195 ἐξελέγχοι,
981 3113 1019 3192 μή
1040 3116 1140 3196 προσῆν
1159 3115 1196 3196 τῷ
1212 3111 1383 3194 Ἀρκεσιλάῳ.
1426 3109 1542 3178 Ἐκεῖνος
1563 3111 1614 3190 γὰρ
1641 3109 1761 3192 περιεχό-

151 3201 238 3262 πάντα
253 3202 284 3262 διν
301 3201 446 3284 ἀνατρέψαι
460 3203 519 3266 κτλ.
533 3203 638 3263 similis
659 3215 704 3262 est
717 3202 934 3263 Demostheneae
980 3223 1055 3278 μενος
1071 3225 1105 3282 τη
1128 3200 1260 3283 φαρμάξει
1280 3200 1339 3268 τοὺς
1363 3197 1652 3278 συγκορυόαντιῶντας,
1667 3197 1759 3257 ἔλαθεν

152 3289 224 3352 Phil.
243 3293 266 3365 l,
286 3314 318 3350 ει
334 3293 434 3352 δοκεῖτε
449 3293 536 3370 δέμον
552 3291 618 3352 πολὺ
633 3291 734 3371 βέλτιον
750 3289 782 3350 δν
804 3291 865 3370 περὶ
885 3295 932 3350 τοῦ
980 3291 1072 3351 ίαυτδν
1086 3294 1188 3370 πρῶτον
1205 3287 1376 3364 ἐξηπατηκὼς
1390 3288 1427 3368 μὴ
1442 3290 1591 3368 ᾐσθῆσθαι,
1617 3293 1759 3347 πεπεῖσθαι

150 3379 269 3458 πολέμου
284 3381 329 3441 καί
343 3381 406 3455 δλης
424 3385 471 3454 τῆς
495 3385 663 3462 παρασκευῆς
688 3378 890 3460 βουλεύσασθαι,
911 3383 934 3440 εί
980 3383 1002 3440 δ’
1014 3382 1098 3454 ἀληθῆ
1115 3371 1198 3456 εἶναι,
1214 3379 1231 3438 δ
1245 3379 1315 3458 λέγει
1330 3377 1373 3437 διδ
1384 3381 1430 3450 τῆς
1447 3376 1642 3444 ἁπαξαπάντων
1658 3376 1759 3457 ἀναιρέ-

150 3469 193 3526 τδν
207 3470 307 3544 τόπον,
322 3459 344 3529 δι
364 3470 455 3551 ἀνδρες
470 3469 613 3545 Ἀθηναῖοι,
631 3473 677 3542 τῆς
701 3469 803 3550 χώρας,
818 3469 882 3550 πρὸς
901 3471 934 3543 ῆν
980 3493 1045 3537 σεως
1058 3467 1216 3552 χρημάτων.
1260 3467 1349 3529 Κακδν
1366 3469 1393 3528 δὲ
1405 3458 1436 3540 ile
1449 3465 1480 3526 διν
1496 3471 1570 3548 κακῷ
1584 3466 1759 3545 ίπανακείμε·

149 3558 311 3632 πολεμεῖτε,
324 3557 520 3636 ἐνθυμηθείητε.
540 3560 585 3620 ef.
596 3559 745 3617 Bromium
758 3559 795 3617 ad
811 3558 931 3636 Olynth.
980 3581 1034 3634 νον,
1050 3561 1064 3617 δ
1079 3557 1232 3639 Καρνεάδης
1244 3561 1282 3638 τῷ
1293 3555 1462 3638 Ἀρκεσιλάῳ·
1476 3555 1513 3634 μή
1525 3556 1647 3635 χαλάσας
1660 3580 1686 3616 τι
1698 3579 1760 3634 σμι-

149 3644 205 3718 ίίί,
221 3648 251 3704 6.
262 3647 438 3706 Membranae
457 3647 565 3706 habent
579 3648 682 3726 partim
695 3637 751 3706 εἶτα
767 3646 805 3726 μή
828 3645 932 3726 έξελέγ-
980 3645 1057 3728 κρόν,
1071 3649 1114 3726 ὑφ’
1131 3637 1161 3705 οὗ
1175 3648 1221 3705 οὐκ
1233 3645 1364 3726 ἄπρακτοι
1378 3643 1486 3722 ἔμελλον
1497 3641 1611 3721 ἔσεσθαι,
1627 3645 1698 3704 κατδι
1712 3645 1760 3712 cd<

150 3732 192 3801 ξαι
204 3737 292 3796 πάντα
303 3736 449 3818 ἀνατρέψαι
461 3759 488 3794 τε
499 3739 584 3814 ἑαυτῷ
599 3739 692 3811 δοκῶν,
710 3737 816 3816 partim
831 3735 882 3794 εἴτε
897 3735 934 3810 μή
980 3735 1033 3795 dnh
1055 3739 1101 3795 τοῦ
1125 3739 1236 3796 πιθανοῦ
1263 3733 1405 3812 λεγομένας
1430 3734 1501 3814 αὐτῷ
1527 3733 1630 3799 θετικάς
1658 3755 1687 3790 τε
1715 3733 1760 3790 καί

150 3821 282 3906 ἐξελέγχοι
292 3823 380 3885 πάντα
395 3823 587 3905 ἀνατρέψεσθαι
599 3827 685 3906 ἑαυτῷ
700 3827 793 3886 δοκῶν.
808 3824 872 3884 Non
886 3847 936 3885 au·
981 3821 1120 3905 ἀρνητικδις
1143 3821 1304 3905 φαντασίας,
1319 3827 1366 3881 τοῦ
1381 3810 1447 3880 είναι
1461 3820 1519 3878 τόδε
1540 3843 1566 3877 τι
1587 3824 1663 3901 ζῷον,
1680 3817 1697 3890 ἢ
1722 3818 1758 3894 μὴ

150 3913 273 3974 diendus
286 3913 420 3991 Vigerus,
447 3915 537 3992 quiin
557 3914 656 3974 verbis
670 3915 868 3995 τ’·,κριόολογεῖτο
883 3915 932 3990 ἀν,
980 3917 1044 3994 ζῷον
1056 3903 1134 3975 εἶναι.
1177 3915 1264 3973 Τοῦτο
1278 3902 1322 3970 σόν
1336 3908 1457 3983 θπανείς,
1473 3907 1562 3988 ῶσπερ
1578 3911 1601 3968 σί
1614 3906 1760 3989 ἀναχάζον-

149 4005 195 4062 καί
214 4004 366 4063 ἀπεδείκνυε
384 4004 556 4084 particulam
576 4003 607 4062 διν
621 4004 773 4063 delendam
785 4003 932 4066 censebat.
979 4027 1020 4071 τες
1038 4006 1129 4082 θῆρες,
1145 3999 1302 4083 βιαιότερον,
1319 3999 1365 4058 καί
1382 3999 1480 4076 μᾶλλον
1501 3996 1607 4066 ἑαυτοὺς
1627 3999 1703 4056 ἱεῖσιν
1723 4000 1759 4066 είς

150 4091 216 4154 Vid.
230 4093 385 4154 Hermann.
395 4094 432 4153 de
442 4106 519 4172 part.
531 4097 562 4152 δν
577 4091 727 4173 lib.lcap.
744 4117 759 4168 7
776 4093 808 4152 in
822 4095 920 4172 Opusc
979 4091 1025 4154 τδιε
1052 4089 1167 4168 αἰχμάς,
1195 4089 1288 4156 καάτδς
1318 4086 1404 4155 ένδσδς
1430 4085 1607 4167 δυνατώτερον
1634 4089 1755 4158 ἐπῆλθεν.

1683 4236 1756 4248 ψ

149 4323 278 4360 assensum
294 4310 440 4362 cohiberet:
456 4309 611 4374 eliudporro
630 4309 754 4360 incertum
772 4322 843 4366 esse.
866 4309 935 4360 aliud
980 4312 1031 4376 ipse
1041 4311 1114 4374 longo
1126 4309 1225 4362 demum
1237 4311 1365 4362 intervallo
1377 4311 1519 4362 renovabat.
1546 4315 1583 4362 Ac
1594 4311 1762 4376 superioribus

150 4396 326 4464 comprehendi
339 4413 387 4450 uon
400 4413 488 4465 posse;
510 4403 537 4450 ei
552 4397 812 4463 incomprehensibiles
832 4399 935 4464 quidem
980 4401 1130 4466 subjungens
1143 4399 1191 4450 elia
1203 4399 1416 4464 hicquoquetum
1432 4399 1614 4465 allegabattum
1626 4400 1762 4465 atterebat,

150 4501 207 4538 esse
222 4499 262 4539 res
278 4501 378 4550 omnes,
392 4502 539 4540 nonomnes
553 4493 636 4547 temen
650 4490 758 4540 incertas
777 4502 841 4540 esse.
877 4490 936 4540 Fuit
980 4503 1134 4554 pugnumque
1148 4503 1218 4540 suum
1231 4489 1464 4540 contradictionibus
1473 4492 1499 4540 et
1511 4489 1645 4540 subtilibus
1657 4490 1760 4553 quibus·

151 4577 194 4626 hic
217 4576 291 4627 etiam
309 4577 447 4629 Stoicorum
459 4578 560 4630 rationis
580 4593 629 4629 non
647 4578 756 4644 ignarus,
780 4592 831 4643 que
850 4578 934 4643 impu·
980 4579 1037 4630 dem
1045 4579 1146 4643 argutiis
1159 4579 1280 4630 variatam
1290 4578 1440 4640 conserebat,
1453 4576 1565 4641 negando
1574 4578 1648 4628 simul
1657 4579 1683 4628 et
1693 4579 1760 4628 alhr·

151 4666 248 4730 ροεαθο
260 4667 338 4729 magis
350 4667 425 4718 etiam
438 4667 560 4730 inclaruit,
577 4668 638 4718 dum
650 4667 676 4718 id
687 4667 769 4732 potius
782 4665 851 4732 quod
862 4667 937 4732 vulgo
979 4668 1069 4718 mando
1086 4669 1160 4731 etque
1178 4667 1295 4731 oppositis
1307 4667 1433 4730 utrimque
1452 4663 1588 4716 rationibus
1603 4665 1759 4729 disputando.

149 4755 283 4808 verisimile
299 4757 442 4819 ridebatur,
459 4771 631 4822 quamverum
644 4759 727 4823 ipsum
740 4759 845 4822 spectat.
865 4761 933 4817 Qua·
981 4755 1073 4814 Quodsi
1082 4755 1211 4820 magnifico
1222 4755 1330 4818 quodam
1338 4752 1435 4805 dicendi
1446 4764 1535 4818 genere
1547 4766 1611 4817 opus
1620 4755 1697 4815 esset,
1707 4754 1762 4803 turn

150 4845 252 4910 propter
272 4844 472 4910 Stoicisquoque
492 4847 626 4911 plurimum
649 4847 770 4899 molestie
789 4845 934 4898 exhibebat.
982 4844 1120 4896 vehementi
1142 4858 1218 4896 cursu
1231 4843 1365 4906 terebatur,
1377 4844 1406 4892 ut
1427 4843 1505 4892 amnis
1524 4840 1629 4893 celeret
1650 4838 1760 4904 rapidus,

150 4937 189 4984 De
203 4933 251 4984 boc
264 4932 337 4997 igitur
349 4935 486 4985 Numenius
501 4936 535 4986 ita
550 4935 643 4988 scribit.
980 4935 1062 4986 omnic
1071 4934 1160 5000 passim
1168 4934 1289 4984 inundans
1301 4931 1445 4993 etobrueus,
1453 4932 1526 4993 atque
1536 4941 1625 4993 urgens
1633 4927 1762 4980 auditores

183 5027 207 5075 t.
225 5023 366 5076 carneades
382 5025 488 5077 docendi
509 5030 595 5090 postea
612 5039 714 5077 munere
728 5029 860 5090 suscepte,
879 5039 936 5076 eum
982 5035 1069 5088 magno
1080 5038 1138 5075 cum
1148 5021 1254 5087 strepitu
1265 5033 1349 5072 secum
1360 5019 1479 5083 rapiebat.
1494 5019 1580 5080 licque
1591 5016 1686 5067 ciiosin
1697 5030 1761 5069 erro·

151 5115 308 5176 aspernatus,
317 5113 388 5176 eujus
397 5113 846 5179 oniniadogmcturelimmotaedhue
855 5115 895 5164 rel
904 5115 936 5165 ab
982 5128 1034 5166 rem
1049 5114 1167 5165 inducens
1178 5112 1231 5176 ipse
1244 5124 1258 5161 a
1271 5109 1366 5160 nemine
1382 5107 1463 5172 decipi
1475 5107 1588 5171 poterut,
1601 5119 1657 5172 quae
1674 5109 1762 5158 natura

151 5201 206 5252 eliis
211 5202 264 5267 jam
271 5203 511 5255 sollieitataretinere
520 5203 635 5266 debebat,
646 5205 791 5268 cunctisque
800 5203 832 5254 cd
842 5203 937 5254 Arcesi·
981 5215 1030 5252 uon
1043 5203 1121 5253 inerat
1134 5200 1159 5250 in
1170 5197 1288 5250 Arcesila.
1303 5198 1328 5246 is
1339 5195 1404 5246 enim
1418 5195 1537 5258 ceteros,
1546 5193 1694 5259 quibuscum
1712 5195 1762 5246 θο-

153 5291 216 5352 Ιειιι,
230 5290 283 5344 sire
294 5292 405 5356 meliora,
413 5293 466 5346 sire
476 5293 600 5348 deteriore
611 5295 702 5359 εεεοαῖ,
716 5293 816 5358 relatis,
829 5304 937 5358 pugnem
982 5289 1111 5354 rubentum
1126 5299 1194 5338 more
1207 5283 1332 5348 insanivit,
1344 5282 1474 5348 praestigiis
1485 5283 1538 5334 suis
1546 5283 1702 5350 complexus,
1714 5296 1764 5332 non

249 5395 313 5435 rure.
330 5395 406 5434 csse.
425 5397 459 5434 ιιι.
1646 5379 1672 5423 ¹¹
