3976 5948
745 399 748 409 ι
826 398 929 415 «qvi
1023 400 1068 409 .·ιι
1171 400 1253 411 ιιι·
1346 404 1395 415 ..ς

745 420 748 436 ·
820 422 853 437 ι.
1065 395 1699 476 *sermm

746 444 748 453 ι
826 442 836 462 5
917 443 922 456 ε
1041 454 1045 461 ,
1182 448 1232 459 .·¹
1310 452 1370 463 Α,

103 653 215 790 nn
273 651 653 833 surano,
717 650 1061 792 arrico·
1098 656 1209 792 nr
1262 655 1696 804 uuunuro.

749 933 1027 964 ..d-..-

136 1135 300 1212 Antequam
323 1134 357 1192 ad
381 1134 588 1212 Peripateticos
607 1145 802 1216 transeamus,
825 1133 874 1192 Se·
922 1133 987 1210 (Cs.
1005 1133 1114 1195 Philus.
1135 1134 1187 1196 Gr.
1215 1135 1327 1213 Fragor.
1352 1140 1412 1196 vol.
1433 1139 1467 1208 ll,
1495 1161 1559 1217 pag.
1576 1141 1649 1224 157)
1672 1143 1702 1204 τὸ

100 1223 176 1294 reri,
194 1221 281 1280 Attici
306 1233 334 1281 et
348 1220 480 1280 Numenii
503 1221 664 1298 fragmenta
686 1221 834 1298 recognita
848 1233 877 1280 et
922 1220 968 1297 μέν
992 1219 1024 1292 δή
1043 1221 1131 1292 νοήσει
1147 1223 1213 1298 μετὰ
1235 1225 1312 1304 λόγου
1330 1227 1491 1307 περιληπτὸν
1508 1228 1549 1288 ἀεὶ
1572 1231 1641 1290 κατά
1665 1232 1700 1291 τὰ

100 1311 186 1369 latine
201 1329 288 1368 versa
306 1311 354 1368 hic
373 1329 538 1388 proponere
559 1309 777 1369 destinavimus.
793 1313 876 1368 Sece-
922 1308 988 1368 αὐτὸ
1002 1309 1047 1386 όν,
1063 1309 1092 1369 τὸ
1107 1311 1129 1370 δ’
1142 1302 1176 1370 αθ
1194 1309 1253 1392 δόξῃ
1270 1316 1328 1390 μετ’
1343 1316 1491 1388 αἰσθήσεως
1508 1315 1605 1391 ἀλόγου
1622 1319 1699 1389 δοξο-

99 1421 145 1456 rus
166 1398 284 1476 quando
306 1399 433 1470 vixerit,
463 1419 522 1457 non
543 1399 682 1472 traditur;
707 1419 773 1457 nam
798 1400 877 1476 quod
922 1396 981 1456 στὸν
993 1397 1144 1476 γιγνόμενον
1157 1398 1203 1457 καί
1224 1402 1418 1480 ἀπολλύμενον,
1434 1403 1513 1472 ὄντως
1527 1404 1554 1464 δὲ
1576 1407 1699 1468 οὐδέποτε

101 1486 235 1543 nonnulli
249 1485 375 1544 secundo
390 1499 455 1564 post
469 1484 539 1546 Chr.
556 1506 587 1546 n.
612 1486 717 1545 saeculo
733 1506 798 1546 eum
820 1485 876 1544 llo·
921 1483 957 1543 όν.
970 1485 1016 1544 Sic
1030 1488 1105 1544 enim
1123 1508 1188 1566 pag.
1215 1491 1263 1563 78.
1289 1494 1312 1549 A
1329 1493 1416 1572 [pag.
1437 1495 1491 1550 183
1510 1495 1557 1556 ed.
1583 1497 1700 1555 Schnei-

102 1574 194 1633 ruisse
216 1574 433 1648 existimarunt,
462 1595 495 1632 ca
516 1573 608 1632 libera
631 1588 675 1634 est
699 1574 875 1653 conjectura.
921 1575 1003 1654 der.)
1025 1579 1179 1656 explanato
1200 1578 1330 1638 Platonis
1347 1579 1481 1658 dogmate
1496 1582 1582 1642 istum
1598 1585 1696 1662 philo·

100 1667 163 1720 Jam
180 1682 250 1722 vero
268 1663 448 1742 Porphyrius
465 1663 505 1740 (ι)
521 1664 551 1721 in
565 1664 626 1722 rita
638 1663 746 1722 Plotini
762 1684 825 1742 cap.
842 1675 875 1736 rt.
921 1668 1044 1742 sophum
1058 1666 1205 1742 redarguit
1219 1688 1226 1725 :
1241 1665 1308 1734 ὅλως
1322 1667 1349 1727 δέ
1364 1667 1424 1749 περί
1444 1670 1584 1749 κριτηρίων
1598 1671 1630 1744 ήν
1644 1672 1700 1752 ἔχει

101 1764 221 1810 testatur
235 1751 352 1812 Plotino
367 1753 397 1809 in
414 1752 522 1810 scholis
538 1752 628 1810 lectos
642 1771 705 1812 esse
727 1771 874 1811 commen-
922 1751 996 1819 δόξαν
1012 1758 1026 1814 ό
1040 1755 1171 1827 Πλάτων,
1186 1753 1238 1813 ἀπὸ
1261 1753 1359 1816 τούτων
1374 1756 1499 1830 ληπτέον.
1524 1756 1625 1818 Ἄλλων
1649 1759 1700 1840 γάρ

101 1841 186 1898 tarius
200 1840 314 1910 Severi,
332 1841 446 1914 Cranii,
461 1841 606 1912 Numenii,
620 1839 698 1918 Caji,
715 1841 801 1899 Attici
813 1841 876 1919 phi·
921 1839 986 1899 ἀλλο
1000 1842 1029 1901 τὸ
1044 1843 1176 1924 κριτήριον
1189 1845 1321 1922 θεμένων,
1337 1849 1388 1904 τῶν
1402 1845 1449 1922 μέν
1463 1845 1599 1920 αἴσθησιν,
1611 1845 1700 1928 ὥσπερ

102 1927 294 2006 losophorurn
323 1928 539 1987 Platonicorum
560 1929 652 1987 :item
669 1929 875 2007 Peripatetico·
921 1931 944 1984 ol
961 1929 1157 2009 Πρωταγόρειοί
1174 1955 1252 2012 ροισι,
1267 1937 1319 1994 τῶν
1334 1931 1361 1992 δέ
1377 1933 1470 2010 δόξαν,
1487 1933 1576 2016 ὥσπερ
1590 1939 1604 1994 ό
1618 1935 1699 2014 λέγων

94 2027 164 2073 'rum
180 2017 309 2096 Aspasii,
326 2016 499 2087 Alexandri,
515 2015 631 2075 Adrasti
648 2030 677 2074 et
691 2029 877 2094 quotcunque
922 2015 995 2084 δοκὸς
1009 2019 1032 2077 δ’
1053 2018 1097 2078 ἀπὸ
1118 2029 1184 2080 πᾶσι
1205 2021 1347 2098 τέτυκται,
1370 2025 1422 2080 τῶν
1444 2021 1471 2083 δέ
1493 2023 1587 2102 λόγον,
1607 2028 1658 2084 τῶν
1673 2024 1699 2084 δὲ

101 2103 175 2163 lorte
196 2105 350 2164 inciderint
370 2105 488 2182 scripta.
506 2105 625 2164 Videtur
640 2119 735 2165 antem
752 2104 877 2164 Severus
921 2110 999 2182 νοῦν,
1014 2109 1028 2164 ό
1043 2107 1158 2168 Πλάτων
1177 2109 1279 2176 οἰκείως
1290 2117 1343 2178 τοῖς
1357 2109 1497 2191 πράγμασι
1508 2111 1556 2184 τὴν
1571 2115 1622 2172 τῶν
1640 2137 1700 2194 κρι-

100 2194 200 2270 plures
233 2193 326 2254 libros
348 2194 514 2254 confecisse.
542 2196 582 2252 Ac
608 2195 734 2273 primum
761 2194 876 2272 quidem
921 2191 1017 2273 τηρίιυν
1031 2196 1125 2254 διεῖλεν
1148 2196 1252 2269 οθσίαν,
1266 2205 1319 2265 τοῖς
1336 2199 1383 2275 μέν
1399 2200 1499 2271 νοητοῖς
1514 2205 1572 2260 νοῦν
1593 2201 1699 2260 ἀπονεί·

99 2283 177 2340 inter
203 2282 302 2340 Timaei
326 2282 468 2341 Platonici
498 2282 669 2360 interpretes
698 2283 767 2356 snit,
793 2283 877 2361 cujus
923 2304 988 2354 μσς,
1010 2288 1063 2350 τοῖς
1078 2282 1221 2354 διανοητοῖς
1237 2285 1367 2360 διάνοιαν,
1389 2293 1441 2352 τοῖς
1460 2286 1487 2344 δέ
1503 2285 1635 2355 ὸοξαστοῐς
1657 2288 1701 2354 δό-

100 2383 196 2428 tamen
219 2372 393 2450 procemium
409 2370 556 2449 explicare
570 2371 741 2446 dedignatus
765 2384 808 2430 est
823 2371 875 2450 (a).
922 2366 980 2442 ξαν,
995 2377 1049 2436 τοῖς
1074 2369 1099 2428 δέ
1116 2374 1248 2444 αἰσθητοῖς
1269 2369 1399 2444 αίσθησιν.
1425 2373 1479 2434 Kal
1501 2373 1538 2450 μθ,
1562 2374 1605 2432 διὸ
1624 2379 1701 2434 τοῦτο

99 2455 131 2515 ln
145 2459 329 2536 exponendis
344 2457 444 2517 verbis
460 2459 615 2518 Platonicis
627 2480 692 2537 pag.
708 2481 757 2533 27.
775 2460 811 2519 D.
826 2459 875 2538 (cs.
922 2459 1011 2537 οἰηθῇς
1027 2458 1206 2536 διεσπασμένα
1221 2457 1254 2517 τὸ
1267 2461 1389 2540 κριτήρια
1401 2463 1460 2521 κατ’
1475 2461 1551 2520 αὐτὸν
1565 2461 1699 2542 ὑπάρχειν.

98 2546 208 2610 Philos.
225 2547 277 2608 Gr.
305 2547 417 2624 Fragm.
436 2549 496 2606 vol.
518 2546 558 2624 ll,
581 2568 645 2626 pag.
673 2548 747 2626 157)
763 2548 789 2606 τί
804 2547 833 2606 τὸ
849 2547 877 2606 θν
923 2545 956 2607 ‘ll
975 2545 1113 2632 γὸρψυχιλ
1137 2547 1224 2607 καλόν
1247 2550 1362 2608 θστικαλ
1382 2549 1489 2621 πλῆθος.
1514 2552 1547 2610 El
1563 2549 1649 2610 τοίνυν
1669 2551 1700 2612 τὸ

96 2635 149 2712 ἀεί,
170 2641 271 2714 γένεσιν
288 2633 315 2693 δὲ
339 2636 385 2692 οὐκ
400 2633 477 2714 ἔχον,
494 2634 539 2693 καὶ
562 2634 588 2694 τί
612 2635 641 2693 τὸ
657 2635 809 2714 γιγνόμενον
831 2634 878 2712 μίν
922 2643 1009 2714 κρῖνον
1032 2635 1104 2716 ψυχή
1121 2638 1190 2695 ἔστιν
1206 2635 1255 2716 (οὐ
1276 2637 1327 2718 γάρ
1351 2659 1403 2696 που
1426 2641 1504 2715 σῶμα
1522 2637 1552 2697 τὸ
1574 2639 1701 2720 ήμίτερεν

96 2721 149 2798 ἀεί,
168 2722 198 2780 δν
214 2723 241 2781 δέ
256 2722 395 2797 οθδέποτε;
414 2723 483 2800 jure
504 2722 541 2781 ab
556 2743 591 2782 eo
608 2723 742 2782 dissentit
756 2723 878 2782 Proclus
922 2722 1042 2802 κριτικήν
1058 2724 1113 2804 ἔχει
1127 2723 1253 2805 δύναμιν)
1276 2730 1293 2798 η
1309 2723 1336 2783 δέ
1350 2723 1422 2804 ψυχή
1438 2724 1466 2784 έν
1489 2728 1544 2786 ἐστι
1567 2726 1613 2786 καί
1628 2729 1699 2799 πλῆ-

94 2811 123 2868 in
137 2812 285 2871 Timaeum
300 2831 330 2891 p.
354 2831 438 2884 poa.
454 2810 498 2890 [p.
517 2813 571 2869 163
588 2813 634 2869 ed.
653 2811 824 2888 Schneider]
839 2811 878 2871 ita
923 2817 980 2888 θος,
996 2814 1040 2873 καί
1054 2814 1084 2872 τὸ
1105 2813 1220 2892 κριτικὸν
1244 2812 1295 2894 ἀρα
1319 2811 1345 2871 ἓν
1368 2815 1438 2872 ἐστιν
1453 2814 1510 2892 άμα
1534 2816 1579 2873 καί
1601 2816 1700 2888 πολλοί,

96 2900 252 2960 scribens:
269 2901 293 2959 ol
308 2898 355 2977 μέν
375 2899 462 2959 πάντα
475 2899 509 2959 τὸ
523 2900 585 2960 ὄντα
601 2903 737 2973 ὁπωσοῦν,
754 2900 806 2959 εἴτε
821 2923 877 2959 πα·
923 2900 968 2960 καί
992 2901 1128 2978 μονοειδὴς
1144 2905 1159 2973 ἡ
1176 2903 1281 2982 κριτική
1300 2899 1408 2978 δύναμις
1423 2902 1468 2961 καί
1482 2903 1631 2977 πολυειὸής.
1653 2902 1701 2970 Τίς

98 2990 307 3068 ραθειγματικῶς
321 2986 373 3046 είτε
387 2988 534 3060 εθκονικῶς,
553 2988 648 3068 έραντο
663 2988 705 3046 διὸ
719 2988 817 3060 ταύτης
826 3012 877 3049 πα·
922 2980 966 3049 air
981 2995 997 3062 ἡ
1025 2991 1073 3068 μία
1088 2990 1211 3070 δόναμιςρ
1228 2989 1292 3071 φαίη
1308 3013 1346 3056 τις
1361 2989 1403 3051 σίν.
1421 2988 1456 3050 Ὁ
1469 2987 1557 3068 λόγος,
1571 2991 1699 3071 φήσομεν.

99 3077 318 3155 ραλαμόάντσθαι
333 3079 379 3148 τῆς
393 3074 564 3155 διακρίσεως,
579 3079 603 3135 οῖ
618 3074 646 3135 δὲ
670 3077 698 3135 οὐ
714 3076 816 3151 πάντα,
833 3079 878 3138 καὶ
921 3069 1005 3147 Οὗτος
1019 3077 1065 3156 μίν
1085 3078 1135 3158 γὸρ
1150 3079 1194 3139 ἐπί
1208 3078 1255 3150 τὴν
1276 3081 1329 3137 τῶν
1344 3081 1442 3150 νοητῶν
1457 3077 1518 3138 θίαν
1534 3081 1702 3155 στελλόμενος

97 3169 146 3224 τῶν
169 3165 305 3244 ἐξηγητῶν
328 3163 474 3244 ἀντιλογίαι
490 3165 556 3245 πρὸς
578 3165 706 3238 ἀλλήλους
721 3167 769 3225 οὐκ
791 3166 878 3246 θλίγαι
924 3168 1008 3247 ἑαυτῷ
1022 3191 1050 3226 τε
1064 3170 1163 3246 χρῆται
1177 3166 1223 3226 καί
1236 3191 1268 3246 τη
1284 3165 1389 3244 νοήσει,
1410 3166 1459 3245 οὐχ
1472 3165 1512 3224 ότι
1527 3165 1636 3248 όργανον
1650 3169 1698 3244 μέν

97 3253 155 3332 περὶ
174 3255 270 3314 τοτ’ττου
287 3252 442 3333 γεγόνασιν·
466 3254 542 3329 ἡμεῖς
566 3253 594 3312 δέ
619 3256 666 3312 οὐκ
688 3252 718 3311 ἀν
741 3253 876 3332 γνοίημεν,
923 3255 1064 3328 ἡνόησις,
1081 3253 1111 3313 τὸ
1125 3254 1152 3314 δί
1175 3253 1311 3336 χρόιμενον
1335 3253 1427 3328 αὐτός,
1441 3256 1476 3322 ὣς
1490 3255 1571 3314 οἴεται
1588 3255 1702 3336 Σεόῆρος

98 3343 217 3424 ποτέροις
232 3341 361 3421 προσήκει
375 3339 478 3420 λέγειν,
494 3343 517 3400 εί
533 3341 570 3419 μθ,
586 3345 638 3401 τῶν
658 3341 751 3410 λέξεων
764 3343 878 3416 ἑκάστην
922 3347 936 3402 ὁ
951 3341 1134 3417 Πλατωνικός,
1148 3344 1230 3425 χείρω
1244 3349 1289 3404 τοῦ
1303 3341 1380 3422 λόγου
1393 3341 1442 3416 τήν
1457 3345 1544 3416 νόησιν
1558 3343 1701 3421 τιθέμενος,

96 3432 177 3504 αὐτὴν
195 3435 255 3491 καθ’
271 3430 352 3503 αὑτὸν
368 3429 551 3508 θὶετάσαιμεν.
578 3431 649 3512 Φέρε
671 3423 731 3506 οθν,
747 3431 773 3501 ll
795 3437 878 3513 ἀρχῆς
923 3431 1035 3490 ἀλλ’ὅτι
1057 3436 1110 3513 ρῶς
1126 3435 1225 3504 ἐστινὴ
1247 3425 1335 3504 νόησις
1349 3439 1395 3493 τοῦ
1416 3431 1509 3511 λόγου,
1525 3434 1702 3514 τελεσιουργὸς

97 3518 215 3579 ἕκαστον
239 3523 291 3578 τῶν
307 3519 431 3601 ῥημάτων
450 3521 489 3631 ἀρ’
513 3523 606 3578 ἑαυτοῦ
623 3519 680 3580 τίνα
694 3521 803 3596 δύναμιν
823 3521 888 3601 ἔχει.
923 3511 987 3579 oica
1002 3519 1046 3579 καί
1061 3519 1195 3598 ἀναγωγὸς
1207 3523 1285 3579 αὐτοῦ
1297 3519 1342 3578 καί
1358 3519 1602 3598 ἀπολαμπρθνουσα
1613 3519 1660 3593 τὸν
1676 3524 1702 3580 lv

96 3609 317 3682 tuscanicorum.
333 3610 443 3687 Πρῶτον
453 3630 498 3667 ουν
510 3607 538 3666 τὸ
552 3606 578 3665 τί
594 3608 715 3686 βοόλεται
729 3607 776 3686 μέν
791 3610 876 3687 ὁρικὸν
923 3610 994 3687 αὐτῷ
1021 3606 1165 3685 γνωστικὴν
1192 3606 1314 3682 δύναμιν.
1339 3607 1434 3678 Quid?
1458 3609 1538 3688 quod
1561 3611 1702 3669 mundum

97 3685 177 3755 εἶναι·
193 3693 227 3754 τὸ
251 3693 302 3776 γάρ
327 3695 352 3754 τί
377 3697 446 3754 ἐστιν
471 3697 497 3754 ἐν
513 3704 566 3763 τοῖς
586 3701 705 3775 ὁρισμοῖς
724 3696 877 3774 προτάττειν
923 3715 975 3775 per
990 3715 1021 3756 se
1035 3697 1258 3775 sempiternum,
1274 3696 1352 3760 hunc
1368 3716 1439 3756 vero
1455 3699 1505 3775 qui
1519 3717 1598 3756 nunc
1612 3699 1650 3757 sit
1674 3711 1703 3756 et

95 3785 247 3862 εἰώθαμεν,
263 3784 309 3844 καί
323 3783 384 3863 οθχί
407 3783 481 3863 γένος
499 3783 585 3858 ἐστίν,
611 3790 646 3852 ἀις
662 3784 745 3844 οίεται
762 3785 878 3865 Σιόῆρος
922 3797 1086 3858 moveatur,
1103 3798 1199 3844 ortum
1216 3784 1326 3842 statuit.
1343 3783 1450 3862 Nempe
1470 3783 1644 3842 mirabiliter
1659 3785 1701 3842 in·

95 3875 109 3928 ό
122 3870 313 3946 Πλατωνικός,
325 3871 408 3948 λέγων
423 3878 467 3932 τοῦ
484 3872 557 3939 ὄντος
571 3871 616 3930 καί
630 3871 782 3952 γιγνομένου
802 3879 878 3934 τοῦτο
923 3883 1141 3950 κερτομίοισιν
1151 3891 1216 3950 quae
1228 3873 1365 3946 leguntur
1377 3871 1455 3948 apud
1467 3872 1615 3929 Platonem
1627 3871 1701 3930 Tim.

96 3950 160 4020 εἶναι
175 3961 249 4042 γένος
265 3959 294 4019 τὸ
309 3961 355 4034 τί,
374 3960 551 4038 σημαίνεσθαι
567 3959 594 4020 δέ
609 3963 653 4019 ὑπ’
670 3964 748 4021 αὐτοῦ
762 3961 792 4021 τὸ
806 3973 874 4022 πᾶν·
922 3980 953 4035 p.
986 3963 1031 4018 κθ.
1059 3960 1091 4022 C.
1121 3959 1188 4038 [cl.
1217 3959 1327 4020 Philos.
1355 3959 1406 4018 Gr.
1433 3959 1544 4036 Fragm.
1572 3961 1633 4020 vol.
1661 3959 1700 4032 ll,

97 4047 162 4108 οότω
175 4051 229 4130 γὸιρ
242 4049 274 4108 ἀν
290 4049 335 4109 καὶ
349 4049 380 4109 τὸ
391 4050 546 4129 γιγνόμενον
559 4049 600 4122 εἴη
614 4058 666 4110 πᾶν
679 4050 725 4110 καί
738 4050 768 4110 τὸ
783 4051 824 4110 ἀεί
838 4051 872 4111 όν
923 4067 989 4125 pag.
1011 4049 1085 4128 157)
1106 4047 1210 4127 γέγονεν
1231 4045 1322 4129 ὁρατὸς
1349 4045 1401 4127 γὸρ
1427 4046 1511 4114 ἁπτός
1533 4047 1562 4106 τέ
1582 4049 1638 4107 ἐστι
1656 4048 1719 4126 καίΙ

97 4129 206 4217 ἀπορίαν
223 4137 277 4217 μὴν
293 4140 397 4216 ἐμποιεῖ
410 4139 526 4212 ταύτην,
540 4137 573 4211 ἣν
587 4138 633 4198 καί
654 4147 707 4207 τοῖς
722 4139 772 4218 πρὸ
786 4143 877 4217 ήμῶν,
923 4143 1002 4216 σῶμα
1017 4137 1098 4216 ἔχειν,
1121 4134 1207 4194 πάντα
1219 4134 1245 4194 δέ
1260 4134 1294 4193 τὸ
1309 4139 1419 4194 τοιαῦτα
1433 4136 1561 4214 αἰσθητά,
1576 4135 1609 4195 τὸι
1624 4135 1648 4195 δ’
1662 4138 1702 4196 αθ-

95 4225 121 4282 τί
136 4225 167 4298 δή
181 4249 249 4288 ποτε
263 4224 304 4301 μή
315 4227 366 4306 πρὸ
380 4232 425 4287 τοῦ
442 4226 467 4284 τί
483 4231 552 4286 ἐστιν
567 4228 608 4288 ότι
624 4225 679 4285 ἔστι
695 4225 875 4304 παραδέδωκε.
923 4226 1021 4300 εθητά,
1039 4224 1100 4303 δόξῃ
1128 4224 1278 4306 περιληπτά
1300 4223 1357 4304 μετ’
1379 4225 1539 4299 οιίσθήσεως,
1562 4227 1702 4307 γιγνόμενοι

97 4314 179 4374 Πόθεν
193 4316 248 4396 γὰρ
265 4314 412 4390 δῆλνν,ότι
424 4315 480 4375 ἔστι
494 4315 524 4374 τὸ
539 4314 580 4375 ἀεί
595 4314 638 4390 όν;
655 4317 742 4375 Τοῦτο
758 4313 785 4372 dl
800 4317 876 4374 ὁτῶν
922 4313 1077 4393 καίγτνητά
1098 4313 1192 4394 ἐράνη.
1216 4312 1332 4383 Quade
1355 4333 1387 4372 re
1406 4315 1644 4394 operaepretium
1660 4332 1703 4377 est
1745 4379 1747 4384 ,

96 4404 288 4464 ἀποδεικτικῶν
306 4404 428 4484 βούλεται
441 4403 540 4481 νόμος,
557 4403 580 4464 τί
593 4406 687 4462 ὲστινό
701 4401 833 4475 Πλάτων,
850 4405 876 4462 ἐν
923 4405 1022 4463 audire
1035 4403 1173 4462 Proclum
1187 4403 1223 4462 ad
1238 4401 1264 4459 Τ
1265 4403 1315 4462 im.
1331 4421 1361 4480 p.
1377 4403 1415 4462 88
1432 4404 1458 4460 Ι)
1475 4404 1559 4482 (pag.
1575 4424 1632 4478 ao7
1653 4406 1700 4466 ed.

96 4482 133 4560 οἷς
147 4492 177 4551 τὸ
192 4497 216 4552 εί
232 4492 308 4566 ἔστι,
326 4493 376 4573 πρὸ
398 4493 489 4554 τοῦτὸ
505 4493 613 4554 τίέστιν
636 4493 700 4552 αὐτὸ
721 4498 799 4552 τοῦτο
815 4515 877 4552 σκο-
922 4492 1102 4570 Schneider)
1122 4491 1389 4570 philosophantem,
1413 4493 1463 4572 qui
1492 4493 1576 4552 simul
1601 4492 1701 4552 Severi

94 4588 153 4638 πεῖν
179 4583 269 4659 [add.
286 4583 357 4662 tet}
385 4581 495 4656 Ῥητέον
519 4573 580 4657 οθν,
605 4581 645 4641 ὅτι
668 4581 739 4661 τάχα
763 4580 810 4658 μέν
831 4583 878 4641 οὐκ
923 4582 1092 4640 sententiam
1104 4580 1243 4658 explodit.
1259 4581 1289 4639 ls
1302 4579 1389 4654 igitur
1400 4580 1455 4638 ait:
1471 4578 1539 4638 άλλὸι
1551 4578 1603 4656 μὴν
1618 4583 1702 4657 ἀναγ-

95 4667 169 4746 ᾠήθη
183 4675 262 4728 τοῦτο
275 4672 374 4730 δεῖσθαι
388 4675 433 4743 τῆς
445 4671 508 4752 παρ’
524 4675 616 4731 ἑαυτοῦ
626 4671 877 4742 κατασκευῆςθΤί·
924 4677 998 4730 καῖον
1019 4673 1102 4728 ταῦτα
1130 4675 1292 4749 συγχωρεῖν,
1310 4668 1332 4725 εί
1357 4666 1464 4745 γενητὸς
1480 4666 1548 4725 κατὰ
1573 4667 1664 4746 χρόνον
1688 4669 1702 4725 ό

96 4779 171 4832 μαιος
186 4761 246 4819 κτλ.
265 4759 342 4819 ldern
357 4779 509 4840 perperam
519 4760 666 4838 judicasse
678 4760 817 4818 Severum
832 4759 877 4817 di·
923 4759 1036 4836 κόσμος,
1051 4755 1118 4816 ἀλλὸ
1133 4755 1171 4833 μή
1182 4760 1216 4836 τῇ
1240 4755 1349 4835 ἀπειρίᾳ
1362 4759 1409 4813 τοῦ
1420 4753 1514 4836 χρόνου
1529 4754 1700 4836 συνυρεστόις.

101 4848 133 4904 tit
149 4848 187 4906 de
201 4849 258 4908 hoc
272 4848 403 4926 ejusdem
423 4849 575 4929 scriptoris
590 4849 656 4907 loco
678 4867 744 4927 pag.
764 4859 813 4909 σθ.
841 4852 875 4908 A.
924 4851 1037 4907 Δοκοῦσι
1057 4843 1085 4906 δέ
1100 4869 1145 4923 μοι
1165 4845 1260 4911 καλεῖς
1280 4841 1356 4903 αὐτὸν
1376 4844 1542 4920 πλημμελεῖν
1557 4842 1602 4902 καί
1616 4843 1701 4909 άλλως

127 5013 161 5078 (1)
177 5014 328 5080 Porphyrius
340 5014 366 5064 in
375 5013 426 5065 vila
439 5013 530 5066 Plolini
541 5027 594 5078 unp.
611 5019 635 5064 ll
651 5015 674 5064 ίν
684 5016 709 5064 di
724 5019 774 5071 ταῖς
788 5031 876 5064 σννον·
923 5015 1047 5076 Ἀδράστου
1061 5013 1138 5064 τεκαὶ
1154 5018 1201 5060 τῶν
1211 5011 1370 5074 ἐμπεσόντων.
1383 5034 1411 5043 ..
1430 5007 1464 5070 (2)
1477 5007 1579 5059 Procius
1589 5009 1615 5059 in
1634 5009 1698 5058 Tim.

95 5083 158 5141 σίαις
173 5086 347 5147 ἀνεγινώσκετο
367 5087 408 5148 μὲν
429 5089 495 5152 αὐτῷ
510 5087 681 5150 ὑπομνήματα,
702 5086 749 5136 elce
767 5087 876 5148 ’Σεθήρου
922 5097 976 5147 pag.
999 5089 1038 5134 θδ.
1054 5085 1153 5146 alpag.
1181 5086 1223 5131 tls
1239 5082 1277 5131 cd.
1300 5078 1462 5142 Schneider.)
1481 5079 1549 5142 μέχρι
1564 5081 1593 5138 δή
1609 5080 1699 5130 τούτων

97 5153 149 5214 είη,
162 5155 212 5204 είτε
225 5155 350 5220 Κρονίονῆ
363 5158 513 5220 Πουμηνὶου,
526 5159 541 5216 ἢ
556 5159 643 5223 Γαίου,
661 5159 677 5216 ἢ
693 5155 811 5208 Ἀττικοῦ.
827 5155 876 5202 Κάν
921 5155 1120 5220 συμπεπλήρωτοιι
1131 5154 1158 5202 τὸ
1174 5157 1216 5201 τοῦ
1236 5149 1338 5209 Τιμαίου
1359 5148 1498 5211 προοίμιον,
1515 5149 1573 5213 ὅπερ
1597 5151 1713 5214 Στθῆρος.

97 5229 145 5282 τοῖς
168 5225 365 5290 Πιριπστητικοῖς
394 5229 423 5276 τό
447 5243 471 5277 τε
491 5226 618 5278 Ἀσπασίαν
642 5227 682 5276 καὶ
711 5225 875 5288 Ἀλεξάνδρου,
922 5225 963 5286 μὲν
976 5225 1028 5275 οὐδὲ
1043 5224 1174 5286 ἐξηγήσεως
1188 5222 1274 5283 ἠξίωσε
1287 5219 1314 5270 τὸ
1327 5219 1444 5283 παράπαν.
1457 5245 1485 5256 -

877 5317 934 5375 l'l5
