<?xml version="1.0" encoding="UTF-8"?>
<!DOCTYPE html PUBLIC "-//W3C//DTD XHTML 1.0 Transitional//EN"
    "http://www.w3.org/TR/xhtml1/DTD/xhtml1-transitional.dtd">
<html xmlns="http://www.w3.org/1999/xhtml" xml:lang="en" lang="en">
 <head>
  <title>
</title>
<meta http-equiv="Content-Type" content="text/html;charset=utf-8" />
  <meta name='ocr-system' content='tesseract 3.04.00' />
  <meta name='ocr-capabilities' content='ocr_page ocr_carea ocr_par ocr_line ocrx_word'/>
</head>
<body>
  <div class='ocr_page' id='page_1' title='image "./fragmentaphilos01mullgoog/fragmentaphilos01mullgoog_0130.png"; bbox 0 0 3976 5948; ppageno 0'>
   <div class='ocr_carea' id='block_1_1' title="bbox 763 373 1736 437">
    <p class='ocr_par' dir='ltr' id='par_1_1' title="bbox 763 373 1736 437">
     <span class='ocr_line' id='line_1_1' title="bbox 763 373 1736 437; baseline 0.001 -2"><span class='ocrx_word' id='word_1_1' title='bbox 763 376 815 436; x_wconf 82' lang='lat' dir='ltr'>DII</span> <span class='ocrx_word' id='word_1_2' title='bbox 837 373 1080 437; x_wconf 76' lang='lat' dir='ltr'><strong>XENOGRATE.</strong></span> <span class='ocrx_word' id='word_1_3' title='bbox 1679 376 1736 436; x_wconf 77' lang='lat' dir='ltr'>tta</span> 
     </span>
    </p>
   </div>
   <div class='ocr_carea' id='block_1_2' title="bbox 130 509 1747 949">
    <p class='ocr_par' dir='ltr' id='par_1_2' title="bbox 130 509 1747 949">
     <span class='ocr_line' id='line_1_2' title="bbox 131 509 1743 592; baseline -0.001 -19"><span class='ocrx_word' id='word_1_4' title='bbox 131 517 224 588; x_wconf 80' lang='lat' dir='ltr'>tariIs,</span> <span class='ocrx_word' id='word_1_5' title='bbox 239 533 314 592; x_wconf 89' lang='lat' dir='ltr'>quos</span> <span class='ocrx_word' id='word_1_6' title='bbox 331 515 362 571; x_wconf 89' lang='lat' dir='ltr'>in</span> <span class='ocrx_word' id='word_1_7' title='bbox 378 513 511 588; x_wconf 81' lang='lat' dir='ltr'>magistri</span> <span class='ocrx_word' id='word_1_8' title='bbox 524 512 617 569; x_wconf 86' lang='lat' dir='ltr'>libros</span> <span class='ocrx_word' id='word_1_9' title='bbox 632 523 846 589; x_wconf 83' lang='lat' dir='ltr'><strong>composuerat,</strong></span> <span class='ocrx_word' id='word_1_10' title='bbox 858 532 911 590; x_wconf 94' lang='lat' dir='ltr'>po·</span> <span class='ocrx_word' id='word_1_11' title='bbox 958 515 1086 570; x_wconf 88' lang='lat' dir='ltr'>nocratis</span> <span class='ocrx_word' id='word_1_12' title='bbox 1106 509 1268 569; x_wconf 80' lang='lat' dir='ltr'><strong>doctrinam</strong></span> <span class='ocrx_word' id='word_1_13' title='bbox 1283 523 1312 568; x_wconf 86' lang='lat' dir='ltr'>et</span> <span class='ocrx_word' id='word_1_14' title='bbox 1329 509 1547 587; x_wconf 86' lang='lat' dir='ltr'>intelligendam</span> <span class='ocrx_word' id='word_1_15' title='bbox 1562 524 1591 570; x_wconf 90' lang='lat' dir='ltr'>et</span> <span class='ocrx_word' id='word_1_16' title='bbox 1603 524 1682 572; x_wconf 86' lang='lat' dir='ltr'>recte</span> <span class='ocrx_word' id='word_1_17' title='bbox 1692 511 1743 590; x_wconf 87' lang='lat' dir='ltr'>ju-</span> 
     </span>
     <span class='ocr_line' id='line_1_3' title="bbox 130 598 1745 678; baseline -0.002 -16"><span class='ocrx_word' id='word_1_18' title='bbox 130 607 218 664; x_wconf 83' lang='lat' dir='ltr'>tuisso</span> <span class='ocrx_word' id='word_1_19' title='bbox 230 606 359 662; x_wconf 87' lang='lat' dir='ltr'>numeris</span> <span class='ocrx_word' id='word_1_20' title='bbox 375 602 411 659; x_wconf 87' lang='lat' dir='ltr'>ad</span> <span class='ocrx_word' id='word_1_21' title='bbox 427 599 619 676; x_wconf 83' lang='lat' dir='ltr'>designandas</span> <span class='ocrx_word' id='word_1_22' title='bbox 633 599 763 659; x_wconf 81' lang='lat' dir='ltr'><strong>Platonis</strong></span> <span class='ocrx_word' id='word_1_23' title='bbox 776 599 855 658; x_wconf 81' lang='lat' dir='ltr'>ideas</span> <span class='ocrx_word' id='word_1_24' title='bbox 870 604 912 658; x_wconf 89' lang='lat' dir='ltr'>uti</span> <span class='ocrx_word' id='word_1_25' title='bbox 958 599 1111 659; x_wconf 81' lang='lat' dir='ltr'>dicandam</span> <span class='ocrx_word' id='word_1_26' title='bbox 1126 600 1236 672; x_wconf 79' lang='lat' dir='ltr'>valent,</span> <span class='ocrx_word' id='word_1_27' title='bbox 1247 618 1284 658; x_wconf 83' lang='lat' dir='ltr'>ex</span> <span class='ocrx_word' id='word_1_28' title='bbox 1298 598 1362 676; x_wconf 87' lang='lat' dir='ltr'>ejus</span> <span class='ocrx_word' id='word_1_29' title='bbox 1377 600 1545 676; x_wconf 81' lang='lat' dir='ltr'>fragmentis</span> <span class='ocrx_word' id='word_1_30' title='bbox 1555 614 1745 678; x_wconf 82' lang='lat' dir='ltr'>veterumque</span> 
     </span>
     <span class='ocr_line' id='line_1_4' title="bbox 130 687 1746 768; baseline -0.004 -17"><span class='ocrx_word' id='word_1_31' title='bbox 130 707 158 752; x_wconf 87' lang='lat' dir='ltr'>et</span> <span class='ocrx_word' id='word_1_32' title='bbox 175 692 324 751; x_wconf 84' lang='lat' dir='ltr'>vocabulis</span> <span class='ocrx_word' id='word_1_33' title='bbox 337 691 526 768; x_wconf 82' lang='lat' dir='ltr'>Pythagoreis</span> <span class='ocrx_word' id='word_1_34' title='bbox 536 689 616 748; x_wconf 85' lang='lat' dir='ltr'>illius</span> <span class='ocrx_word' id='word_1_35' title='bbox 628 689 746 748; x_wconf 88' lang='lat' dir='ltr'>decreta</span> <span class='ocrx_word' id='word_1_36' title='bbox 755 689 912 764; x_wconf 87' lang='lat' dir='ltr'>explicare.</span> <span class='ocrx_word' id='word_1_37' title='bbox 960 688 1038 746; x_wconf 88' lang='lat' dir='ltr'>deeo</span> <span class='ocrx_word' id='word_1_38' title='bbox 1048 690 1221 746; x_wconf 89' lang='lat' dir='ltr'>testimoniis</span> <span class='ocrx_word' id='word_1_39' title='bbox 1232 701 1453 762; x_wconf 86' lang='lat' dir='ltr'>cognoscentur.</span> <span class='ocrx_word' id='word_1_40' title='bbox 1464 687 1530 746; x_wconf 82' lang='lat' dir='ltr'>ttaee</span> <span class='ocrx_word' id='word_1_41' title='bbox 1540 701 1634 746; x_wconf 86' lang='lat' dir='ltr'>autem</span> <span class='ocrx_word' id='word_1_42' title='bbox 1648 693 1746 745; x_wconf 87' lang='lat' dir='ltr'>omnia</span> 
     </span>
     <span class='ocr_line' id='line_1_5' title="bbox 131 775 1747 860; baseline -0.004 -20"><span class='ocrx_word' id='word_1_43' title='bbox 131 784 186 841; x_wconf 86' lang='lat' dir='ltr'>Sed</span> <span class='ocrx_word' id='word_1_44' title='bbox 207 783 243 840; x_wconf 88' lang='lat' dir='ltr'>de</span> <span class='ocrx_word' id='word_1_45' title='bbox 257 782 379 858; x_wconf 85' lang='lat' dir='ltr'>singulis</span> <span class='ocrx_word' id='word_1_46' title='bbox 403 779 594 858; x_wconf 76' lang='lat' dir='ltr'>phIlosoplriae</span> <span class='ocrx_word' id='word_1_47' title='bbox 614 779 687 838; x_wconf 87' lang='lat' dir='ltr'>locis</span> <span class='ocrx_word' id='word_1_48' title='bbox 703 779 781 860; x_wconf 83' lang='lat'>(106)</span> <span class='ocrx_word' id='word_1_49' title='bbox 798 781 916 857; x_wconf 84' lang='lat' dir='ltr'>copiose</span> <span class='ocrx_word' id='word_1_50' title='bbox 962 779 1098 850; x_wconf 87' lang='lat' dir='ltr'>collecta,</span> <span class='ocrx_word' id='word_1_51' title='bbox 1112 775 1281 850; x_wconf 86' lang='lat' dir='ltr'>emendata,</span> <span class='ocrx_word' id='word_1_52' title='bbox 1298 777 1453 854; x_wconf 90' lang='lat' dir='ltr'>diligenter</span> <span class='ocrx_word' id='word_1_53' title='bbox 1464 777 1591 855; x_wconf 87' lang='lat' dir='ltr'>denique</span> <span class='ocrx_word' id='word_1_54' title='bbox 1603 796 1747 836; x_wconf 82' lang='lat' dir='ltr'>conversa</span> 
     </span>
     <span class='ocr_line' id='line_1_6' title="bbox 131 866 1243 949; baseline -0.001 -21"><span class='ocrx_word' id='word_1_55' title='bbox 131 872 179 929; x_wconf 84' lang='lat' dir='ltr'>Iric</span> <span class='ocrx_word' id='word_1_56' title='bbox 188 872 337 949; x_wconf 82' lang='lat' dir='ltr'>dluputare</span> <span class='ocrx_word' id='word_1_57' title='bbox 349 889 407 928; x_wconf 92' lang='lat' dir='ltr'>non</span> <span class='ocrx_word' id='word_1_58' title='bbox 415 881 507 930; x_wconf 87' lang='lat' dir='ltr'>vacat.</span> <span class='ocrx_word' id='word_1_59' title='bbox 522 867 710 945; x_wconf 72' lang='lat' dir='ltr'>Quaecunque</span> <span class='ocrx_word' id='word_1_60' title='bbox 722 868 800 926; x_wconf 90' lang='lat' dir='ltr'>enim</span> <span class='ocrx_word' id='word_1_61' title='bbox 812 867 847 925; x_wconf 86' lang='lat' dir='ltr'>ad</span> <span class='ocrx_word' id='word_1_62' title='bbox 859 867 916 925; x_wconf 85' lang='lat' dir='ltr'>Xe·</span> <span class='ocrx_word' id='word_1_63' title='bbox 960 866 1020 944; x_wconf 85' lang='lat' dir='ltr'>jam</span> <span class='ocrx_word' id='word_1_64' title='bbox 1035 886 1243 945; x_wconf 86' lang='lat' dir='ltr'>proponemus.</span> 
     </span>
    </p>
   </div>
   <div class='ocr_carea' id='block_1_3' title="bbox 145 983 1095 1000">
    <p class='ocr_par' dir='ltr' id='par_1_3' title="bbox 145 983 1095 1000">
     <span class='ocr_line' id='line_1_7' title="bbox 145 983 1095 1000; baseline -0.004 -2"><span class='ocrx_word' id='word_1_65' title='bbox 145 984 896 1000; x_wconf 53' lang='lat' dir='ltr'>...nm—-</span> <span class='ocrx_word' id='word_1_66' title='bbox 904 983 1095 994; x_wconf 66' lang='grc' dir='ltr'>-υι--ι-η</span> 
     </span>
    </p>
   </div>
   <div class='ocr_carea' id='block_1_4' title="bbox 133 1043 1751 1537">
    <p class='ocr_par' dir='ltr' id='par_1_4' title="bbox 133 1043 1751 1537">
     <span class='ocr_line' id='line_1_8' title="bbox 134 1043 1749 1109; baseline -0.002 -13"><span class='ocrx_word' id='word_1_67' title='bbox 134 1052 237 1108; x_wconf 86' lang='grc' dir='ltr'><strong>γορεῖται</strong></span> <span class='ocrx_word' id='word_1_68' title='bbox 253 1048 339 1096; x_wconf 77' lang='grc' dir='ltr'><strong>αὐτῶν.</strong></span> <span class='ocrx_word' id='word_1_69' title='bbox 358 1045 395 1094; x_wconf 85' lang='lat' dir='ltr'>Gl&#39;.</span> <span class='ocrx_word' id='word_1_70' title='bbox 411 1044 444 1094; x_wconf 84' lang='lat' dir='ltr'>td.</span> <span class='ocrx_word' id='word_1_71' title='bbox 463 1044 521 1094; x_wconf 84' lang='lat' dir='ltr'>adv.</span> <span class='ocrx_word' id='word_1_72' title='bbox 535 1044 615 1095; x_wconf 80' lang='lat' dir='ltr'>Mam.</span> <span class='ocrx_word' id='word_1_73' title='bbox 628 1045 672 1094; x_wconf 90' lang='lat' dir='ltr'>lib.</span> <span class='ocrx_word' id='word_1_74' title='bbox 686 1047 728 1105; x_wconf 86' lang='lat' dir='ltr'>tv,</span> <span class='ocrx_word' id='word_1_75' title='bbox 747 1049 785 1096; x_wconf 85' lang='lat' dir='ltr'>ll.</span> <span class='ocrx_word' id='word_1_76' title='bbox 807 1074 838 1086; x_wconf 96' lang='lat'><em>-</em></span> <span class='ocrx_word' id='word_1_77' title='bbox 852 1044 917 1104; x_wconf 79' lang='grc'>(106)</span> <span class='ocrx_word' id='word_1_78' title='bbox 965 1043 1117 1094; x_wconf 79' lang='lat' dir='ltr'>Aristotelem</span> <span class='ocrx_word' id='word_1_79' title='bbox 1137 1058 1163 1109; x_wconf 87' lang='grc' dir='ltr'><strong>ρ.</strong></span> <span class='ocrx_word' id='word_1_80' title='bbox 1181 1047 1227 1094; x_wconf 82' lang='lat'>820</span> <span class='ocrx_word' id='word_1_81' title='bbox 1239 1047 1267 1094; x_wconf 83' lang='grc' dir='ltr'>Δ.</span> <span class='ocrx_word' id='word_1_82' title='bbox 1283 1043 1322 1094; x_wconf 87' lang='lat' dir='ltr'>etl.</span> <span class='ocrx_word' id='word_1_83' title='bbox 1335 1044 1447 1095; x_wconf 83' lang='lat' dir='ltr'>Brnndts.</span> <span class='ocrx_word' id='word_1_84' title='bbox 1463 1051 1510 1094; x_wconf 85' lang='grc' dir='ltr'>τῶν</span> <span class='ocrx_word' id='word_1_85' title='bbox 1529 1046 1581 1106; x_wconf 84' lang='grc' dir='ltr'><strong>περὶ</strong></span> <span class='ocrx_word' id='word_1_86' title='bbox 1591 1045 1702 1108; x_wconf 77' lang='grc' dir='ltr'><strong>ἀριθμοὺς</strong></span> <span class='ocrx_word' id='word_1_87' title='bbox 1718 1045 1749 1092; x_wconf 81' lang='lat' dir='ltr'>el·</span> 
     </span>
     <span class='ocr_line' id='line_1_9' title="bbox 136 1114 1751 1180; baseline -0.001 -14"><span class='ocrx_word' id='word_1_88' title='bbox 136 1118 176 1167; x_wconf 86' lang='lat' dir='ltr'>ct.</span> <span class='ocrx_word' id='word_1_89' title='bbox 204 1116 355 1180; x_wconf 83' lang='lat' dir='ltr'>Philoponus</span> <span class='ocrx_word' id='word_1_90' title='bbox 371 1115 403 1165; x_wconf 86' lang='lat' dir='ltr'>ad</span> <span class='ocrx_word' id='word_1_91' title='bbox 418 1116 521 1166; x_wconf 81' lang='lat' dir='ltr'>Aristol.</span> <span class='ocrx_word' id='word_1_92' title='bbox 538 1116 644 1179; x_wconf 72' lang='lat' dir='ltr'>metaph.</span> <span class='ocrx_word' id='word_1_93' title='bbox 665 1115 869 1178; x_wconf 82' lang='lat' dir='ltr'>ttb.xt11,osp.</span> <span class='ocrx_word' id='word_1_94' title='bbox 893 1119 917 1176; x_wconf 82' lang='lat'>9,</span> <span class='ocrx_word' id='word_1_95' title='bbox 963 1115 1056 1164; x_wconf 82' lang='grc' dir='ltr'><strong>πόντων</strong></span> <span class='ocrx_word' id='word_1_96' title='bbox 1075 1117 1097 1164; x_wconf 85' lang='lat' dir='ltr'>ol</span> <span class='ocrx_word' id='word_1_97' title='bbox 1112 1114 1154 1177; x_wconf 78' lang='grc' dir='ltr'>μὲν</span> <span class='ocrx_word' id='word_1_98' title='bbox 1168 1115 1320 1164; x_wconf 74' lang='grc' dir='ltr'><strong>δύωέποίουν</strong></span> <span class='ocrx_word' id='word_1_99' title='bbox 1337 1117 1422 1172; x_wconf 83' lang='grc' dir='ltr'><strong>αὐτοὺς</strong></span> <span class='ocrx_word' id='word_1_100' title='bbox 1436 1116 1477 1165; x_wconf 81' lang='lat' dir='ltr'>ttol</span> <span class='ocrx_word' id='word_1_101' title='bbox 1492 1117 1622 1179; x_wconf 83' lang='grc' dir='ltr'><strong>διέκρινον,</strong></span> <span class='ocrx_word' id='word_1_102' title='bbox 1641 1115 1751 1174; x_wconf 63' lang='grc' dir='ltr'><strong>ὥσπερέν</strong></span> 
     </span>
     <span class='ocr_line' id='line_1_10' title="bbox 135 1184 1750 1250; baseline -0.001 -14"><span class='ocrx_word' id='word_1_103' title='bbox 135 1200 191 1250; x_wconf 80' lang='lat' dir='ltr'>pag.</span> <span class='ocrx_word' id='word_1_104' title='bbox 207 1192 266 1236; x_wconf 77' lang='lat' dir='ltr'>tuat&gt;</span> <span class='ocrx_word' id='word_1_105' title='bbox 281 1200 333 1250; x_wconf 82' lang='lat' dir='ltr'>aeq.</span> <span class='ocrx_word' id='word_1_106' title='bbox 346 1187 386 1236; x_wconf 88' lang='lat' dir='ltr'>ed.</span> <span class='ocrx_word' id='word_1_107' title='bbox 403 1186 504 1236; x_wconf 82' lang='lat' dir='ltr'>Beltlter.</span> <span class='ocrx_word' id='word_1_108' title='bbox 521 1185 594 1250; x_wconf 85' lang='lat' dir='ltr'>[pag.</span> <span class='ocrx_word' id='word_1_109' title='bbox 611 1191 640 1236; x_wconf 79' lang='lat' dir='ltr'>ta</span> <span class='ocrx_word' id='word_1_110' title='bbox 653 1189 679 1236; x_wconf 85' lang='lat' dir='ltr'>et</span> <span class='ocrx_word' id='word_1_111' title='bbox 689 1185 745 1250; x_wconf 81' lang='lat'><strong>60];</strong></span> <span class='ocrx_word' id='word_1_112' title='bbox 758 1187 874 1249; x_wconf 80' lang='lat' dir='ltr'>syrianus</span> <span class='ocrx_word' id='word_1_113' title='bbox 886 1187 919 1235; x_wconf 86' lang='lat' dir='ltr'>ad</span> <span class='ocrx_word' id='word_1_114' title='bbox 964 1184 1065 1234; x_wconf 81' lang='grc' dir='ltr'><strong>Πλάτων</strong></span> <span class='ocrx_word' id='word_1_115' title='bbox 1079 1189 1176 1245; x_wconf 81' lang='grc' dir='ltr'>(σαφῶς</span> <span class='ocrx_word' id='word_1_116' title='bbox 1194 1186 1238 1250; x_wconf 71' lang='grc' dir='ltr'><strong>γὰρ</strong></span> <span class='ocrx_word' id='word_1_117' title='bbox 1255 1186 1322 1241; x_wconf 77' lang='grc' dir='ltr'><strong>οὗτος</strong></span> <span class='ocrx_word' id='word_1_118' title='bbox 1338 1187 1378 1236; x_wconf 83' lang='grc' dir='ltr'>τὸν</span> <span class='ocrx_word' id='word_1_119' title='bbox 1406 1187 1570 1249; x_wconf 74' lang='grc' dir='ltr'><strong>μαθηματικὸν</strong></span> <span class='ocrx_word' id='word_1_120' title='bbox 1590 1188 1669 1247; x_wconf 75' lang='grc' dir='ltr'><strong>ἕτερον</strong></span> <span class='ocrx_word' id='word_1_121' title='bbox 1689 1187 1750 1234; x_wconf 80' lang='grc' dir='ltr'><strong>εἶναι</strong></span> 
     </span>
     <span class='ocr_line' id='line_1_11' title="bbox 136 1255 1751 1321; baseline -0.001 -15"><span class='ocrx_word' id='word_1_122' title='bbox 136 1257 276 1307; x_wconf 80' lang='lat' dir='ltr'>Aristotelis</span> <span class='ocrx_word' id='word_1_123' title='bbox 288 1257 400 1320; x_wconf 78' lang='lat' dir='ltr'>Metapa.</span> <span class='ocrx_word' id='word_1_124' title='bbox 417 1257 460 1308; x_wconf 87' lang='lat' dir='ltr'>lib.</span> <span class='ocrx_word' id='word_1_125' title='bbox 479 1259 546 1316; x_wconf 85' lang='lat' dir='ltr'><strong>XIII,</strong></span> <span class='ocrx_word' id='word_1_126' title='bbox 559 1270 613 1320; x_wconf 79' lang='lat' dir='ltr'>cap.</span> <span class='ocrx_word' id='word_1_127' title='bbox 630 1261 643 1306; x_wconf 86' lang='lat'><strong>7</strong></span> <span class='ocrx_word' id='word_1_128' title='bbox 656 1256 715 1321; x_wconf 89' lang='lat' dir='ltr'>[lib.</span> <span class='ocrx_word' id='word_1_129' title='bbox 729 1259 782 1318; x_wconf 82' lang='lat' dir='ltr'>xn,</span> <span class='ocrx_word' id='word_1_130' title='bbox 792 1270 850 1321; x_wconf 83' lang='lat' dir='ltr'>pag.</span> <span class='ocrx_word' id='word_1_131' title='bbox 863 1255 918 1320; x_wconf 75' lang='lat'><strong>84.]</strong></span> <span class='ocrx_word' id='word_1_132' title='bbox 964 1257 1026 1318; x_wconf 76' lang='grc' dir='ltr'><strong>λέγει</strong></span> <span class='ocrx_word' id='word_1_133' title='bbox 1041 1261 1083 1305; x_wconf 85' lang='grc' dir='ltr'>τοῦ</span> <span class='ocrx_word' id='word_1_134' title='bbox 1095 1258 1248 1318; x_wconf 71' lang='grc' dir='ltr'><strong>εἰδητικοῦ),</strong></span> <span class='ocrx_word' id='word_1_135' title='bbox 1272 1263 1293 1307; x_wconf 90' lang='lat' dir='ltr'>ol</span> <span class='ocrx_word' id='word_1_136' title='bbox 1314 1259 1339 1306; x_wconf 79' lang='grc' dir='ltr'>δὲ</span> <span class='ocrx_word' id='word_1_137' title='bbox 1352 1260 1391 1306; x_wconf 80' lang='grc' dir='ltr'>ἕνα</span> <span class='ocrx_word' id='word_1_138' title='bbox 1404 1259 1455 1308; x_wconf 80' lang='grc' dir='ltr'><strong>ντὸν</strong></span> <span class='ocrx_word' id='word_1_139' title='bbox 1471 1259 1649 1321; x_wconf 75' lang='grc' dir='ltr'><strong>μαθηματικὸν,</strong></span> <span class='ocrx_word' id='word_1_140' title='bbox 1670 1257 1751 1318; x_wconf 80' lang='grc' dir='ltr'><strong>ὥσπερ</strong></span> 
     </span>
     <span class='ocr_line' id='line_1_12' title="bbox 134 1327 1751 1392; baseline -0.001 -15"><span class='ocrx_word' id='word_1_141' title='bbox 134 1329 233 1391; x_wconf 75' lang='grc' dir='ltr'><strong>φανερὸν</strong></span> <span class='ocrx_word' id='word_1_142' title='bbox 255 1329 275 1376; x_wconf 84' lang='grc' dir='ltr'>δ’</span> <span class='ocrx_word' id='word_1_143' title='bbox 291 1329 319 1377; x_wconf 75' lang='grc' dir='ltr'>ἐκ</span> <span class='ocrx_word' id='word_1_144' title='bbox 338 1329 441 1387; x_wconf 83' lang='grc' dir='ltr'><strong>τούτων,</strong></span> <span class='ocrx_word' id='word_1_145' title='bbox 461 1330 501 1376; x_wconf 78' lang='grc' dir='ltr'>καὶ</span> <span class='ocrx_word' id='word_1_146' title='bbox 522 1328 559 1377; x_wconf 85' lang='grc' dir='ltr'>ὅτι</span> <span class='ocrx_word' id='word_1_147' title='bbox 580 1327 688 1391; x_wconf 80' lang='grc' dir='ltr'><strong>χείριστα</strong></span> <span class='ocrx_word' id='word_1_148' title='bbox 704 1329 795 1389; x_wconf 77' lang='grc' dir='ltr'><strong>λέγεται</strong></span> <span class='ocrx_word' id='word_1_149' title='bbox 815 1331 829 1377; x_wconf 88' lang='grc' dir='ltr'>ὁ</span> <span class='ocrx_word' id='word_1_150' title='bbox 844 1329 919 1390; x_wconf 80' lang='grc' dir='ltr'><strong>τρίτος</strong></span> <span class='ocrx_word' id='word_1_151' title='bbox 963 1328 1023 1382; x_wconf 66' lang='lat' dir='ltr'>ente</span> <span class='ocrx_word' id='word_1_152' title='bbox 1032 1333 1080 1376; x_wconf 83' lang='grc' dir='ltr'>τῶν</span> <span class='ocrx_word' id='word_1_153' title='bbox 1093 1328 1275 1392; x_wconf 75' lang='grc' dir='ltr'><strong>Πυθαγορείων·</strong></span> <span class='ocrx_word' id='word_1_154' title='bbox 1290 1331 1312 1377; x_wconf 85' lang='lat' dir='ltr'>oi</span> <span class='ocrx_word' id='word_1_155' title='bbox 1324 1330 1348 1378; x_wconf 76' lang='grc' dir='ltr'>δὲ</span> <span class='ocrx_word' id='word_1_156' title='bbox 1358 1328 1489 1390; x_wconf 79' lang='grc' dir='ltr'><strong>ἐγίνωσκον</strong></span> <span class='ocrx_word' id='word_1_157' title='bbox 1503 1332 1544 1392; x_wconf 83' lang='grc' dir='ltr'>μὲν</span> <span class='ocrx_word' id='word_1_158' title='bbox 1556 1329 1699 1390; x_wconf 71' lang='grc' dir='ltr'><strong>ἀμφοτέρους</strong></span> <span class='ocrx_word' id='word_1_159' title='bbox 1708 1343 1751 1377; x_wconf 78' lang='grc' dir='ltr'>και</span> 
     </span>
     <span class='ocr_line' id='line_1_13' title="bbox 133 1399 1751 1466; baseline 0.001 -16"><span class='ocrx_word' id='word_1_160' title='bbox 133 1401 237 1464; x_wconf 79' lang='grc' dir='ltr'><strong>τρόπος,</strong></span> <span class='ocrx_word' id='word_1_161' title='bbox 254 1401 281 1451; x_wconf 79' lang='grc' dir='ltr'>τὸ</span> <span class='ocrx_word' id='word_1_162' title='bbox 295 1401 353 1448; x_wconf 77' lang='grc' dir='ltr'><strong>εἶναι</strong></span> <span class='ocrx_word' id='word_1_163' title='bbox 366 1401 407 1450; x_wconf 81' lang='grc' dir='ltr'>τὸν</span> <span class='ocrx_word' id='word_1_164' title='bbox 419 1400 491 1449; x_wconf 81' lang='grc' dir='ltr'><strong>αὐτὸν</strong></span> <span class='ocrx_word' id='word_1_165' title='bbox 505 1399 601 1462; x_wconf 75' lang='grc' dir='ltr'><strong>ἀριθμὸν</strong></span> <span class='ocrx_word' id='word_1_166' title='bbox 611 1401 652 1449; x_wconf 85' lang='grc' dir='ltr'>τὸν</span> <span class='ocrx_word' id='word_1_167' title='bbox 664 1405 711 1448; x_wconf 86' lang='grc' dir='ltr'>τῶν</span> <span class='ocrx_word' id='word_1_168' title='bbox 726 1401 794 1448; x_wconf 73' lang='grc' dir='ltr'><strong>εἰδῶν</strong></span> <span class='ocrx_word' id='word_1_169' title='bbox 805 1435 812 1459; x_wconf 91' lang='grc'>,</span> <span class='ocrx_word' id='word_1_170' title='bbox 825 1401 866 1448; x_wconf 79' lang='grc' dir='ltr'>καὶ</span> <span class='ocrx_word' id='word_1_171' title='bbox 878 1399 918 1449; x_wconf 80' lang='grc' dir='ltr'>τὸν</span> <span class='ocrx_word' id='word_1_172' title='bbox 963 1399 1004 1447; x_wconf 83' lang='grc' dir='ltr'>τὸν</span> <span class='ocrx_word' id='word_1_173' title='bbox 1016 1399 1133 1456; x_wconf 75' lang='grc' dir='ltr'><strong>εἰδητικὸν</strong></span> <span class='ocrx_word' id='word_1_174' title='bbox 1146 1401 1187 1448; x_wconf 79' lang='grc' dir='ltr'>καὶ</span> <span class='ocrx_word' id='word_1_175' title='bbox 1199 1401 1241 1450; x_wconf 83' lang='grc' dir='ltr'>τὸν</span> <span class='ocrx_word' id='word_1_176' title='bbox 1256 1400 1419 1463; x_wconf 78' lang='grc' dir='ltr'><strong>μαθηματικόν</strong></span> <span class='ocrx_word' id='word_1_177' title='bbox 1429 1437 1435 1460; x_wconf 86' lang='grc'><strong><em>,</em></strong></span> <span class='ocrx_word' id='word_1_178' title='bbox 1447 1403 1487 1450; x_wconf 79' lang='grc' dir='ltr'>ἕνα</span> <span class='ocrx_word' id='word_1_179' title='bbox 1505 1402 1530 1450; x_wconf 82' lang='grc' dir='ltr'>δὲ</span> <span class='ocrx_word' id='word_1_180' title='bbox 1548 1402 1659 1462; x_wconf 77' lang='grc' dir='ltr'><strong>ἐποίουν,</strong></span> <span class='ocrx_word' id='word_1_181' title='bbox 1670 1402 1751 1466; x_wconf 72' lang='grc' dir='ltr'><strong>ὥσπερ</strong></span> 
     </span>
     <span class='ocr_line' id='line_1_14' title="bbox 136 1467 1558 1537; baseline 0.001 -17"><span class='ocrx_word' id='word_1_182' title='bbox 136 1470 310 1532; x_wconf 70' lang='grc' dir='ltr'><strong>μαθηματικόν.</strong></span> <span class='ocrx_word' id='word_1_183' title='bbox 322 1469 360 1519; x_wconf 87' lang='lat' dir='ltr'>ct.</span> <span class='ocrx_word' id='word_1_184' title='bbox 381 1482 438 1533; x_wconf 83' lang='lat' dir='ltr'>pag.</span> <span class='ocrx_word' id='word_1_185' title='bbox 451 1473 490 1518; x_wconf 82' lang='lat'>58.</span> <span class='ocrx_word' id='word_1_186' title='bbox 504 1469 532 1518; x_wconf 87' lang='lat' dir='ltr'>B.</span> <span class='ocrx_word' id='word_1_187' title='bbox 548 1471 574 1518; x_wconf 79' lang='lat' dir='ltr'>ai</span> <span class='ocrx_word' id='word_1_188' title='bbox 592 1483 648 1532; x_wconf 83' lang='lat' dir='ltr'>pag.</span> <span class='ocrx_word' id='word_1_189' title='bbox 669 1472 696 1518; x_wconf 85' lang='lat'>71</span> <span class='ocrx_word' id='word_1_190' title='bbox 714 1481 765 1532; x_wconf 80' lang='lat' dir='ltr'>seq.</span> <span class='ocrx_word' id='word_1_191' title='bbox 782 1467 879 1518; x_wconf 78' lang='lat' dir='ltr'>Scholia</span> <span class='ocrx_word' id='word_1_192' title='bbox 894 1469 919 1518; x_wconf 86' lang='lat' dir='ltr'>ln</span> <span class='ocrx_word' id='word_1_193' title='bbox 965 1471 1114 1528; x_wconf 70' lang='lat' dir='ltr'>Stratiorum:</span> <span class='ocrx_word' id='word_1_194' title='bbox 1125 1473 1166 1520; x_wconf 82' lang='grc' dir='ltr'>ναὶ</span> <span class='ocrx_word' id='word_1_195' title='bbox 1179 1471 1335 1537; x_wconf 76' lang='grc' dir='ltr'><strong>Ξενοκράτης.</strong></span> <span class='ocrx_word' id='word_1_196' title='bbox 1346 1472 1379 1523; x_wconf 82' lang='lat' dir='ltr'>ol.</span> <span class='ocrx_word' id='word_1_197' title='bbox 1391 1487 1446 1537; x_wconf 87' lang='lat' dir='ltr'>pag.</span> <span class='ocrx_word' id='word_1_198' title='bbox 1458 1477 1513 1524; x_wconf 78' lang='lat'><strong>822.</strong></span> <span class='ocrx_word' id='word_1_199' title='bbox 1530 1474 1558 1522; x_wconf 91' lang='lat' dir='ltr'>B.</span> 
     </span>
    </p>
   </div>
   <div class='ocr_carea' id='block_1_5' title="bbox 276 5335 520 5374">
    <p class='ocr_par' dir='ltr' id='par_1_5' title="bbox 276 5335 520 5374">
     <span class='ocr_line' id='line_1_15' title="bbox 276 5335 520 5374; baseline -0.016 0"><span class='ocrx_word' id='word_1_200' title='bbox 276 5337 373 5374; x_wconf 62' lang='lat' dir='ltr'>gattos,</span> <span class='ocrx_word' id='word_1_201' title='bbox 394 5335 468 5374; x_wconf 73' lang='lat' dir='ltr'>canc.</span> <span class='ocrx_word' id='word_1_202' title='bbox 485 5335 520 5372; x_wconf 92' lang='lat' dir='ltr'>Ill.</span> 
     </span>
    </p>
   </div>
   <div class='ocr_carea' id='block_1_6' title="bbox 0 0 1995 5948">
    <p class='ocr_par' dir='ltr' id='par_1_6' title="bbox 0 0 1995 5948">
     <span class='ocr_line' id='line_1_16' title="bbox 0 0 1995 5948; baseline 0 0"><span class='ocrx_word' id='word_1_203' title='bbox 0 0 1995 5948; x_wconf 95' lang='lat' dir='ltr'> </span> 
     </span>
    </p>
   </div>
  </div>
 </body>
</html>
