3914 5936
760 405 810 468 uu
833 407 1076 470 ιιιιιιοοιιιισιι.
1649 415 1709 476 409

96 541 186 620 cujus
207 539 340 622 primum
362 539 473 600 librum
496 553 605 621 spectat
624 542 753 604 Galenus
773 545 888 604 decimo
933 543 960 603 δί
975 546 1085 624 λογικῶν
1100 543 1255 624 διαλεχθείς·
1268 544 1397 625 ρητάτατα
1414 543 1441 605 δί
1456 547 1479 604 οἰ
1494 545 1552 620 περί
1568 545 1611 606 etv
1622 549 1708 624 Ξενο-

97 631 252 693 ιοίιιιιιίιιε
264 648 355 710 super
369 641 564 709 temperatura
576 643 604 690 ct
617 631 750 692 facultate
764 633 887 692 uedtca-
932 629 1032 711 κράτην
1047 629 1091 690 καί
1103 633 1126 690 οἰ
1142 631 1195 691 άπδ
1211 635 1256 690 ποῶ
1277 633 1442 713 περιπάτου,
1460 633 1498 690 lu
1514 631 1540 691 tt
1555 635 1578 692 οἰ
1598 637 1650 696 tini
1664 641 1709 710 τῆς

98 733 266 780 mentorum
281 717 461 797 simplicium
479 731 547 777 tom.
563 717 601 792 ll,
618 739 684 798 pag.
699 721 754 778 132
770 721 816 780 ed.
834 719 888 781 Ba·
932 718 1130 801 madelganus
1147 722 1226 794 τῆσδε
1242 725 1289 794 τῆς
1304 719 1462 802 διαιρέσεως.

99 808 231 870 sillide
245 807 370 868 eundem
379 806 602 872 Galenumtom.
614 807 654 882 ll,
665 827 732 888 pag.
748 809 888 882 68,Αι·εσ-
971 807 1004 887 (ι)
1018 808 1079 886 περί
1091 813 1155 868 θεῶν
1168 810 1193 868 α’
1207 811 1242 890 β’.

97 895 251 956 midorum
264 895 424 958 Oniroctit.
438 895 489 970 Ν,
503 918 540 955 aa
555 909 585 956 et
599 896 714 958 Aetium
727 897 845 958 Tetrab.
861 898 885 974 l,
971 896 1032 956 llos
1046 897 1165 957 libellos
1178 899 1301 958 intuitus
1311 897 1438 976 Vellejus
1453 899 1529 977 apud
1540 899 1708 962 Ciceronem

98 986 155 1044 lib.
172 986 211 1060 ll,
234 1005 299 1064 cap.
324 985 371 1043 83.
391 986 503 1045 Debeo
524 999 620 1045 antem
634 991 677 1046 sic
688 987 801 1065 judicat
820 987 885 1045 Cle·
931 985 967 1043 de
981 1000 1042 1046 nat.
1060 987 1141 1046 dcor.
1160 987 1214 1048 lib.
1230 987 1256 1061 ἰ,
1273 1007 1336 1066 cap.
1359 987 1392 1044 ιδ
1412 1009 1418 1043 :
1436 985 1535 1064 Neque
1547 1005 1636 1064 vero,
1659 990 1709 1046 in-

96 1094 180 1134 mens
198 1073 417 1134 Alexandrinus
431 1073 608 1133 stromatum
619 1074 673 1140 lib.
683 1073 748 1148 Vll,
760 1095 791 1154 p.
804 1097 859 1148 717
877 1097 883 1131 :
932 1073 1010 1148 quit,
1031 1072 1095 1149 ejus
1113 1075 1334 1153 condiscipulus
1351 1073 1528 1134 Xenocrates
1544 1075 1576 1134 in
1590 1075 1646 1133 hoc
1660 1095 1709 1150 ge·

99 1163 173 1222 δοκεῖ
188 1159 216 1221 δί
239 1161 410 1239 Ξενοκράτης
425 1163 480 1242 tuq
494 1161 744 1243 πραγματευόμενος
764 1161 886 1242 περὶτῆς
932 1179 1001 1220 nere
1019 1162 1211 1241 prudentior,
1229 1164 1260 1220 in
1283 1163 1366 1241 cujus
1385 1162 1483 1234 libris,
1511 1163 1563 1240 qui
1588 1175 1656 1222 sunt
1676 1164 1710 1220 ‹lc

98 1249 152 1310 άπδ
165 1251 222 1308 τῶν
233 1247 308 1332 ζῴων
322 1254 435 1332 τροφῆς,
450 1251 496 1322 καί
512 1248 643 1328 Πολέμων
658 1251 685 1309 ἰν
699 1257 752 1318 τοῖς
764 1251 824 1330 περί
839 1255 885 1309 τοῦ
931 1261 1035 1308 natura
1050 1249 1191 1324 deorum,
1216 1251 1297 1309 nulla
1314 1253 1424 1330 species
1448 1253 1549 1310 diviua
1568 1249 1710 1309 describi·

96 1337 169 1397 κατδ
188 1335 267 1418 φάσιν
282 1335 339 1422 βίου
354 1337 520 1418 συντάγμασι
531 1343 621 1420 σαφῶς
635 1338 737 1416 λέγειν,
750 1341 786 1405 ῶς
800 1339 885 1416 εἰσίμ-
930 1351 998 1396 tur:
1015 1337 1086 1398 deos
1105 1343 1183 1398 enim
1208 1353 1273 1399 octo
1287 1359 1349 1399 esse
1364 1341 1436 1400 dicit
1459 1363 1465 1398 :
1490 1341 1622 1418 quinque
1645 1358 1710 1410 eos,

96 1427 179 1508 φοράν
203 1429 274 1486 ἰατιν
293 1431 311 1500 η
332 1427 376 1487 διδ
398 1430 450 1486 τῶν
469 1431 574 1507 σαρκῶν
596 1427 697 1508 τροφή,
722 1426 882 1514 εἰργασμένη
930 1427 1027 1503 quiin
1045 1428 1138 1488 stellis
1163 1429 1244 1506 vagis
1263 1430 1463 1504 nominantur,
1479 1449 1586 1501 unum,
1604 1428 1656 1505 qui
1675 1447 1710 1486 ex

97 1514 154 1587 ἤδη
176 1515 224 1590 κμί
246 1514 426 1591 ἐξομοιουμένη
442 1515 518 1598 (leg.
536 1515 740 1596 ἰὶωμοιωμίνη)
757 1524 814 1582 ταῖς
832 1519 884 1576 τῶν
930 1515 1068 1576 omnibus
1088 1515 1254 1592 sideribus,
1280 1537 1345 1596 quae
1369 1519 1460 1577 infixa
1480 1518 1554 1576 coelo
1571 1528 1654 1588 sunt,
1673 1535 1711 1574 ex

97 1603 209 1681 οἰλόγων
228 1606 332 1686 ψυχαῖς.
348 1604 532 1684 Ceteroquin
547 1625 584 1664 ex
605 1605 658 1664 illo
678 1625 767 1683 opere
787 1605 882 1664 locum
929 1605 1071 1684 dispersis
1094 1605 1176 1683 (prasi
1200 1604 1340 1664 membris
1356 1605 1480 1684 simplex
1504 1605 1542 1663 sit
1564 1603 1710 1681 putandus

97 1695 174 1756 satis
187 1693 305 1771 longum
316 1693 434 1774 περὶτῆς
450 1695 503 1754 tet
521 1693 634 1772 ἐνύδρων
649 1693 884 1774 τροφῆςεεενενίι
905 1640 907 1747 i
929 1691 1018 1772 deus3
1038 1669 1193 1772 sepiimum
1218 1693 1313 1753 Solem
1337 1693 1471 1771 adjungit
1491 1715 1497 1750 :
1518 1705 1710 1768 octavumque

95 1781 257 1842 Oribasius
272 1781 431 1852 collectan.
448 1783 523 1843 rned.
541 1781 580 1858 ll,
597 1783 647 1843 58.
665 1783 709 1844 (il.
732 1781 884 1842 Fabricius
933 1776 1064 1850 l'ttnam,
1080 1784 1129 1858 qui
1145 1802 1203 1860 quo
1218 1801 1304 1842 sensu
1316 1781 1395 1842 beati
1406 1801 1468 1842 esse
1482 1782 1609 1862 possint,
1625 1781 1711 1839 intel·

95 1872 179 1934 llibl.
196 1871 249 1933 Gr.
265 1873 325 1932 vol.
339 1871 397 1947 tlt,
412 1893 479 1952 pag.
499 1875 564 1952 πφδ.
583 1877 694 1950 Agmen
704 1871 813 1932 claudit
826 1869 883 1930 Xe·
930 1865 981 1944 ligi
996 1888 1056 1928 non
1067 1882 1171 1949 potest.

95 1974 234 2022 tractatas
248 1958 393 2039 Ephesius
407 1981 425 2020 a
439 1961 538 2021 Plittio
558 1962 715 2039 aliquoties
737 1960 881 2034 laudatus,
968 1953 1002 2034 (a)
1018 1957 1078 2036 πεφί
1093 1956 1193 2040 φύσεως
1210 1959 1234 2016 α’
1259 1959 1283 2038 β’
1299 1957 1324 2037 γ’
1342 1959 1365 2018 δ’
1381 1961 1400 2018 ε’
1423 1959 1449 2025 ς’
1464 1964 1499 2018 de
1521 1973 1624 2016 nocturn
1647 1961 1712 2016 libri

93 2064 127 2108 ut
139 2049 194 2110 lib.
208 2047 356 2122 XXXVII,
372 2069 435 2128 cap.
459 2070 495 2120 a,
512 2050 564 2128 qui
584 2049 615 2108 in
636 2047 820 2126 physiologia
840 2049 883 2106 vi·
927 2063 989 2106 see.

94 2138 181 2200 detur
197 2133 363 2196 elaborasse
379 2136 453 2215 (89).
970 2131 1004 2212 (ο)
1017 2138 1127 2214 φυσικῶς
1142 2133 1293 2214 ἀκροάσεως
1306 2135 1331 2194 α’
1348 2137 1372 2214 β’
1386 2134 1411 2214 γ’
1424 2134 1446 2194 δ’
1462 2135 1481 2194 ε’
1494 2135 1533 2201 ς’.

135 2225 229 2284 Venio
241 2243 321 2284 nunc
332 2225 369 2283 ad
379 2223 552 2284 Xenocratis
562 2223 751 2283 Chalcedonii
763 2226 880 2302 scripta.
968 2221 1016 2298 (to)
1032 2221 1092 2300 περί
1104 2225 1156 2280 τῶν
1171 2223 1340 2303 Παρμενίδου
1354 2222 1389 2282 α’.

97 2315 245 2391 Diogenes
258 2314 395 2374 Laertius
407 2311 463 2373 lib.
487 2309 537 2386 tv,
556 2331 588 2371 ιι
608 2313 737 2391 plurima
750 2329 817 2370 eum
836 2312 882 2370 in·
970 2308 1017 2390 (tt)
1035 2311 1096 2390 περί
1110 2309 1269 2388 εἱμαρμένης
1283 2309 1320 2371 α’.

95 2403 179 2480 genii
197 2403 245 2462 sui
259 2414 449 2463 monumenta
471 2401 626 2480 reliquisse
645 2401 771 2472 docens,
786 2401 819 2460 in
835 2400 882 2460 his
970 2391 1018 2474 (1Ξί
1033 2395 1094 2474 περὶ
1109 2401 1155 2454 τοῦ
1167 2393 1239 2464 ὄντος
1253 2397 1290 2457 α’.

94 2490 294 2570 συγγράμματα
316 2491 362 2551 καί
376 2491 428 2562 έιιη
444 2491 489 2550 καί
509 2489 694 2571 παραινέσεις,
712 2489 743 2548 id
763 2503 827 2562 est,
843 2491 881 2548 li·
969 2486 1018 2564 (ts)
1032 2483 1092 2563 napi
1106 2487 1151 2542 τοῶ
1166 2482 1220 2551 ένδς
1234 2481 1271 2544 α’.

93 2583 167 2640 bros
177 2581 273 2640 soluta
282 2584 415 2640 oratione
424 2581 617 2659 conscriptos,
627 2579 756 2638 carmina
766 2578 882 2637 heroica
969 2573 1017 2653 (tt)
1031 2573 1091 2653 περί
1105 2575 1150 2632 τοῦ
1166 2570 1287 2652 ἀορίστου
1309 2571 1344 2644 α’,
1356 2574 1394 2628 de
1407 2573 1519 2647 infinito
1533 2568 1609 2626 liber
1623 2586 1707 2626 unns.

93 2683 123 2726 et
144 2673 258 2729 monita
278 2669 369 2730 luisse
390 2670 442 2728 ait.
466 2668 522 2728 Sed
538 2681 571 2728 ut
592 2679 701 2745 quanta
721 2665 882 2726 doctissimi
971 2661 1020 2741 (tt)
1037 2661 1098 2742 περί
1112 2664 1158 2720 τοῶ
1175 2660 1311 2742 ἐλευθέρου
1327 2657 1361 2720 α’.

93 2759 155 2818 viri
173 2759 210 2818 de
228 2759 354 2836 singulis
368 2757 563 2837 philosophiae
578 2757 800 2833 litterarumque
816 2775 883 2834 par·
969 2749 1016 2831 (m)
1032 2749 1092 2830 περί
1105 2747 1223 2809 ἑκουσίου
1240 2749 1277 2810 α’.

95 2848 175 2907 tibus
191 2847 297 2907 merita
311 2847 437 2921 luerint,
452 2860 610 2926 appareat,
629 2865 688 2904 non
703 2843 787 2904 illum
802 2845 884 2905 νοΙιι-
970 2838 1017 2919 (ιι)
1032 2837 1093 2918 περὶ
1108 2841 1153 2897 ταῶ
1169 2837 1285 2897 ἰναντίου
1300 2835 1325 2894 α’
1344 2841 1360 2916 β

95 2937 209 2996 minum
235 2937 387 3008 ordinem,
413 2937 465 3014 qui
490 2934 607 2994 Laertio
631 2933 763 3012 placuit,
780 2951 881 3011 seque·
970 2927 1018 3005 (ts)
1034 2925 1155 2988 ἰναντέων
1168 2926 1205 2988 α’.

95 3045 174 3098 mur,
189 3025 240 3084 sed
252 3023 425 3104 philosophi
443 3024 552 3102 scripta
567 3022 728 3100 generatim
744 3019 884 3099 disposita
971 3015 1018 3096 (ιο)
1035 3014 1097 3094 πιρί
1111 3012 1298 3090 διαστημάτων
1314 3013 1350 3072 α’.

97 3113 313 3174 exitibebimus.
971 3105 1020 3180 (ao)
1035 3101 1094 3182 περί
1108 3104 1190 3179 γενῶν
1205 3100 1251 3160 καί
1265 3103 1339 3159 εἰδῶν
1354 3095 1391 3157 α’.

393 3247 399 3260 .
632 3247 638 3258 .
970 3193 1017 3272 (οι)
1034 3191 1095 3270 περὶ
1111 3190 1185 3248 εἰδῶν
1198 3187 1235 3250 α’.

292 3245 315 3304 l.
337 3245 452 3324 Scripta
474 3245 687 3304 mathemattca.
970 3279 1021 3360 (tt)
1036 3277 1097 3357 m„
1113 3280 1200 3359 ψυχῆς
1214 3274 1240 3336 οιι
1254 3274 1289 3356 βυ.

136 3388 171 3468 (tl
186 3387 250 3467 πεφί
263 3391 419 3467 γεωμετρῶν
434 3385 525 3465 βιὸλέα
539 3383 579 3456 ε’,
594 3390 630 3442 de
644 3393 801 3462 geometris,
814 3384 883 3444 libri
971 3371 1020 3448 (²⁸)
1034 3369 1085 3426 τῶν
1097 3365 1160 3446 περὶ
1173 3365 1220 3438 τί*
1235 3366 1350 3425 illim*
1366 3361 1390 3420 n'
1409 3359 1432 3440 β’
1446 3361 1470 3439 Υ’
1486 3360 1509 3418 δ’
1524 3360 1544 3468 ⁸:
1560 3357 1585 3468 ς’.
1599 3355 1621 3428 p
1634 3356 1669 3428 u'.

95 3479 244 3556 quinque,
968 3463 1010 3518 De
1023 3459 1114 3517 Rebus
1127 3479 1191 3536 qaae
1197 3459 1239 3514 ad
1248 3467 1367 3516 mentem
1381 3465 1508 3528 spectant
1523 3453 1583 3508 labra
1598 3461 1667 3506 oeta.

141 3564 178 3644 γ’)
204 3563 266 3646 m„
286 3563 442 3644 γεωμετργας
459 3563 485 3621 αι
508 3561 548 3643 βο,
561 3566 597 3620 d,
615 3569 786 3638 mmmm,
811 3561 882 3622 libri
974 3545 1020 3628 (at)
1034 3549 1086 3606 τῶν
1098 3545 1160 3628 περί
1171 3546 1218 3618 τὴν
1233 3543 1348 3604 διάνοιαν
1363 3540 1434 3642 εἰλλμι
1452 3537 1543 3639 βιὸλιέα
1559 3535 1616 3596 δύο.

95 3656 168 3716 duo.
1028 3640 1071 3694 De
1084 3635 1186 3696 eodem
1200 3643 1371 3712 argumento
1386 3629 1436 3686 alu
1453 3625 1525 3684 ltbrt
1539 3625 1607 3683 duo.

136 3739 175 3824 (γ)
190 3740 253 3822 περὶ
269 3743 404 3821 ἀργγμῶγ,
419 3744 456 3798 de
469 3746 600 3800 numm,
927 3753 929 3758 ·
970 3724 1016 3806 (aa)
1039 3723 1099 3805 πιρί
1114 3724 1188 3782 ἰδεῶν
1202 3719 1240 3795 α’,
1256 3725 1292 3778 de
1306 3721 1375 3776 tdet's
1387 3714 1464 3774 libet·
1481 3731 1567 3770 unus.

137 3830 175 3910 (εἰ
190 3831 310 3910 ἀριθμῶν
326 3827 437 3907 θεωρία,
452 3847 627 3889 numerorum
645 3829 855 3903 contemplatio.
970 3814 1019 3892 (2⁶)
1035 3812 1096 3892 περί
1111 3811 1219 3890 μνήμης
1232 3809 1269 3869 α’·

138 3918 172 3999 (ε)
186 3922 242 3979 τῶν
254 3917 316 3998 περί
330 3913 503 3995 ἀστρολογίαν
516 3910 730 3992 ς’,αείνοέορίαι
741 3917 806 3971 titre·
818 3935 879 3975 sex.
968 3899 1015 3978 (²⁷)
1029 3899 1094 4044 πιρίὶ
1104 3901 1155 4008 τῶν
1168 3898 1258 4008 παγθῶν
1273 3893 1298 3951 α’

982 4007 1009 4048 28
1033 4009 1066 4044 m
1129 4007 1167 4044 tutt
1180 4006 1216 4044 αι

328 4057 367 4116 ¹¹·
389 4057 504 4135 &fillia
523 4055 657 4134 Phyma·
970 3988 1019 4160 i²⁹i
1032 4009 1092 4154 mit
1107 3990 1218 4130 θβανάτου
1235 4065 1271 4130 α’.

1362 2835 1368 2858 ί

140 4202 172 4278 (ε)
186 4199 250 4280 περί
266 4197 419 4279 φιλοσοφίας
434 4199 468 4257 α’.

137 4287 173 4346 1ιι
188 4287 247 4347 hoc
262 4287 406 4364 singulari
426 4287 463 4346 de
477 4283 667 4364 philosophia
682 4281 761 4346 libro
776 4283 880 4342 verisi-

99 4375 169 4435 mile
186 4390 231 4435 est
249 4373 441 4435 Xenocratem
456 4394 491 4433 ea
505 4371 677 4450 exposuisse
695 4389 760 4448 que
774 4370 810 4428 ad
827 4371 880 4429 tri-

96 4465 233 4544 partitam
249 4466 402 4544 sapientiae
425 4465 601 4523 divisionem
626 4472 801 4537 spectarent.
819 4459 882 4518 lluc
969 4456 1018 4538 (so)
1034 4458 1081 4527 τῆς
1103 4452 1164 4535 περὶ
1186 4451 1216 4510 τὸ
1233 4449 1400 4528 διαλέγεσθαι
1416 4444 1599 4525 πραγματείας
1620 4441 1709 4522 βιὸλία

96 4557 225 4632 pertinet
242 4555 323 4615 Sexti
339 4553 482 4633 Empirici
497 4553 580 4611 locus
595 4551 647 4628 qui
662 4549 728 4608 adv.
745 4549 880 4608 matham.
930 4545 976 4613 ιδ,
989 4543 1057 4624 μετίι
1067 4547 1144 4602 τοῦτο
1158 4539 1249 4621 βιὸλία
1263 4535 1311 4616 ιε’,
1327 4535 1373 4596 καί
1388 4533 1457 4593 ἄλλα
1473 4531 1565 4612 βοδλέα
1580 4530 1628 4597 ις’.
1688 4619 1693 4630 Ι

95 4643 164 4720 vll,
198 4647 235 4705 16
261 4645 302 4704 ita
323 4642 513 4704 Chalcedonii
538 4638 709 4722 philosophi
742 4637 883 4717 placitum
970 4637 1013 4694 lle
1027 4631 1190 4692 disserendi
1204 4630 1318 4688 ratione
1332 4623 1404 4684 libri
1418 4621 1491 4695 tw,
1506 4633 1573 4699 post
1592 4619 1708 4718 bacculi-

97 4734 212 4809 tangit:
229 4733 300 4805 πλὴν
315 4723 385 4793 οὗτοι
401 4731 447 4809 μέν
466 4733 580 4796 ἰλλιπῶς
595 4726 771 4810 ἀνεστράφθαι
786 4727 880 4786 δοκοῦ·
929 4721 977 4782 bri
997 4721 1047 4781 XV
1069 4719 1164 4780 etalii
1187 4716 1264 4776 XVI.
1285 4711 1444 4773 Emendavi
1468 4710 1564 4768 locutu
1587 4707 1709 4764 elattna

96 4844 156 4895 σιν,
172 4819 354 4900 ἰντελέστερον
363 4813 393 4878 δί
407 4818 482 4900 παρὰ
495 4815 601 4884 τούτους
614 4820 639 4876 ol
654 4815 770 4884 εἰπόντες
782 4817 828 4888 τῆς
840 4839 883 4899 φι-
930 4811 1076 4872 Ambrosii
1093 4808 1344 4890 interpretatione.
1363 4801 1437 4861 Nam
1457 4809 1622 4902 corruptam
1644 4795 1710 4890 ple-

94 4907 222 4993 λσσυφίας
235 4908 267 4969 τδ
280 4907 329 4986 μέν
344 4931 370 4968 τι
387 4896 453 4967 εἰναι
466 4905 589 4988 φυσικάν,
603 4905 633 4964 τδ
645 4905 673 4965 δί
685 4903 776 4978 ἠθικόν
786 4948 794 4978 ,
805 4901 836 4963 ab
855 4903 883 4964 δί
934 4919 1095 4981 noruntque
1110 4899 1241 4959 codicum
1255 4895 1429 4972 scripturam
1443 4891 1488 4958 τῆς
1507 4888 1611 4994 περὶγιο
1626 4881 1711 4992 διαλφ-

97 4999 220 5075 tortam·
235 4989 271 5058 ῶν
286 4993 398 5076 δυνάμει
414 4995 462 5076 μέν
474 4996 589 5056 Πλάτων
602 4993 671 5056 ἐστίν
685 4991 885 5076 θρχηγθς,τερί
931 4996 1023 5070 γεσθαι
1047 4985 1230 5069 πραγματείας
1253 4979 1344 5062 βιῶλία
1370 4976 1410 5050 ιε’,
1432 4975 1474 5052 μ’,
1499 4971 1534 5082 a',
1553 4975 1589 5050 β,
1609 4971 1649 5050 ψ,
1670 4994 1710 5047 μ.

97 5087 206 5146 πολλῶν
220 5085 267 5164 μέν
283 5087 418 5169 φυσικῶν,
435 5073 541 5145 πολλῶν
556 5083 583 5143 δί
599 5086 714 5157 ἠθικῶν,
728 5084 775 5143 οθκ
790 5079 884 5159 θλέγων
930 5078 1008 5139 Merit
1019 5083 1095 5137 τοῦτο
1106 5073 1197 5156 βεθλία
1207 5071 1250 5149 ιε’,
1261 5068 1305 5129 καί
1317 5067 1384 5126 ἄλλα
1395 5063 1484 5143 βιὸἰία
1497 5085 1523 5129 tc
1542 5071 1633 5117 ⁰ll³¹¹¹
1647 5077 1713 5115 Γθθί

1129 4255 1182 4318 tlt.
1205 4255 1321 4333 Scripta
1348 4249 1508 4311 dialectica.

98 5278 192 5330 Σούσω
212 5281 339 5346 hanapia,
362 5283 396 5336 ιὀς
417 5277 566 5341 Ξενοκράτης
580 5278 604 5328 ἰν
622 5277 709 5344 πρώτω
721 5271 842 5342 Χρονικῶν
855 5301 886 5313 -
903 5275 953 5339 (89)
965 5273 1003 5322 Ol.
1017 5269 1140 5322 Fabricius
1157 5265 1219 5317 Bibl.
1239 5263 1477 5326 Gr.vot.tt1‚pag.
1495 5261 1547 5310 193.
1561 5283 1588 5293 -
