3938 5968
506 359 730 423 misicorum
753 358 1093 424 Niconncrluoaiiir
1113 357 1401 425 Pnunrflnnsis.
1697 370 1761 433 819

143 490 191 562 δήν
203 493 295 550 ῖκανδν
310 493 413 570 ήγεῖται
433 491 465 550 τδ
486 493 665 573 ἐνδεχόμενον,
690 494 810 576 καθάπερ
826 494 871 554 καί
894 495 925 554 τδ
972 492 1093 542 Γθῖῑθθθῐθ
1106 506 1182 556 quam
1196 495 1317 557 Ρῐῑθθίθῑθ
1328 492 1437 558 (iumine
1451 495 1547 559 Ρθίθθίι
1563 495 1679 549 sufficere
1692 500 1760 552 arbi·

142 580 204 660 πρὸς
222 580 294 649 θεοὺς
318 581 363 641 χςςλ
377 580 442 662 πρὸς
457 590 540 660 γονεῖς
560 581 615 661 ἔχει
635 582 746 642 δίκαιον,
764 588 800 644 Οἱ
820 584 868 661 μὲν
883 576 927 644 οὖν
973 585 1062 640 iratur,
1074 581 1139 632 sicui
1150 581 1213 632 illud
1223 581 1292 648 quod
1306 582 1333 632 in
1346 581 1407 634 (1008
1419 585 1446 634 θῖ
1461 582 1487 634 in
1501 589 1617 649 parentes
1631 587 1701 638 nobis
1716 589 1760 653 jus

142 677 193 737 τοῖς
208 669 293 752 ρίλοις
313 673 482 750 χαριζόμενοι
498 673 531 732 δι’
549 669 642 739 αύτούς
657 673 726 731 οὕτω
741 680 865 754 μετροῦσι
881 673 927 747 τήν
971 679 1017 726 est·
1036 675 1086 734 Qui
1097 689 1155 740 018⁰
1166 675 1253 726 &micis
1265 679 1367 740 Ρΐθθῑθῐ
1385 675 1453 740 51²³OE
1470 676 1650 740 ῖῐθῑῑῧῦἃΰίῦῐι
1670 677 1704 729 iifl
1722 695 1760 732 ῑθ·

142 757 216 826 ἀξίαν
233 763 284 818 τῶν
302 760 433 836 ἀμοιύῶν.
823 759 826 786 ³
971 763 1186 816 muneratiouibus
1195 764 1293 828 justum
1304 763 1413 829 pretium
1430 767 1554 815 statuunt.

182 849 193 871 *
204 849 240 907 Οῖ
250 847 277 906 δὲ
287 846 331 906 έπί
342 871 404 922 τινι,
416 847 434 920 ή
445 849 488 908 διά
496 851 643 928 χρήσιμον,
655 847 673 920 ἢ
687 847 729 908 διίι
740 848 846 923 ἡδονήν,
859 849 928 910 ούτω
1004 853 1054 914 Qui
1067 867 1127 906 vero
1139 857 1240 919 propter
1253 852 1362 917 aliquid,
1371 852 1425 904 sine
1438 856 1540 918 propter
1552 854 1756 918 emolumentum,

142 936 253 996 δώσουσι
267 936 312 995 καῖ
327 936 456 1018 λήψονται
468 937 516 1011 τήν
531 937 655 1014 ἀμοιύήν,
669 941 704 1005 ὡς
719 939 877 1020 ἀμφοτέροις
887 941 927 998 δο·
972 943 1024 994 sive
1031 943 1202 994 delectationis
1214 957 1290 994 causa
1297 943 1344 993 hoc
1350 940 1453 1002 iaciunt,
1463 943 1602 996 itadabunt
1611 960 1758 998 remunera-

142 1029 183 1084 κεῖ
192 1025 262 1095 ἀξιον
272 1016 350 1087 εἶναι.
363 1025 442 1087 Οὕτω
449 1025 539 1107 γάρδιν
545 1027 648 1107 γένοιτο
658 1025 778 1106 καθαράν
791 1029 926 1104 έγκλημά-
971 1032 1064 1084 tionem
1085 1035 1111 1082 et
1124 1031 1255 1096 accipient.
1267 1035 1297 1082 ut
1309 1034 1415 1094 uterque
1428 1045 1529 1097 equum
1543 1048 1597 1085 esse
1616 1035 1752 1090 existimat.

141 1139 192 1174 των
203 1114 252 1188 τήν
262 1117 397 1176 κοινωνίαν
409 1116 541 1196 γενέσθαι.
554 1119 588 1178 nt
601 1115 627 1176 δὲ
640 1115 677 1194 μή
688 1115 829 1194 συμύαίνει
840 1123 925 1189 τοῦτο,
970 1121 1010 1174 Sic
1023 1121 1088 1172 enim
1105 1122 1247 1186 contingat,
1267 1125 1297 1172 ιιι
1313 1135 1376 1186 pura
1394 1121 1425 1172 ab
1439 1122 1558 1173 omnihus
1578 1126 1688 1188 querelis
1704 1125 1759 1177 etti·

141 1207 208 1282 μηδὲ
233 1205 356 1264 δύνανται
378 1205 424 1265 καί
446 1205 527 1288 ἄμφω
553 1204 650 1286 κρίνειν
670 1205 717 1276 τήν
738 1205 925 1285 προσήκουσαν
971 1209 1051 1259 ciatur
1069 1209 1181 1260 societas.
1204 1208 1315 1268 QUOd⁸l
1337 1223 1385 1260 ¹10⁰
1406 1209 1517 1269 eveniat.
1537 1225 1619 1276 neque
1637 1214 1710 1264 ambo
1728 1215 1760 1266 de

140 1293 266 1371 ἀμοιὸήν,
282 1291 374 1366 titii
389 1297 501 1375 θέτερος
514 1295 591 1373 μόνον
602 1290 637 1368 ,ἢ
651 1293 803 1374 μηδέτερος,
820 1293 924 1372 ἀνάγκη
970 1297 1055 1349 debita
1064 1298 1264 1349 remuneratione
1273 1299 1387 1363 judicare
1399 1301 1506 1366 queant,
1519 1301 1562 1350 sed
1573 1304 1619 1352 aut
1631 1303 1694 1354 aiter
1703 1307 1760 1354 tan-

138 1382 206 1440 κατδι
227 1382 274 1453 τήν
294 1382 378 1463 κρίσιν
400 1389 446 1443 τοῦ
470 1383 612 1464 δεχομένου
632 1381 679 1449 τάς
702 1383 851 1464 εὐεργεσίας
878 1381 926 1451 τάς
971 1391 1037 1447 tum,
1053 1391 1097 1438 aut
1119 1392 1220 1448 neuter,
1238 1402 1337 1438 necesse
1351 1393 1389 1439 est
1407 1387 1438 1438 de
1452 1390 1573 1440 sententia
1591 1391 1644 1456 ejus
1657 1393 1701 1456 qui
1714 1393 1759 1444 be-

138 1470 253 1547 ἀμοιὸὰς
264 1471 390 1550 γίνεσθαι.
404 1472 436 1530 Ei
448 1471 498 1553 γδρ
511 1476 524 1532 θ
535 1473 582 1549 μὲν
600 1470 657 1529 ἀντί
667 1471 800 1532 τοσούτων·
807 1478 924 1531 τοσαῦτα
969 1480 1059 1532 noticia
1072 1482 1174 1546 accepit,
1187 1482 1411 1531 remunerationem
1430 1482 1557 1534 constitui.
1578 1483 1603 1536 Si
1616 1483 1681 1536 enirn
1695 1486 1758 1536 aiter

137 1560 237 1620 διδόναι
253 1559 392 1639 βούλεσθαι
404 1561 492 1641 λέγοι,
507 1567 521 1621 θ
535 1562 562 1621 δὲ
581 1564 624 1622 ἐπὶ
646 1562 744 1632 τούτοις
760 1564 894 1644 παρέχοι·
910 1569 924 1624 ὁ
969 1587 1014 1637 μευ
1026 1575 1064 1622 tot
1077 1573 1203 1638 tantisque
1217 1585 1275 1637 quas
1289 1571 1393 1636 accipiat
1415 1571 1554 1632 beneficiis,
1578 1576 1615 1624 tot
1637 1577 1756 1640 tantaque

136 1650 197 1725 μέν,
225 1648 243 1707 θ
266 1653 355 1711 δοῦναι
381 1653 515 1725 συνέθετο,
541 1651 634 1728 δώσει,
667 1651 712 1710 καί
736 1653 877 1735 ἀμείψεται
905 1653 923 1726 ἢ
969 1664 1073 1714 reddere
1090 1677 1117 1714 se
1134 1663 1369 1727 velle'pciticeatur¹
1391 1663 1529 1714 altervero
1548 1664 1596 1714 hac
1616 1665 1757 1717 conditione

135 1737 248 1812 ἡδονήν,
265 1737 282 1810 ή
297 1739 379 1812 ἀλλην
395 1739 453 1800 τινίι
477 1739 605 1822 ὠρέλειαν
621 1741 773 1814 ἀποδιδούς,
795 1745 809 1800 θ
829 1741 856 1800 δὲ
877 1747 924 1802 οὐκ
969 1753 1023 1803 haec
1042 1753 1065 1804 ei
1074 1751 1169 1802 tribuat
1185 1767 1191 1800 :
1212 1751 1276 1801 alter
1287 1750 1390 1816 quidem
1409 1765 1467 1817 qua
1484 1752 1603 1803 daturum
1621 1767 1649 1805 se
1662 1755 1758 1819 prorni-

135 1827 290 1903 ἐγκαλέσει,
304 1827 394 1886 λαύδιν
414 1829 537 1888 θλαύεῐν
552 1831 652 1910 ἔκρινεν
669 1829 738 1899 ἀξιον
754 1821 829 1891 εἶναι·
847 1835 923 1893 τοῦτο
969 1845 1036 1892 serat
1051 1840 1129 1900 dabit,
1148 1843 1174 1889 et
1189 1839 1309 1890 beneficia
1318 1842 1363 1890 aut
1377 1840 1519 1906 voluptate,
1534 1844 1578 1892 aut
1591 1843 1757 1906 aliaquadam

135 1916 163 1973 δὲ
176 1920 206 1976 ού
222 1917 299 1992 μόνον
316 1919 459 1996 ἀναγκαῖόν
474 1923 547 1993 ἐστι,
562 1920 607 1978 καί
619 1919 666 1990 τήν
682 1920 820 1980 κοινωνίαν
838 1924 922 1982 ἀπαλ-
969 1931 1076 1981 utilitate
1090 1929 1298 1988 remunerabitur.
1317 1930 1381 1980 aiter
1395 1945 1455 1980 vero
1467 1945 1524 1981 eum
1537 1946 1566 1982 eo
1581 1947 1630 1982 non
1643 1937 1758 1998 expostu-

135 2003 227 2062 λάττει
244 2006 427 2086 πραγμάτων,
443 2007 511 2067 ἀλλά
527 2009 572 2068 καὶ
587 2008 698 2070 δίκαιον.
718 2011 750 2070 Et
766 2009 817 2090 γάρ
830 2033 869 2076 τις
884 2001 921 2069 διν
968 2020 1044 2078 iabit,
1061 2023 1147 2084 utpote
1163 2019 1208 2084 qui
1221 2019 1344 2082 acceperit
1359 2031 1417 2084 ηοω
1437 2019 1522 2070 deberi
1533 2035 1578 2086 pro
1591 2021 1677 2072 iissihi
1690 2023 1759 2087 judi·

137 2095 259 2171 βούλεται
273 2094 365 2176 τύχοι,
381 2097 428 2156 οὒκ
443 2097 592 2155 ἀδικεῖται·
607 2095 650 2155 διδι
672 2103 749 2158 τοῦτο
767 2099 812 2158 καί
825 2101 851 2158 έν
868 2103 921 2164 τοῖς
969 2109 1040 2159 cahat
1055 2126 1061 2158 z
1074 2109 1121 2158 hoc
1137 2111 1221 2159 autern
1237 2123 1286 2158 non
1298 2108 1380 2158 solum
1399 2111 1564 2160 necessarium
1582 2113 1633 2173 est,
1654 2115 1679 2162 et
1691 2113 1759 2162 omni

134 2182 220 2250 ὠνίοις
244 2182 313 2244 ούτω
336 2185 455 2265 φαίνεται
481 2185 638 2264 γινόμενον·
662 2190 676 2245 θ
701 2187 752 2267 γὰρ
776 2187 922 2264 ὠνούμενος
968 2197 1082 2248 molestia
1105 2197 1240 2247 humanam
1268 2197 1448 2248 consortionem
1478 2198 1582 2261 liberat,
1612 2201 1655 2250 sed
1683 2202 1758 2252 etiam

133 2271 224 2331 τάττει
242 2272 290 2344 τὴν
304 2273 397 2350 τιμήν,
421 2273 467 2333 καί
492 2279 628 2355 μετρεῖτῇ
650 2277 742 2335 ἑαυτοῦ
764 2277 920 2359 ὠρελείιρ,ἣ
964 2287 1070 2351 justum.
1085 2285 1111 2336 Si
1128 2285 1185 2350 quis
1201 2286 1266 2336 enim
1288 2299 1345 2350 quae
1367 2286 1428 2336 velit
1443 2291 1626 2352 consequatur,
1648 2289 1671 2339 is
1690 2291 1757 2342 uuita

133 2365 166 2440 τῇ
181 2363 279 2441 ἡδονῇ,
294 2363 340 2422 καὶ
355 2360 478 2422 τοσούτου
495 2363 564 2432 ἀξιον
581 2353 647 2422 είναι
661 2364 731 2442 λέγει
747 2365 776 2424 τὸ
788 2365 919 2438 ζητούμε-
968 2373 1076 2424 atticitnr
1100 2371 1191 2436 iniuria
1215 2391 1221 2420 :
1239 2371 1346 2436 ideoque
1365 2375 1392 2422 et
1405 2372 1431 2422 in
1452 2373 1622 2424 mercimoniis
1637 2375 1684 2426 hoc
1705 2377 1758 2426 deri

133 2473 176 2506 νον
189 2448 275 2507 ὤνιον.
297 2453 349 2510 Καὶ
364 2450 441 2530 νύμος
462 2452 578 2532 δὲπαρά
598 2474 650 2511 τισι
670 2461 755 2512 κεῖται
779 2457 831 2513 τῶν
847 2458 920 2514 {roo-
967 2462 1101 2514 videmus:
1119 2460 1244 2526 siquidem
1265 2465 1345 2511 emtor
1359 2461 1467 2526 pretium
1490 2463 1595 2524 statuit,
1615 2477 1710 2529 suaque
1735 2465 1758 2514 i-

133 2537 197 2596 σίων
213 2537 383 2617 συμὸολαίων
400 2539 473 2608 δίκας
490 2539 527 2618 μή
542 2531 621 2614 ε’ίναι,
646 2542 713 2618 μηδὲ
735 2545 820 2615 ζητεῖν
846 2545 914 2602 δικα·
967 2549 1037 2616 μεῖνε
1049 2553 1094 2600 aut
1104 2548 1214 2599 utilitate
1226 2551 1270 2598 aut
1283 2548 1412 2612 voluptate
1426 2562 1481 2598 rem
1494 2549 1563 2600 iilam
1574 2550 1687 2608 metitur,
1699 2553 1755 2600 tan-

132 2625 197 2698 στήν
211 2625 297 2707 ἕτερον
309 2629 335 2686 έν
351 2635 408 2695 ταῖς
422 2627 555 2695 τοιαύταις
570 2627 730 2710 κοινωνίαιςῗ,
744 2629 810 2706 μηδέ
827 2631 920 2706 νόμους
968 2639 1038 2703 tique
1052 2651 1107 2689 esse
1121 2637 1314 2698 dicitmercem,
1330 2651 1407 2701 quarn
1417 2637 1530 2701 requirit.
1544 2635 1593 2688 Sed
1604 2636 1670 2700 leges
1681 2637 1757 2688 etiam

132 2715 254 2797 ἑτέρους,
272 2717 331 2777 ἀλλ’
352 2708 374 2800 ᾧ
388 2742 426 2787 τις
441 2718 594 2791 ἐπίστευσε,
619 2719 664 2777 καί
679 2719 852 2790 κεκοινώνηκε
867 2723 919 2780 τῶν
967 2727 1033 2792 apud
1047 2725 1179 2778 nonnullos
1194 2728 1268 2784 suut,
1292 2737 1351 2791 qua
1373 2729 1546 2776 contractuum
1560 2726 1756 2778 voluntariorum

132 2809 232 2880 αὐτοῦ,
246 2807 291 2866 καί
310 2815 367 2874 ταῖς
391 2808 530 2881 συνθήκαις
553 2807 740 2888 χρησάμενον,
758 2809 917 2868 διαλύεσθαι.
964 2815 1112 2881 judiciaaut
1124 2815 1234 2866 actiones
1245 2814 1299 2865 dari
1313 2817 1397 2865 vetent
1414 2815 1612 2881 prohibeantque
1621 2817 1757 2881 quominus

130 2896 300 2974 Δικαιύτερον
315 2895 367 2976 γίιρ
388 2895 485 2956 οίοντοιι
506 2897 601 2976 κρίνειν
625 2896 668 2955 τδν
695 2898 873 2977 έπιτραπέντα
893 2898 918 2968 ἐξ
967 2903 1757 2970 atiusintatinegotiojudexaliaveiegesquaerantur.sedoum

130 2988 216 3066 ἀρχῆς
228 2983 304 3052 τάξαι
317 2983 364 3056 τήν
380 2985 511 3062 ἀμοιύήν,
533 2990 549 3058 ἢ
569 2985 613 3044 τὸν
627 2985 803 3066 ἐπιτρέψαντα
820 3007 826 3020 ·
842 2989 856 3044 θ
871 2985 918 3064 μὲν
966 3009 996 3044 eo
1011 2994 1052 3044 eui
1066 2994 1124 3059 quis
1137 2992 1259 3053 credidit,
1275 2995 1436 3056 atcumque
1451 3003 1496 3040 sua
1507 2989 1713 3050 communicarit,
1727 3005 1758 3042 ex

129 3074 180 3152 γὰρ
205 3073 346 3155 ἐπιτρέψας
366 3097 404 3152 τῳ
427 3074 561 3156 δεχομένῳ
591 3074 752 3156 ψηρίσιτοι·
779 3073 839 3155 περὶ
865 3079 918 3135 τῶν
966 3087 1038 3147 pacto
1051 3082 1132 3134 decidi
1141 3081 1253 3146 jubeant.
1272 3081 1379 3132 densent
1392 3080 1457 3130 enim
1474 3079 1571 3144 aquius
1587 3093 1650 3142 esse,
1665 3083 1694 3130 ut
1705 3079 1756 3140 iile,

129 3166 225 3222 ἑαυτοῦ
241 3161 268 3220 δὲ
280 3163 363 3229 οὐδεὶς
381 3162 529 3232 ἀξιόπιστός
552 3167 607 3222 ἐστι
623 3165 722 3240 κριτής.
744 3162 791 3230 Ὡς
808 3162 859 3244 γάρ
874 3165 918 3224 tut
965 3171 1007 3221 cui
1019 3175 1052 3225 ab
1068 3161 1140 3222 initio
1154 3170 1287 3222 commissa
1297 3184 1337 3221 ras
1353 3173 1407 3228 est,
1422 3169 1454 3220 de
1476 3167 1674 3220 remuneratione
1689 3167 1757 3232 judi-

128 3252 158 3310 τὸ
170 3255 294 3313 πλεῖστον
317 3252 351 3310 τά
373 3253 475 3325 οίκεῖα,
492 3252 568 3312 naid
591 3253 695 3311 δίδωσιν
712 3252 835 3328 ἕκαστος,
855 3258 918 3315 πολ·
965 3265 1012 3320 cet,
1024 3275 1100 3326 quarn
1114 3261 1159 3329 qui
1172 3261 1296 3312 commisit
1308 3279 1315 3311 :
1328 3259 1447 3310 nimirum
1463 3258 1508 3324 qui
1528 3253 1652 3309 commisit
1669 3257 1691 3308 ei
1710 3257 1755 3323 qui

128 3343 176 3401 λοῦ
192 3340 251 3409 ἀξια
266 3340 385 3416 νομίζει·
403 3345 416 3399 δ
432 3341 458 3398 δὲ
479 3340 632 3420 ἐπιτραπεὶς
649 3339 724 3408 τάξαι
740 3341 786 3412 τήν
801 3341 914 3418 ἀμοιύήν
966 3350 1059 3418 accepit
1074 3348 1253 3414 suffragabitur
1275 3367 1282 3399 ι
1304 3353 1331 3399 at
1349 3361 1450 3399 suarum
1467 3361 1552 3398 rerum
1567 3361 1639 3398 nenio
1651 3346 1700 3397 side
1714 3346 1754 3397 di·-

127 3421 165 3488 ὧν
180 3430 286 3508 δέχεται
300 3433 470 3509 εὐεργεσιῶν,
492 3429 536 3489 sit
553 3429 660 3507 ὕστερον
682 3431 830 3509 πράγματα
844 3434 915 3512 αὐτῷ
964 3454 1027 3503 gnus
1039 3440 1176 3490 aestimator
1188 3443 1235 3490 est.
1248 3438 1468 3503 dempturumque
1482 3451 1529 3486 sua
1538 3436 1645 3501 quisque
1657 3437 1683 3486 et
1696 3449 1754 3500 qua

127 3519 235 3598 παρέχη
251 3519 435 3590 ὁκοινωνήσας
451 3521 502 3574 τῶν
518 3521 610 3576 ἑαυτοῦ
627 3521 661 3584 ὡς
678 3519 724 3578 οὐκ
752 3519 934 3597 ἀξίωςάμειχ
964 3530 1071 3594 quisque
1083 3529 1142 3591 dat,
1169 3529 1253 3594 magni
1272 3529 1398 3580 aestimare
1413 3527 1497 3578 solet:
1516 3526 1558 3577 cui
1578 3539 1637 3576 nero
1651 3524 1757 3590 permis·

126 3608 254 3689 ψαμένιμ,
274 3606 383 3665 δύναται
401 3605 497 3686 κρίνειν
512 3608 609 3686 ὀρθῶς,
627 3608 793 3686 χρησάμενος
817 3619 874 3678 ταῖς
889 3609 916 3678 έξ
963 3633 1020 3669 sum
1031 3622 1084 3678 est.
1099 3623 1222 3670 uteorum
1239 3631 1297 3684 qua
1310 3616 1404 3681 accepit
1423 3615 1598 3666 beneficiorum
1610 3627 1754 3664 remunera·

128 3700 215 3778 ἀρχῆς
230 3694 383 3769 συνθήκαις,
399 3695 429 3764 ἃς
453 3686 526 3762 ούτύς
553 3719 582 3755 τε
610 3697 806 3772 διωμολόγησε,
828 3699 915 3757 κάκεῖ·
965 3708 1057 3760 tionem
1080 3709 1231 3769 constituat,
1248 3707 1270 3758 si
1291 3710 1377 3773 postca
1398 3704 1539 3755 molestiam
1554 3703 1591 3776 ilii
1610 3702 1753 3752 exhibuerit

126 3785 195 3854 νοςἀ
220 3783 401 3845 συνέθετο·ού
426 3783 477 3864 γδιρ
501 3784 563 3844 ὅσου
589 3790 634 3843 νῦν
650 3783 710 3854 ἀξια
731 3785 828 3862 νομίζει
849 3787 917 3864 μετά
964 3810 1066 3848 suarum
1081 3810 1165 3847 rerum
1187 3795 1290 3859 largitor
1312 3797 1399 3859 utpote
1418 3792 1508 3843 merita
1524 3805 1573 3841 non
1593 3789 1655 3840 satis
1673 3787 1755 3854 dignis

126 3875 157 3935 τὸ
180 3873 288 3948 λαθεῖν,
306 3879 422 3934 τοσαῦτα
438 3871 562 3953 παρέξει,
581 3872 641 3933 ἀλλ’
656 3873 722 3934 ὅσων
739 3873 817 3954 ἐτίμα
834 3875 916 3953 μήπω
964 3883 1087 3936 beneticiis
1108 3884 1285 3950 compensanti,
1302 3887 1370 3934 recte
1390 3880 1503 3946 judicare
1520 3877 1612 3944 poterit
1630 3891 1660 3928 ex
1680 3879 1754 3942 pacto

126 3963 229 4025 λαύών.
967 3973 1035 4038 quod
1047 3971 1118 4024 initio
1130 3971 1226 4022 factum
1238 3973 1276 4022 est
1290 3970 1408 4035 qruodque
1426 3967 1492 4018 iuter
1507 3967 1590 4031 ipsum
1605 3969 1630 4016 et
1646 3965 1753 4016 atterum

168 4053 296 4131 (Scripsi
317 4075 323 4110 ι
350 4058 363 4086 ³
388 4051 489 4118 Μισθὸς
515 4053 537 4110 δ’
561 4052 634 4132 ἀνδρί
656 4051 745 4132 άρκιος
766 4053 825 4134 είη]
850 4077 924 4114 cum·
963 4063 1078 4113 convenit
1093 4073 1100 4105 =
1117 4075 1165 4112 non
1177 4060 1242 4112 enim
1254 4059 1342 4126 quanti
1356 4072 1422 4109 nunc
1432 4057 1541 4109 estimat
1553 4055 1672 4107 benefitia
1684 4059 1753 4120 post-

126 4144 218 4214 codd3
233 4163 337 4202 versus
355 4143 466 4218 integer
488 4143 607 4220 Hesiodi
622 4157 666 4202 est
684 4142 739 4222 Op.
758 4159 788 4202 et
803 4146 839 4206 l).
858 4147 915 4205 368
963 4167 1040 4219 quam
1054 4151 1158 4216 accepit,
1170 4151 1214 4202 scd
1225 4150 1351 4216 quantiea
1363 4148 1500 4200 estimavit
1512 4147 1663 4212 priusquam
1678 4160 1753 4197 acee-

127 4321 196 4380 cod.
211 4321 245 4378 οί.
262 4325 328 4364 -0
352 4319 490 4400 τάργύριον
505 4319 511 4401 Ι
537 4322 628 4398 vulgo
644 4321 671 4380 τ’
687 4322 821 4404 ἀργύριον.
837 4357 878 4372 -
902 4323 916 4362 ‘¹

125 4411 266 4486 κάκεῖνος]
283 4409 373 4486 vulgo
387 4410 517 4490 κάκεῖνος.
532 4407 591 4490 -)

452 4598 518 4673 Κεφ.
544 4595 580 4673 γ’.
1296 4605 1357 4671 Gap.
1375 4605 1420 4656 111.
1481 4628 1485 4636 ¹

378 4765 439 4815 Τίνα
453 4765 514 4814 τίσιν
525 4765 663 4817 ἀποδοτέον.
1186 4774 1243 4824 oua
1256 4772 1338 4829 quibua
1352 4771 1399 4816 sint
1407 4767 1535 4815 tribuenda.

170 4917 195 4942 '⁴'
211 4917 263 4978 Καὶ
278 4921 362 4976 ταῦτα
376 4913 423 4991 μὲν
434 4918 469 4983 εἶς
484 4921 617 4979 τοσοῦτον.
635 4917 770 4992 Ζητητέον
780 4918 807 4978 δὲ
823 4921 912 4979 κάκεῖ·
992 4933 1024 4981 nt
1036 4931 1090 4981 hac
1098 4927 1202 4994 quidem
1214 4927 1341 4980 hactenus.
1358 4931 1403 4979 Est
1420 4931 1505 4979 autern
1515 4931 1540 4979 et
1555 4927 1618 4980 iliud
1631 4941 1747 4994 quaeren-

127 5032 157 5068 νο
171 5015 199 5042 '¹
214 5009 322 5088 πότερον
337 5003 390 5072 τοῖς
413 5005 582 5083 τιμιωτάτοις
604 5006 651 5065 καί
667 5007 802 5089 φιλτάτοις
826 5008 913 5069 πάντα
961 5019 1037 5080 dum,
1054 5022 1140 5070 utrum
1161 5017 1221 5069 viris
1242 5017 1440 5070 honoratissimis
1461 5019 1488 5069 et
1509 5016 1645 5069 carissimis
1664 5017 1748 5068 omnia

160 5237 174 5268 '¹¹‘
187 5241 227 5299 Μή
238 5237 350 5296 τοιαύτης
364 5234 470 5295 δὀὔσης
482 5241 524 5294 τῆς
538 5235 646 5298 δύσεως,
659 5237 712 5286 κτλ.
728 5261 758 5273 -
770 5236 799 5266 *⁴¹
810 5237 869 5299 Gap.
884 5241 906 5286 2.
925 5233 1036 5301 Ἀπορίαν
1052 5236 1073 5285 δ’
1089 5234 1140 5302 ἔχει
1157 5235 1198 5284 καί
1211 5233 1242 5285 τὰ
1253 5233 1337 5286 τοιάδε
1348 5269 1355 5298 ,
1367 5235 1421 5286 κτλ.
