3934 5956
508 443 736 508 ETHICORUM
757 444 1101 508 NICOMACHEORUM
1122 447 1410 511 PARAPHRASIS.
1577 459 1581 470 '
1700 459 1759 518 325

154 579 295 659 εὐδαίμονα
308 579 394 658 λίγειν
401 622 410 652 ,
419 577 447 647 δς
460 587 519 637 κατ’
534 577 627 660 ἀρετλν
639 579 686 658 μίν
698 579 799 638 τελείαν
817 580 932 661 ἐνεργεῖ,
979 587 1088 639 dictatus
1103 588 1136 640 ad
1144 589 1289 642 felicitatem
1297 591 1396 653 redeat,
1413 593 1533 659 bonisque
1542 597 1650 648 externis
1663 597 1760 649 medio·

154 669 321 750 δυστυχήσας
335 669 362 728 δὲ
375 676 427 736 τοῖς
437 667 528 737 ἔξωθεν
537 670 617 730 πόλιν
629 669 722 741 aleris
737 669 860 750 ιίιτυχίαν
873 671 935 728 ἀπα·
980 676 1056 728 uriter
1070 676 1208 729 instructus
1222 679 1269 741 sit,
1282 694 1331 730 non
1345 680 1377 732 ad
1393 681 1522 746 quodlibet
1534 685 1644 748 tempus,
1656 685 1700 735 sed
1715 699 1761 736 ua·

154 760 321 832 νελεύσεται,
337 747 383 817 καλ
394 759 490 825 ίκανῶς
500 757 550 816 θπδ
568 761 620 817 τῶν
636 757 709 826 ίκτδς
724 759 934 841 χορηγηθήσεται
981 778 1031 830 que
1041 765 1073 816 ud
1086 766 1147 816 rita
1163 767 1250 828 finem,
1262 769 1369 834 talisque
1380 772 1405 820 et
1416 773 1502 834 postea
1517 771 1588 822 duat
1601 775 1627 822 et
1644 772 1762 838 sapientis

154 851 270 926 ἀγαθῶν,
283 848 313 907 οὐ
324 848 369 906 τὸν
380 845 494 927 τυχόντα
504 846 610 926 χρόνον,
619 845 687 905 ἀλλά
697 845 740 904 τὸν
753 845 833 928 μέχρι
844 844 935 906 τελευὲ
979 853 1006 903 in
1021 853 1123 906 modum
1140 857 1278 908 moriatur?
1295 858 1408 924 Adjungo
1419 861 1502 911 autern
1517 863 1543 911 et
1560 863 1663 912 externa
1680 861 1759 921 bonu,

136 933 218 1014 ἧς,
244 937 290 996 καί
306 935 470 1016 βιωσόμενος
488 933 557 994 ούτω
570 933 729 1006 τελευτήσας
749 933 818 993 κατά
840 935 931 1011 λόγον·
979 943 1345 1008 quiahumanarumaotlonum
1353 947 1409 998 finis
1420 951 1459 999 est
1469 947 1581 1008 felicitas,
1592 963 1622 1000 ao
1632 935 1762 1014 propterea

162 1025 325 1105 προστίθημι
340 1025 367 1083 tl
382 1024 428 1083 καί
440 1023 475 1084 τά
489 1023 581 1092 ἔξωθεν
603 1025 709 1102 ἀγαθοί,
729 1022 773 1082 διά
789 1022 820 1081 τθ
832 1021 881 1093 τλν
895 1022 936 1080 εὖ·
979 1032 1119 1096 perlectum
1137 1047 1191 1086 esso
1209 1017 1284 1087 debet
1306 1036 1354 1086 hoo
1372 1037 1465 1087 bonum
1486 1038 1628 1102 noquonlla
1643 1051 1674 1088 ex
1690 1039 1760 1102 purte

155 1113 291 1191 δαιμονίαν
306 1111 380 1180 τίλας
395 1103 463 1170 εἶναι
485 1115 537 1170 τῶν
552 1110 721 1191 ἀνθρωπίνων
737 1109 873 1193 πρόξεων,
889 1107 935 1168 καί
980 1135 1104 1173 maneum.
1123 1125 1186 1181 Qum
1197 1137 1276 1188 quum
1291 1125 1328 1174 ils
1348 1125 1411 1184 sint,
1426 1127 1513 1177 beatos
1530 1141 1579 1176 non
1591 1129 1647 1192 post
1664 1126 1761 1176 obitum

154 1201 199 1262 διά
213 1207 289 1262 τοῦτο
303 1201 446 1282 προσήκειν
460 1200 557 1260 τέλειον
575 1201 671 1276 ἀγαθδν
686 1189 809 1258 εἶναικαὶ
822 1195 933 1276 μηδενός
980 1208 1104 1269 dieamus,
1125 1210 1169 1261 sed
1178 1210 1240 1261 dum
1253 1212 1344 1262 vivunt
1361 1212 1443 1263 adhuc
1458 1227 1501 1264 eos
1512 1213 1703 1278 appellabimus,
1717 1214 1761 1278 qui

153 1289 291 1351 ίλλείπειν.
305 1291 339 1349 Εἰ
353 1290 381 1348 δὲ
400 1294 478 1348 τοῦτο
493 1288 587 1361 οὕτως,
608 1289 638 1347 αθ
658 1287 726 1365 μετὰ
748 1285 797 1359 τλν
810 1283 934 1355 volout-lv
980 1297 1110 1348 habentet
1130 1299 1258 1350 habebunt
1275 1313 1305 1350 ea
1323 1313 1381 1365 qum
1399 1301 1496 1352 anobis
1517 1315 1591 1366 supra
1612 1301 1679 1352 diota
1693 1305 1760 1352 sunt.

156 1378 339 1459 μακαρίσομεν
354 1378 413 1446 τοὺς
427 1376 601 1454 εὐδαίμονας,
623 1377 693 1436 ἀλλά
709 1379 808 1446 ζῶντας
823 1375 877 1448 ίτι,
898 1365 936 1440 οἷς
981 1388 1162 1439 Βεαίοααιιίειιι
1174 1389 1350 1453 praedicamus,
1364 1393 1394 1440 ul
1404 1391 1528 1450 homines,
1545 1391 1699 1442 beatitudine
1713 1391 1762 1441 hu·

155 1465 270 1545 θπάρχει
282 1468 327 1527 καλ
342 1465 451 1546 ὓπόρξει
466 1466 500 1526 τά
513 1463 653 1546 λεχθέντα.
669 1464 823 1544 Μακαρίους
839 1463 884 1536 δί,
900 1465 936 1530 όνς
981 1487 1065 1533 marra,
1085 1489 1143 1540 quaa
1155 1477 1324 1541 nonnndiquo
1334 1476 1666 1542 perlectumhabetbonum.
1681 1481 1762 1543 Atque

156 1552 308 1632 ἀνθρώπους
332 1554 380 1625 τὴν
408 1553 573 1634 ἀνθρωπίνην
595 1552 793 1633 μακαριότητα,
822 1551 880 1623 ἥτις
905 1553 935 1610 οὗ
981 1562 1331 1628 hmcquidemdelelioitate,
1344 1581 1420 1630 quam
1438 1581 1488 1617 uon
1501 1567 1622 1626 mortuis,
1637 1567 1682 1618 sod
1697 1566 1762 1616 viris

157 1641 243 1722 πόντῃ
259 1642 355 1702 τίλειον
370 1644 424 1722 ἔχει
434 1642 464 1702 xl
475 1640 583 1720 ἀγαθόν.
602 1643 655 1701 Καὶ
669 1641 756 1718 τὸμὲν
771 1642 811 1702 ότι
822 1642 860 1700 δεῖ
873 1643 936 1709 ζῶν·
980 1651 1136 1703 tribuendum
1147 1665 1200 1704 esse
1211 1655 1343 1717 putamus,
1358 1653 1424 1703 diota
1436 1653 1486 1704 siut
1494 1654 1623 1704 haetenus.

155 1754 202 1798 τας
225 1731 284 1799 τοὺς
307 1730 461 1808 εὐδαίμονας
486 1727 662 1809 μακαρίζειν,
682 1729 726 1789 ἀντί
752 1732 873 1788 τοσοῦτον
895 1735 935 1786 εῖ-

195 1908 325 1988 (Scripsi
340 1931 347 1966 ι
370 1915 381 1944 ¹
399 1906 675 1986 συνακολουθοίημεν]
691 1909 760 1967 cod.
778 1908 936 1965 συνακολου-

155 1997 271 2075 θιίημεν.
298 1999 364 2044 -b
378 1999 426 2077 γε]
442 2001 531 2073 vulgo
546 1994 600 2074 ὅγε.
616 2001 677 2041 -⁰
698 1995 777 2072 μόνον
799 1997 828 2054 ού
843 1995 931 2072 μανιοί-

156 2087 223 2168 ριος]
239 2088 303 2148 cod.
318 2084 428 2164 μονονοὺ
444 2085 583 2165 μακάριος.
597 2082 653 2164 -)

475 2259 544 2338 Κερ.
568 2261 614 2331 ιη’.
1292 2268 1352 2332 (lap.
1370 2269 1460 2320 xv111.

156 2426 184 2474 El
193 2428 339 2474 κοινωνοῦσι
350 2429 393 2484 τῆς
409 2423 482 2488 τύχης
491 2424 542 2544 ego
555 2422 685 2554 ρρρογόνων
703 2427 725 2472 ol
737 2421 853 2488 μακάριοι
874 2418 937 2484 μετὰ
1022 2429 1081 2475 llum
1095 2428 1156 2472 beall
1170 2429 1222 2484 post
1235 2427 1326 2474 obitum
1335 2431 1481 2484 posterorum
1492 2428 1591 2474 torturus
1600 2431 1724 2488 partlolpes

486 2511 500 2544 τ
528 2511 555 2544 εν
588 2511 612 2544 ν.
1340 2499 1404 2545 θεοί.

200 2641 215 2672 ⁸
232 2635 383 2707 Ῥητέονδί
403 2634 467 2714 πρὸς
478 2633 526 2705 τὴν
548 2633 631 2706 ἀλλην
646 2631 774 2711 ἀπορίαν,
795 2633 819 2690 εί
841 2632 870 2690 ίκ
885 2633 937 2689 τῶν
1013 2633 1051 2684 ld
1062 2633 1165 2684 alteram
1176 2647 1237 2683 vero
1247 2633 1423 2698 quaestionem,
1440 2633 1599 2697 perveniatur
1614 2647 1645 2684 ex
1656 2633 1764 2684 inlelroi-

159 2722 293 2801 ἀπογόνων
309 2721 505 2802 δυστυχούντων
523 2724 541 2794 ἢ
562 2725 615 2780 τῶν
635 2720 716 2801 ρίλων
757 2719 843 2798 είρονα
868 2716 937 2786 δόξει
982 2726 1034 2773 ote
1053 2725 1210 2788 posterorum
1229 2724 1273 2772 aut
1286 2721 1422 2771 amicorum
1441 2722 1525 2786 aliqua
1547 2722 1579 2772 ad
1599 2723 1685 2774 beatos
1702 2724 1766 2774 oola-

157 2819 209 2878 τοῖς
223 2811 362 2891 μακαρίοις
385 2812 418 2871 sd
433 2811 591 2891 πράγματα.
608 2809 648 2870 Τθ
672 2809 720 2886 μὲν
737 2831 781 2866 ουν
797 2807 937 2883 μηδοτιοῦν
982 2813 1071 2874 milas,
1083 2825 1150 2862 nunc
1162 2810 1362 2878 respondendum
1373 2810 1429 2862 erit.
1447 2813 1502 2861 Jam
1515 2825 1576 2862 varo
1590 2812 1690 2862 omniuo
1701 2813 1764 2864 nihil

157 2901 249 2958 ἀετῶν
263 2898 398 2976 ἀπογόνων
412 2895 429 2968 ἦ
442 2895 529 2965 ἄλλως
544 2895 645 2956 οἰκείων
662 2898 697 2962 είς
710 2894 769 2962 τοὺς
784 2893 938 2972 εὐδαίμονας
982 2899 1121 2964 aposteris
1141 2899 1229 2950 aliisve
1246 2899 1391 2964 propinquis
1409 2899 1462 2950 sire
1483 2913 1657 2964 prosperarum
1681 2914 1766 2952 rerum

157 2983 312 3068 ίρχεσθαιῆ
337 2983 488 3066 εθτυχίαςῆ
509 2983 666 3064 δυστυχίας,
692 2981 866 3055 ἀκοινώνητόν
883 2985 938 3042 ε’στι
982 2995 1036 3045 sivo
1054 2992 1215 3044 adversarum
1234 2993 1265 3042 ad
1284 2992 1371 3042 beatos
1394 2991 1536 3056 pervenire,
1559 2992 1764 3044 acommuniouo

157 3073 203 3132 καὶ
231 3075 367 3153 ἀλλότριον
394 3075 446 3131 τῶν
477 3070 656 3150 ἀνθρωπίνων·
693 3070 859 3150 (κοινωνικὸν
888 3071 938 3150 γάρ
982 3081 1133 3132 abhorretet
1148 3079 1765 3142 mnditionolnumanazlnomadeommunllatem

158 3167 172 3222 ὁ
187 3161 348 3242 ἄνθρωπος)
365 3160 410 3219 καλ
424 3161 487 3242 πρός
505 3183 534 3238 γε
548 3159 587 3218 ἔτι
608 3159 654 3218 καθ
668 3161 726 3227 ταῖς
738 3167 835 3226 κοιναῖς
854 3158 939 3227 δόξαις
983 3173 1057 3221 natus
1069 3171 1108 3220 est
1118 3170 1193 3220 homo
1205 3184 1210 3216 :
1221 3169 1229 3232 )
1239 3168 1282 3220 sod
1293 3172 1318 3220 et
1327 3183 1385 3219 cum
1396 3168 1510 3233 opinione
1523 3171 1647 3220 oommuni
1657 3173 1764 3234 pugnat:

157 3254 282 3314 ἐναντίον·
295 3251 369 3312 κοινά
383 3251 434 3331 γάρ
449 3251 483 3310 τά
502 3255 555 3314 τῶν
578 3251 660 3331 φίλων
681 3243 748 3311 ε’ίναι
769 3261 834 3310 πᾶσι
856 3253 935 3312 δοκεῖ.
983 3258 1098 3308 omnibus
1115 3258 1182 3308 enlm
1202 3258 1309 3318 videtur,
1322 3258 1462 3308 communia
1481 3271 1535 3309 esse
1555 3271 1612 3323 quaa
1631 3259 1765 3311 amisorum

159 3345 271 3404 Πολλῶν
284 3342 311 3401 δὲ
327 3341 408 3401 όντων
423 3343 475 3398 τῶν
488 3339 686 3417 συμόαινόντων
699 3341 753 3408 τοῖς
770 3341 873 3408 οἰκείοις
886 3343 938 3400 τῶν
985 3349 1044 3398 sunt
1069 3349 1165 3397 cuncta.
1195 3349 1278 3404 Quum
1294 3359 1353 3396 vero
1376 3346 1456 3396 multa
1473 3346 1602 3398 bealorum
1622 3349 1768 3413 propinquis

159 3430 318 3510 pansopius,
330 3429 375 3488 καί
390 3428 515 3496 παντοίας
537 3427 653 3508 ἐχόντων
675 3429 815 3511 διαροράς,
828 3428 873 3487 καλ
887 3432 939 3488 τῶν
983 3435 1111 3494 evomunt,
1125 3448 1205 3499 eaque
1222 3434 1277 3498 ipsa
1296 3433 1427 3484 dissimilia
1448 3434 1498 3484 siut
1514 3439 1539 3485 et
1558 3435 1672 3498 diversa,
1690 3437 1768 3488 itaut

160 3521 206 3598 μὲν
221 3522 321 3598 μᾶλλον
334 3517 525 3578 συντελούντων
541 3521 575 3584 είς
589 3516 637 3589 τὴν
653 3517 835 3594 εὐδαιμονίαν,
849 3521 901 3577 τῶν
912 3517 939 3576 dl
984 3522 1100 3589 mmmm
1112 3523 1202 3587 magis,
1219 3522 1266 3572 alla
1280 3523 1362 3573 minus
1373 3522 1406 3573 ad
1415 3522 1560 3574 felicitatem
1578 3523 1719 3586 conterant,
1732 3526 1767 3576 si-

159 3601 255 3686 ἦττον,
269 3607 299 3666 τθ
316 3607 364 3684 μὲν
383 3605 452 3666 κατά
465 3607 542 3686 μίρος
555 3608 663 3686 διαιρεῖν
677 3606 758 3684 αὐτό,
778 3607 879 3686 μακρὸν
894 3607 940 3667 καί
984 3613 1088 3678 gillotim
1101 3627 1130 3664 es
1141 3612 1293 3676 distinguere
1303 3613 1403 3676 longum
1413 3616 1439 3664 et
1452 3613 1577 3664 inlinitum
1589 3615 1701 3676 videtum
1714 3615 1767 3666 uui·

160 3697 267 3776 ἄπειρον
279 3694 410 3778 ραίνεται·
426 3697 449 3753 εί
466 3693 493 3752 δὲ
509 3698 656 3774 ὁλοσχερῶς
667 3696 713 3754 καί
731 3698 765 3763 ῶς
778 3699 804 3755 ἐν
817 3695 892 3777 τύπῳ
905 3695 941 3754 εί·
984 3715 1057 3753 verse
1070 3704 1154 3752 aulem
1167 3700 1296 3751 ostendere
1314 3714 1343 3752 αο
1352 3701 1422 3752 velut
1435 3701 1492 3751 rudi
1502 3701 1608 3765 imagine
1617 3703 1768 3755 adumbrare

159 3808 255 3862 ποιμεν
270 3783 330 3864 περὶ
344 3787 439 3853 αὐτῶν,
453 3783 542 3842 ίκανθν
553 3783 584 3841 ἀν
594 3783 645 3856 είη.
661 3785 840 3864 ἀναιρήσομεν
854 3785 941 3844 τοίνυν
985 3789 1153 3840 forsitansotis
1164 3787 1248 3839 luerit.
1258 3789 1446 3852 Distinguomus
1455 3789 1666 3852 ergohreoeliam,
1677 3803 1768 3853 quem-

160 3873 205 3930 καὶ
226 3877 328 3943 ταῦτα,
350 3873 469 3950 καθάπερ
490 3870 524 3928 τά
550 3871 729 3946 συμόαίνοντα
748 3871 941 3952 δυστυχήματα
985 3875 1120 3927 admodum
1149 3879 1175 3925 et
1207 3875 1316 3940 reliqua,
1350 3878 1402 3925 tom
1424 3876 1532 3926 secundo
1552 3889 1628 3939 quam
1649 3877 1766 3938 adversa,

159 3966 211 4025 τοῖς
230 3957 384 4038 μακαρίοις,
398 3957 483 4018 ότιτά
498 3956 545 4034 μὲν
562 3959 666 4036 μεγάλα
681 3959 726 4018 καί
741 3959 879 4040 ἀξιόλογα,
895 3961 941 4020 καλ
985 3979 1043 4030 qum
1056 3963 1173 4015 eveniunt
1195 3963 1289 4022 bsatls,
1308 3965 1337 4012 ul
1357 3962 1406 4012 alia
1425 3976 1479 4013 esse
1499 3961 1612 4015 dicamus
1633 3979 1722 4028 magna
1742 3971 1769 4018 ot

162 4046 240 4128 βόρος
254 4046 309 4126 ἔχει
321 4047 386 4126 πρδς
398 4047 441 4106 τάν
457 4046 530 4126 βίον,
546 4047 580 4104 τά
594 4046 621 4104 δὲ
639 4047 721 4126 μικρά
736 4048 781 4106 καὶ
801 4047 941 4128 ἐλαφρότε-
985 4053 1087 4110 eximia.
1109 4064 1167 4116 quar
1182 4049 1279 4116 pondus
1296 4051 1398 4116 aliquod
1419 4054 1445 4102 et
1464 4055 1618 4103 momentum
1640 4053 1672 4105 ad
1689 4055 1768 4107 vitam

162 4159 204 4214 ρα.
217 4133 297 4216 Ἔχει
311 4135 338 4194 δὲ
350 4136 492 4215 διαρορόν,
506 4134 555 4194 ὅσα
570 4135 674 4203 ζώντων
688 4135 727 4194 ἔτι
741 4141 791 4196 τῶν
803 4137 941 4218 μακαρίων
986 4141 1102 4200 habeant,
1115 4139 1163 4190 alla
1173 4153 1249 4203 parva
1258 4143 1283 4190 ot
1295 4139 1396 4191 leviora.
1409 4141 1459 4191 Sed
1469 4141 1534 4192 inter
1546 4156 1593 4202 ras¹
1605 4157 1663 4208 qum
1675 4159 1768 4208 quum·

161 4231 212 4290 τοῖς
230 4223 333 4290 οίκείοις
352 4223 507 4300 συμόαίνιι,
528 4226 579 4281 τῶν
599 4223 796 4301 συμόαινόντων
812 4229 879 4303 μετὰ
893 4225 940 4300 τὴν
985 4229 1030 4282 diu
1054 4229 1143 4280 vivunt
1166 4228 1249 4288 beati,
1272 4243 1358 4279 eorum
1378 4231 1522 4296 propinquis
1545 4233 1674 4293 eveniunt,
1694 4237 1769 4300 atque

162 4313 246 4370 αὐτῶν
269 4313 407 4383 τελευτήν,
430 4311 494 4383 όσην
514 4308 570 4390 ίχει
594 4311 628 4369 τά
652 4313 678 4369 ἀν
700 4320 757 4379 ταῖς
781 4313 940 4391 τραγῳδίαις
985 4319 1051 4369 luter
1064 4332 1118 4378 eas,
1132 4332 1191 4383 qum
1203 4320 1260 4383 post
1274 4318 1374 4369 illorum
1383 4319 1480 4370 obitum
1492 4319 1523 4371 ils
1535 4321 1657 4382 assidunt,
1671 4325 1768 4374 tontum

162 4399 329 4478 πλαττόμενα
343 4397 413 4458 κακά
425 4401 477 4456 τῶν
486 4398 708 4479 προϋπαρξάντων
719 4400 893 4480 πραγμάτων,
904 4395 941 4462 ῶν
985 4407 1102 4466 interest,
1111 4409 1233 4471 quantum
1245 4405 1310 4456 inter
1318 4406 1384 4456 mala
1394 4406 1421 4456 in
1430 4407 1555 4471 trogmdiis
1570 4408 1628 4459 llota
1642 4412 1667 4459 el
1680 4413 1769 4462 eventa

164 4490 247 4544 ταῦτα
262 4486 345 4546 σκιαί.
985 4496 1051 4561 ipsa,
1066 4497 1348 4562 qnorumhaactunlum
1359 4496 1533 4549 umbrrsaunt.

203 4575 232 4606 ⁴¹*
244 4573 378 4636 Σκεπτίον
388 4567 431 4635 ούν
444 4573 503 4654 περὶ
517 4577 564 4646 τῆς
579 4576 712 4656 διαροράς.
724 4577 830 4636 Βέλτιον
842 4575 870 4636 al
885 4579 941 4644 ίση
1016 4583 1158 4635 Videndum
1170 4584 1254 4646 igitur,
1269 4585 1351 4648 qualis
1363 4585 1463 4635 illarum
1477 4601 1561 4638 rerum
1569 4585 1713 4638 differentia
1724 4586 1766 4639 slt.

163 4664 308 4745 σκέψασθαι
328 4666 350 4722 εί
372 4668 538 4722 κοινωνοῦσιν
566 4667 591 4724 οἱ
616 4664 741 4744 μακόριοι
758 4665 812 4732 τοῖς
837 4667 940 4735 οἰκείοις
986 4673 1075 4724 Melius
1088 4676 1172 4723 autern
1183 4675 1221 4722 ost
1229 4686 1354 4737 qumrere.
1368 4687 1428 4724 num
1440 4675 1507 4724 baali
1519 4677 1576 4739 post
1588 4677 1694 4726 mortem
1709 4688 1768 4739 pro-

163 4751 230 4830 μετά
244 4752 367 4826 τελευτὴν
384 4757 431 4823 τῆς
453 4754 544 4831 τύχης.
566 4751 698 4813 Φαίνεται
722 4753 824 4828 τοίνυν,
839 4755 894 4830 δτι,
919 4760 941 4816 εί
985 4762 1135 4824 pinquorum
1148 4757 1254 4809 tertuum
1266 4759 1398 4824 participes
1410 4761 1467 4810 sint.
1479 4763 1585 4826 llpparet
1596 4775 1677 4825 porro,
1694 4763 1768 4813 etiem

162 4842 207 4900 καί
219 4841 325 4922 ἔρχεταί
338 4865 363 4900 τι
377 4841 441 4921 πρδς
455 4840 546 4908 αιἰτοδς
560 4841 612 4900 ἀπὸ
628 4842 744 4914 τούτων,
761 4843 813 4902 είτε
829 4845 939 4923 ἀγαθόν,
986 4849 1006 4898 si
1020 4846 1081 4911 quid
1105 4846 1137 4896 ad
1149 4860 1191 4897 eos
1206 4847 1239 4898 ab
1254 4847 1294 4896 his
1313 4848 1452 4910 perveniat,
1477 4848 1530 4899 sive
1552 4848 1644 4898 bouum
1667 4849 1699 4898 slt
1715 4849 1768 4902 sivo

164 4930 214 4990 είτι
226 4933 324 5009 ραῶλον
330 4975 340 5005 ,
352 4929 457 4996 ἀσθενὲς
472 4928 580 5006 μέντοι·
592 4931 637 4990 καί
649 4929 750 5009 μικρόν.
766 4928 805 4991 Ἦ
821 4929 942 4989 διότικαὶ
986 4935 1093 4994 malum,
1108 4937 1191 4986 tumen
1204 4934 1258 4986 love
1266 4934 1315 4984 hoo
1327 4937 1353 4984 et
1366 4934 1484 4998 exiguum
1496 4947 1550 4986 esso
1567 4950 1574 4982 :
1591 4935 1632 4986 vel
1645 4934 1713 5000 quod
1723 4949 1768 5001 per

163 5023 195 5096 τῇ
211 5021 303 5077 ἑαυτοῦ
317 5018 392 5100 plan
408 5017 499 5096 μικρόν
512 5020 602 5090 ἔστιν,
617 5019 634 5090 ἦ
647 5019 753 5086 ἐκείνοις
767 5018 858 5098 μικρόν
871 5063 879 5096 ,
892 5017 941 5077 κάν
987 5039 1014 5078 se
1023 5027 1078 5078 lere
1093 5025 1127 5078 aa
1139 5028 1165 5078 et
1176 5026 1311 5090 exiguum.
1326 5025 1368 5078 vel
1382 5025 1450 5091 quod
1469 5027 1518 5077 illis
1533 5026 1566 5078 sit
1577 5026 1639 5085 tale,
1653 5027 1769 5091 quumvis

163 5105 233 5186 μίγα
247 5105 371 5186 ύποίρχῃ,
387 5105 429 5166 διά
444 5107 474 5165 τὸ
492 5105 529 5184 μὴ
546 5109 592 5178 ζῆν
607 5103 653 5178 τὴν
672 5109 784 5166 ε’νταῶθα
799 5106 878 5181 ζωήν.
901 5111 935 5170 El
987 5131 1031 5184 per
1043 5129 1071 5170 so
1084 5129 1202 5179 magnum
1209 5116 1256 5175 ait,
1270 5115 1330 5181 qula
1341 5115 1489 5168 exhaurite
1501 5115 1578 5168 semel
1591 5115 1766 5168 discesserunt.

194 5317 208 5348 ⁴
221 5317 281 5384 Gap.
296 5323 333 5370 ll.
351 5319 394 5381 τάς
410 5321 437 5372 δὲ
450 5322 499 5371 τῶν
512 5320 643 5386 ἀπογόνων
654 5322 707 5372 κτλ,
718 5345 750 5357 ·-
764 5322 794 5351 ’θ
806 5322 903 5374 Μᾶλλον
917 5323 938 5373 δ’
950 5317 1010 5380 ίσως
1021 5321 1050 5372 τδ
1065 5321 1234 5386 διαπορεῖσθαι
1246 5319 1300 5372 κτλ.
