3938 5968
494 329 720 395 ETHICORUM
741 331 1076 398 Niconncnnunrnr
1097 335 1378 404 Pannaflnnsrs.
1680 349 1738 409 ἀθά

111 461 155 524 ἀεὶ
166 467 227 534 τοῖς
242 463 389 546 εὐεργέταις
402 465 503 544 μᾶλλον
518 465 724 542 ἀνταποδοτέον,
735 465 752 542 ἢ
764 467 905 549 χαριστέον
956 478 1007 530 tius
1024 479 1232 540 remunerandos,
1255 494 1332 547 quam
1355 482 1443 534 amiur
1463 483 1654 549 gratificandum
1678 501 1742 539 csse.

110 559 167 620 τοῖς
179 553 279 635 φίλοις.
293 549 332 615 Ὃ
343 551 395 634 γδιρ
409 554 539 623 πολλάκις
551 545 623 616 εἶπον
631 559 658 618 ίν
671 561 726 626 τοῖς
742 558 907 641 ἔμπροσθεν,
955 566 1028 626 Quod
1038 569 1104 619 anim
1117 582 1183 634 smpe
1195 569 1221 620 in
1235 570 1408 635 superioribus
1420 573 1524 638 exposui
1535 612 1541 636 ‚
1557 574 1637 625 omnis
1648 589 1706 640 quoe
1720 576 1745 626 in

110 645 136 702 ot
147 643 274 723 raptabar
286 647 378 703 παθῶν
392 643 502 706 καὶτῶν
518 647 639 728 πράξεων
653 647 726 727 λόγοι
742 652 797 716 τοῖς
811 649 907 710 πάθεσι
954 652 1184 718 perturbationibus
1191 657 1217 705 et
1226 655 1366 707 actionibus
1375 656 1527 722 explicandis
1537 661 1651 709 versatur
1665 658 1746 710 oratio

110 731 160 792 καλ
170 742 231 803 ταῖς
241 733 367 814 πράξεσιν
378 736 570 812 ἀκολουθοῦσιν,
580 737 675 800 άλλοτε
688 738 775 808 άλλως
790 738 905 820 ἔχοντες,
953 741 1014 806 ipsis
1040 743 1271 808 perturbationibus
1294 747 1320 796 ct
1340 745 1480 798 actionibus
1507 747 1635 811 congruit,
1662 761 1742 814 quum

111 821 208 898 ῶσπερ
224 825 311 884 έκεῖνο
324 846 330 860 ·
344 825 388 885 καί
403 826 563 906 ὡρισμένους
573 827 635 912 aram
648 827 761 890 ἑκάστου
773 829 819 890 καὶ
835 831 908 911 άκρι·
954 844 1052 896 semper
1066 831 1128 884 anas
1139 831 1213 883 alitor
1223 832 1363 894 nohabont.
1377 837 1407 885 ut
1422 835 1473 886 illo
1489 852 1495 886 ι
1512 850 1590 901 quaro
1604 841 1634 888 ut
1643 836 1744 888 delinito

112 913 170 980 θεῖς
184 914 331 975 ἀποδοῦναι
351 917 380 974 ού
396 914 516 978 δυνατόν.
953 920 1011 986 quis
1022 923 1048 972 ot
1058 923 1175 973 accurate
1188 920 1221 972 de
1230 921 1333 986 singulis
1345 926 1415 988 agat.
1434 923 1488 975 lieri
1503 927 1602 976 omnino
1616 926 1712 992 nequit.

153 1001 171 1038 *
180 1000 249 1063 Ὀτι
264 1001 311 1082 μέν
322 993 365 1064 οόν
382 1005 412 1064 ού
427 1003 511 1063 ταθτδι
524 1013 605 1065 πᾶσιν
620 1006 761 1068 ἀποδοτέον
774 1050 783 1078 ,
795 1005 855 1066 οθδί
870 1008 907 1086 τῷ
984 1014 1107 1077 Ergonon
1120 1010 1207 1064 cadem
1220 1013 1337 1064 omnibus
1348 1027 1403 1066 osse
1417 1013 1564 1076 tribuenda,
1580 1030 1662 1082 ιιοιγιιο
1673 1015 1740 1081 μοιτί

109 1090 197 1174 πατρί
214 1090 318 1166 πάντα,
333 1092 452 1172 καθάπερ
473 1092 532 1152 otti
552 1097 591 1175 τῷ
615 1092 660 1156 Διῒ
684 1093 773 1155 πάντα
788 1095 904 1174 θύομεν,
953 1102 1043 1162 omnia,
1058 1101 1269 1166 quemadmodum
1279 1117 1324 1154 nec
1337 1103 1393 1154 iovi
1407 1105 1490 1155 omnia
1502 1104 1668 1166 immolamus,
1687 1119 1743 1156 ma-

110 1180 241 1262 φανερόν.
260 1181 338 1242 Ἐπεὶ
350 1183 377 1241 δὲ
390 1182 459 1242 άλλα
473 1182 520 1261 μὲν
536 1185 694 1266 ὀφείλομενθ
708 1192 762 1252 τοῖς
775 1189 905 1264 γονεῦσιν,
951 1189 1072 1242 nilcstum
1085 1195 1131 1243 ost.
1143 1179 1235 1250 Quum’
1244 1205 1304 1244 aero
1315 1191 1364 1243 alia
1377 1193 1529 1258 parentibus,
1544 1193 1592 1244 alia
1611 1193 1741 1256 fratribus,

109 1270 192 1352 έτεροι
208 1271 238 1332 al
248 1280 300 1341 τοῖς
310 1273 439 1357 ἀδελφοῖς,
452 1273 497 1332 καί
509 1273 578 1333 ἄλλα
589 1277 642 1344 τοῖς
652 1272 906 1357 εύεργέταιςῆἑταί-
952 1279 1000 1330 alia
1014 1279 1192 1331 beneficiorum
1207 1280 1367 1346 largitoribus
1384 1285 1429 1331 aut
1448 1281 1575 1333 sodalibus
1591 1281 1740 1346 debeamus,

109 1385 185 1440 ροις,
201 1360 384 1437 άπονεμητέον
400 1360 519 1429 ἑκάστοις
539 1361 574 1422 τὰ
589 1363 674 1423 οἰκεῖα
686 1407 695 1442 ,
709 1361 757 1423 καί
777 1359 811 1422 τά
824 1362 907 1443 ἁρμό-
952 1383 998 1420 sna
1009 1369 1100 1436 cuique
1113 1373 1139 1420 et
1152 1369 1338 1421 accommodata
1353 1374 1411 1421 sunt
1429 1371 1569 1422 tribuenda.
1588 1374 1670 1437 Atque
1687 1373 1742 1423 haec

108 1454 203 1522 ζοντα.
226 1454 321 1512 Ταῦτα
337 1449 369 1522 δὴ
385 1456 519 1520 ποιοῦντες
532 1451 670 1534 φαίνονται
682 1453 777 1534 σχεδὸν
798 1450 904 1521 πάντες·
952 1468 1011 1507 nouo
1030 1469 1107 1522 propo
1123 1471 1210 1509 omnus
1229 1455 1311 1508 facore
1334 1457 1450 1510 videntur
1474 1479 1481 1510 ε
1501 1459 1533 1510 ad
1551 1459 1652 1524 nuptias
1675 1460 1742 1510 onim

107 1540 261 1618 εἷςγάμους
270 1540 318 1620 μὲν
330 1538 381 1622 γδιρ
395 1543 518 1601 καλοῦσιν
534 1544 563 1601 οὐ
578 1540 639 1610 τοὺς
649 1541 796 1624 εὐεργέτας,
814 1539 905 1614 ἣτοῦς
952 1559 1001 1596 non
1016 1545 1193 1598 beneficiorum
1214 1546 1344 1612 largitores
1364 1550 1409 1598 aut
1424 1547 1535 1608 sodales,
1558 1548 1604 1600 sed
1624 1552 1743 1613 οοςιιιιῑοε

109 1626 251 1710 ἑταίρους,
274 1627 342 1688 atti
357 1627 416 1693 τοὺς
431 1633 581 1708 συγγενεῖς·
595 1629 695 1698 τούτοις
706 1629 758 1710 γάρ
772 1630 856 1690 κοινδν
875 1629 906 1690 rb
952 1639 1041 1686 vocant
1056 1655 1064 1688 ι
1077 1649 1135 1688 nam
1144 1649 1224 1701 quum
1235 1636 1263 1686 hi
1279 1649 1356 1700 genus
1373 1636 1481 1688 habeant
1496 1651 1642 1697 commune.
1659 1637 1740 1688 aclio-

108 1717 253 1797 γένος,καί
263 1720 290 1777 ut
300 1717 360 1798 περὶ
376 1724 453 1779 τοῦτο
463 1719 495 1794 δὴ
510 1719 630 1802 πράξεις·
646 1719 693 1780 καί
709 1721 745 1787 είς
755 1719 788 1778 τά
799 1719 868 1792 κήδη
877 1719 904 1778 δέ
952 1737 996 1774 nos
1007 1737 1108 1789 quoquc
1119 1737 1177 1788 qum
1191 1724 1217 1774 in
1228 1724 1277 1776 hoc
1291 1727 1424 1776 versantur
1436 1739 1581 1776 mnnnunas
1601 1729 1694 1776 crunt:
1712 1726 1738 1777 in

109 1805 235 1882 μάλιστα
246 1805 344 1865 οίοντοιι
355 1807 407 1866 δεῖν
422 1807 480 1876 τοῦς
490 1817 623 1888 συγγενεῖς
633 1811 739 1890 ἀπατᾷν
754 1811 806 1868 τῶν
820 1811 905 1884 αὐτῶν
951 1811 1430 1878 tuncraquoquecognatospotissimum
1440 1814 1538 1879 prodite
1548 1813 1636 1865 iisdem
1643 1814 1675 1866 (le
1682 1828 1739 1866 rau·

108 1894 204 1956 ἕνεκα.
223 1893 311 1962 Δόξτιε
326 1898 348 1953 δΙ
363 1893 394 1954 ἀν
409 1905 462 1965 τοῖς
477 1896 525 1972 μὲν
540 1902 643 1976 γονεῦσι
656 1895 755 1978 τροφὴν
770 1897 903 1974 ίπαρκεῑν,
951 1900 1094 1963 sisdebere,
1111 1902 1223 1966 plerique
1236 1902 1397 1954 arbitrantur.
1412 1903 1534 1962 Quocirca
1545 1903 1690 1968 parentibus
1700 1916 1740 1953 rea

110 1985 158 2042 καί
170 1983 275 2052 τούτοις
285 1985 398 2062 μᾶλλον,
411 1985 428 2057 ἢ
441 1987 549 2054 ἑαυτοῖς·
566 1985 596 2045 τὸ
610 1983 661 2065 γάρ
674 1972 741 2044 εἶναι
756 1985 795 2043 δεῖ
812 2006 905 2058 συντη-
951 1989 983 2040 ad
998 1989 1133 2041 vivendum
1145 1991 1290 2042 ncccssaricc
1304 1991 1492 2056 suppeditando
1506 1991 1633 2053 ridentur,
1647 1991 1741 2054 magis·

112 2076 168 2153 ρείν
191 2075 246 2140 τοῖς
270 2073 480 2151 γονεῦσιν,,όθεν
503 2075 573 2135 ἐστίν
597 2075 683 2140 αὐτοῖς
703 2072 734 2132 τὸ
752 2063 818 2133 εἶναι
831 2067 842 2106 ·’
859 2073 905 2132 καὶ
951 2093 1001 2144 qne
1013 2078 1131 2144 iisquam
1146 2080 1315 2146 nobisipsis:
1334 2079 1413 2132 vitam
1430 2080 1497 2132 enim
1507 2085 1655 2146 parentum.
1671 2094 1738 2144 quo·

110 2161 195 2242 τιμὴν
209 2163 236 2224 δὲ
249 2161 428 2240 ἀπονεμητέον
445 2165 549 2235 αὐτοῖς,
566 2163 686 2242 καθάπερ
700 2166 790 2229 θεοῖς·
811 2164 840 2221 ab
854 2171 904 2222 πῦ-
950 2181 1007 2217 rum
1028 2167 1148 2219 beneficio
1168 2169 1216 2234 ipsi
1235 2170 1340 2228 νίιιιιιι,
1363 2183 1510 2220 conservare
1532 2169 1624 2222 debeat
1643 2168 1736 2221 naen:

110 2277 162 2313 σαν
176 2251 205 2310 δὲ
223 2251 303 2328 τιμὴν
317 2251 363 2312 καλ
384 2252 511 2312 παντοίαν
528 2272 535 2290 ·
553 2256 582 2312 ού
597 2252 649 2331 γὰρ
661 2250 709 2322 τὴν
726 2249 807 2323 αὐτὴν
823 2252 905 2332 πατρὶ
950 2255 1028 2306 bonor
1041 2270 1143 2321 quoque
1155 2256 1187 2308 iis
1200 2261 1229 2308 ut
1250 2256 1299 2308 diis
1313 2261 1351 2307 ost
1363 2257 1508 2318 habendus,
1531 2258 1575 2310 sed
1589 2273 1638 2309 non
1657 2256 1739 2308 omnm

110 2341 158 2402 καί
176 2340 276 2419 μητρί,
290 2339 348 2400 ocal
364 2340 519 2422 ἀμφοτέροις
531 2340 579 2415 τὴν
594 2347 639 2400 τοῦ
653 2344 733 2414 σοφοῦ
748 2339 827 2417 τιμὴν
840 2344 904 2401 ἀπο·
949 2361 1030 2413 noqnc
1042 2348 1148 2413 quilibet
1163 2365 1170 2397 ι
1184 2361 1266 2414 noque
1277 2348 1343 2399 enim
1354 2349 1420 2414 patri
1433 2348 1501 2399 idem
1514 2362 1544 2400 ac
1554 2350 1638 2408 matri,
1657 2363 1739 2414 neque

111 2431 206 2490 δοτέον
220 2427 237 2500 ἢ
249 2427 297 2499 τὴν
308 2433 353 2486 τοῦ
371 2436 540 2512 στρατηγοῦ,
556 2430 589 2502 ἣν
607 2428 708 2501 δηλαδὴ
723 2432 842 2508 τιμῶμεν
861 2429 904 2489 τὸν
950 2436 1051 2502 utrique
1065 2436 1144 2486 honos
1158 2436 1268 2500 sapiente
1282 2441 1327 2487 aut
1340 2437 1492 2500 imperatore
1503 2437 1608 2502 θίςιιυε,
1622 2437 1671 2488 hoo
1682 2443 1735 2500 est,

111 2517 230 2601 σοφδνῆ
253 2517 296 2576 τόν
319 2517 485 2596 στρατηγόν·
509 2517 579 2579 ἀλλά
593 2517 641 2589 τὴν
661 2516 792 2598 πατρικὴν
807 2516 855 2596 μὲν
866 2523 904 2601 τῷ
949 2539 1025 2591 quem
1039 2525 1145 2589 sapienti
1163 2528 1207 2576 aut
1226 2523 1370 2590 imperatori
1389 2525 1538 2586 tribuimus,
1556 2525 1600 2578 scd
1618 2529 1738 2591 paternus

111 2607 214 2690 πατρί,
229 2610 263 2686 τῇ
282 2607 310 2665 δὲ
332 2608 413 2689 μητρί
427 2608 475 2680 τὴν
491 2607 688 2688 προσήκουσαν.
706 2606 903 2684 ’λπονεμητέον
949 2613 1014 2679 patri
1028 2616 1053 2664 et
1065 2613 1166 2664 debitus
1178 2615 1253 2664 matri
1265 2615 1342 2665 horrus
1355 2614 1441 2666 haberi
1456 2614 1540 2666 debet.
1566 2615 1640 2666 Omni
1652 2619 1736 2666 autem

112 2698 140 2760 δὲ
158 2696 206 2756 καὶ
232 2696 312 2754 παντί
333 2695 504 2778 πρετῦυτέρῳ
519 2695 600 2774 τιμὴν
624 2693 672 2766 τὴν
696 2697 754 2753 καθ’
782 2694 903 2768 ἡλικίαν,
948 2705 1024 2754 astate
1039 2702 1162 2768 grandiori
1174 2704 1394 2772 promtatebonos
1408 2704 1735 2770 tribuenduscst‚qualern

112 2786 172 2848 οίοιν
188 2784 310 2860 δηλονότι
321 2785 449 2866 προσήκει
463 2786 519 2846 νέον
536 2781 700 2846 ἀποδοῦνιιιιι
711 2783 824 2862 γέροντι,
839 2788 904 2844 ῦπα·
949 2790 1066 2842 videlicet
1075 2791 1179 2856 juranos
1190 2791 1244 2842 seni
1254 2791 1365 2844 tribuere
1383 2779 1462 2852 alerci.¹
1483 2795 1513 2843 ut
1525 2793 1549 2844 ei
1562 2796 1694 2857 assurgant
1706 2807 1735 2844 sc

111 2873 243 2935 ναστάσει
257 2873 302 2932 καί
325 2877 496 2946 κατακλίσει,
512 2874 557 2934 καί
571 2883 624 2941 τοῖς
638 2871 778 2939 τοιούτοις·
793 2872 905 2954 ἑταίροις
949 2880 981 2931 de
992 2879 1087 2931 sedeat
1098 2880 1253 2932 accubitione
1266 2882 1422 2933 honoratiore
1435 2881 1571 2945 nomana,
1587 2886 1613 2932 ct
1629 2883 1677 2934 alia
1688 2884 1739 2934 hn-

113 2965 203 3024 δὲκαὶ
220 2964 339 3044 ἀδελφοῖς
354 2964 495 3024 ἀποδοτέον
511 2964 664 3046 παρρησίαν
685 2960 731 3021 καί
743 2961 903 3040 κοινότητα,
947 2968 1057 3034 jusmodi
1069 2971 1208 3034 prostent:
1227 2969 1354 3022 mdalibus
1364 2985 1423 3022 vero
1437 2975 1463 3023 et
1476 2969 1596 3022 iratribus
1616 2972 1737 3024 oralionus

112 3053 160 3114 καὶ
175 3055 329 3130 συγγενέσι,
347 3057 391 3112 καὶ
411 3053 551 3134 φυλέταις,
574 3053 619 3110 καί
633 3051 769 3125 πολίταις,
791 3051 836 3109 καὶ
850 3059 905 3120 τοῖς
950 3058 1054 3109 libertas
1078 3059 1240 3131 omniumque
1264 3073 1349 3110 rernm
1370 3060 1536 3112 communitas
1565 3061 1734 3122 concedenda.

111 3143 218 3208 λοιποῖς
231 3139 334 3198 ἅπασι·
359 3141 404 3200 καλ
428 3140 566 3223 πειρατέον
590 3141 621 3202 rb
643 3142 736 3199 οίκεῖον
762 3139 904 3217 ἀπονέμειν
950 3149 1059 3213 cognatis
1073 3148 1151 3208 item,
1169 3149 1306 3200 tribulibus
1321 3163 1351 3200 ac
1365 3149 1463 3200 civibus
1483 3153 1509 3200 ct
1530 3149 1634 3215 reliquis
1656 3151 1738 3202 omni·

113 3231 240 3312 ἑκάστῳ,
255 3234 402 3312 θεωροῦντα
425 3232 474 3304 τὴν
491 3231 604 3292 ἑκάστου
619 3229 685 3309 πρὸς
708 3227 788 3288 αὑτὸν
808 3229 905 3290 οἶκειό·
951 3237 998 3288 bus
1013 3257 1019 3286 ι
1035 3235 1117 3286 danda
1129 3236 1237 3302 denique
1255 3250 1330 3302 opera
1341 3240 1394 3300 cst,
1405 3241 1434 3288 ut
1446 3233 1521 3288 sunm
1538 3238 1630 3303 cuique
1642 3238 1739 3290 tribua·

112 3343 200 3395 τητα,
214 3317 231 3391 λ
244 3323 340 3400 χρῆσιν
348 3364 357 3394 ,
370 3319 388 3393 ἢ
402 3323 451 3392 τὴν
462 3321 572 3402 ἀρετάν,
584 3321 630 3381 καί
645 3318 744 3386 τούτοις
759 3326 904 3400 μιτροῦντα
950 3329 1001 3387 tur,
1019 3326 1107 3392 quoin
1118 3339 1207 3390 genere
1227 3327 1382 3392 singulorum
1405 3326 1584 3378 consideranda
1596 3330 1635 3378 cst
1652 3340 1738 3378 neces·

113 3410 161 3478 τδις
176 3409 243 3492 πρδς
266 3411 359 3478 αὐτοὺς
373 3411 453 3492 τιμδις
474 3411 519 3472 καὶ
543 3410 689 3478 κοινωνίας.
714 3411 775 3469 Τῶν
796 3409 844 3487 μὲν
860 3403 904 3472 οῦν
951 3411 1043 3480 mindo,
1053 3427 1104 3480 qua
1115 3415 1244 3466 nobiscum
1254 3416 1336 3480 juncti
1348 3418 1415 3476 sunt,
1430 3415 1578 3468 ususetiam
1591 3419 1635 3466 ant
1645 3416 1736 3476 virtus,

113 3501 250 3578 ὁμογενῶν
266 3499 334 3578 ῥᾴων
349 3503 364 3570 ἡ
379 3499 483 3580 κρίσις·
498 3509 552 3568 τοῖς
569 3501 621 3580 γὰρ
638 3496 803 3578 συγγενέσιν,
819 3498 837 3572 ἢ
851 3523 903 3559 πο-
950 3503 1042 3570 quibos
1056 3501 1153 3554 debitos
1164 3502 1215 3553 illis
1229 3502 1335 3554 honores
1346 3504 1371 3554 at
1382 3505 1581 3554 communionem
1591 3503 1736 3556 metiamur.

112 3587 218 3658 λίταις,
238 3583 255 3657 ἦ
271 3583 408 3667 φυλέταις,
432 3588 450 3659 ἢ
471 3587 517 3648 καί
537 3587 624 3656 άλλως
644 3587 820 3666 ὁμοτρόποις,
835 3589 853 3650 ἀ
866 3592 905 3650 δεῖ
949 3595 985 3644 Ac
1000 3592 1228 3657 deconsanguineis
1241 3591 1343 3654 quidam
1356 3592 1455 3643 lacibus
1469 3591 1593 3656 judicium
1607 3595 1646 3642 est
1661 3605 1738 3642 :nam

113 3676 290 3747 ἀποδιδόναι,
304 3675 399 3757 ρρδίως
412 3675 610 3756 ἐπιγνωσόμεθα
625 3696 632 3712 ·
649 3680 704 3743 τοῖς
714 3675 741 3734 δὲ
758 3679 904 3759 ἀλλοτρίοις
950 3681 1060 3746 cognatis
1077 3683 1122 3732 aut
1134 3681 1232 3732 civibus
1246 3683 1291 3732 ant
1305 3680 1440 3732 tribulibus
1454 3683 1498 3730 ant
1516 3679 1659 3730 hominibus
1676 3680 1738 3730 alio-

117 3764 166 3824 καλ
185 3764 351 3846 διαφέρουσιν
367 3769 450 3845 εὑρεῖν
474 3765 544 3826 tter
566 3765 726 3842 ἀπονέμειν,
747 3765 905 3846 ἕργωδέοτε-
949 3771 994 3837 qui
1018 3784 1117 3821 morum
1137 3769 1300 3822 similitudino
1318 3770 1448 3821 nobiscum
1465 3768 1604 3844 conjunctis
1622 3781 1679 3833 qno
1691 3767 1738 3818 tri-

116 3879 172 3936 ρον.
193 3855 236 3914 Ού
252 3860 305 3932 μὴν
318 3854 361 3914 aaa
373 3861 449 3916 τοῦτο
462 3855 626 3916 ἀποστατέον
641 3857 694 3914 τῶν
706 3855 827 3934 εἰκότων,
843 3859 904 3918 ἀλλ’
950 3860 1048 3912 bnonda
1063 3861 1112 3912 sint
1129 3859 1201 3911 facssc
1219 3862 1359 3910 statuemus
1374 3879 1381 3910 ι
1398 3872 1456 3922 quaa
1475 3871 1535 3908 vero
1552 3857 1578 3908 in
1597 3856 1738 3921 peregrinos

114 3948 151 4013 ὡς
164 3942 304 4024 ἐνδέχεται
319 3945 463 4024 διοριστέον
478 3945 540 4026 περὶ
553 3945 685 4018 ἑκάστου,
701 3941 817 4029 καὶπερὶ
830 3947 900 4010 πάν-
949 3949 1096 4002 conveniant
1108 3961 1200 4013 eosque
1212 3949 1258 4014 qni
1276 3947 1374 4000 anobis
1392 3946 1530 4011 plurimum
1545 3943 1683 4004 differunt,
1698 3945 1738 3996 in·

113 4057 163 4102 τας
176 4033 212 4093 τθι
227 4033 296 4093 κατὰ
310 4033 340 4094 ab
352 4032 409 4094 δέον
424 4034 569 4114 γιγνόμενα
582 4035 721 4116 τηρητέον.
950 4037 1034 4091 venire
1053 4036 1181 4088 difficilius
1201 4037 1248 4088 est.
1269 4037 1324 4087 Non
1346 4039 1430 4086 umen
1449 4033 1542 4085 idcirco
1566 4033 1738 4086 desistendum
1760 4031 1764 4038 '

159 4123 329 4203 (Scripsi⁸:
346 4125 473 4202 κάκεῖνο]
492 4125 584 4202 vulgo
603 4132 719 4205 κακεῖνο.
740 4158 801 4190 -a
819 4129 904 4208 ἀμφο-
949 4131 988 4180 cst
1009 4125 1132 4178 stecoris
1143 4125 1345 4188 conservatione,
1357 4124 1401 4177 scd
1413 4125 1496 4191 quoad
1508 4124 1563 4190 ejus
1580 4122 1634 4176 lieri
1645 4125 1735 4189 potest,

114 4211 224 4290 τίρους]
250 4213 315 4274 cod.
333 4213 499 4295 ἀμφοτέροις.
522 4223 585 4261 —-⁶
608 4215 738 4298 λῃστῶν]
765 4216 829 4275 cod.
853 4219 902 4290 λη·
949 4208 1045 4284 singula
1061 4217 1200 4271 defimenda
1215 4221 1274 4271 sunt
1294 4221 1320 4272 ct
1339 4218 1365 4271 in
1382 4217 1500 4270 omnibus
1519 4215 1606 4270 decori
1622 4215 1737 4270 habenda

115 4305 197 4363 σιῶν.
211 4299 272 4346 -‘¹
287 4300 362 4384 ἐστι]
379 4305 446 4364 cod.
459 4305 540 4366 ἔστιν.
554 4315 612 4350 —⁶
624 4304 740 4387 λήψεται
753 4307 762 4383 ]
774 4305 840 4366 cod.
853 4305 903 4380 λη’·
949 4313 987 4364 est
999 4310 1070 4364 ratio.

114 4393 212 4470 ψηται.
230 4412 287 4449 -ι
313 4390 438 4471 γίνηται]
462 4394 525 4454 cod.
538 4393 649 4470 γίνεται.
664 4403 728 4442 -ῑ
746 4392 900 4478 ὀφείλομεν]

115 4480 182 4540 cod.
200 4481 357 4562 ὠρειλομεν.
378 4483 441 4528 —'³
471 4484 637 4564 ἀποδοῦναι]
659 4481 727 4544 cod.
747 4483 900 4571 ἀποδούναι.

114 4575 179 4648 ··)

449 4745 516 4826 K‘i·
539 4731 575 4809 θ’·
1282 4771 1342 4837 θος).
1362 4772 1407 4825 lv.

258 4909 518 5002 marcomannica
533 4911 575 4970 τὰς
585 4913 675 4978 φιλίαι,
691 4917 707 4976 ἢ
722 4915 762 4978 ai·
1031 4945 1114 4992 ιιιιοιο
1125 4942 1217 4990 amoro
1228 4941 1315 4989 ιοιοιιι
1328 4941 1437 4988 macana
1452 4950 1482 4988 ιο
1495 4949 1543 4986 τοι
1555 4939 1652 4987 orent.

159 5067 190 5104 **
198 5065 261 5130 Ἔτι
269 5067 296 5129 δὲ
307 5069 651 5147 κάκείνοῑζητητέονέστίν,
665 5075 686 5132 εί
697 5073 736 5133 δεῖ
749 5072 901 5135 διαλύεσθαι
979 5085 1103 5135 Praeterea
1113 5085 1139 5134 et
1150 5081 1213 5134 illud
1224 5079 1388 5147 ιγιιιοτοιιιῑυιιι
1404 5081 1458 5142 est,
1472 5081 1559 5129 utrum
1570 5075 1736 5128 dissolvendo

152 5246 166 5275 θ
179 5245 236 5298 Ὅτι
250 5249 293 5314 μὲν
308 5249 350 5300 οῦν
372 5251 400 5302 οὐ
416 5251 494 5302 ταῦτὰ
505 5257 580 5302 πᾶσιν
594 5253 729 5306 ἀποδοτέον
749 5255 802 5307 κτλ.
813 5281 845 5292 -
854 5255 883 5286 *i
894 5255 953 5321 Gap.
967 5259 992 5306 3.
1005 5253 1074 5322 Ἔχει
1086 5256 1107 5306 δ’
1121 5253 1278 5324 ἀπορίανκαὶ
1290 5253 1345 5322 περὶ
1359 5255 1404 5306 τοῦ
1413 5251 1554 5306 ’διαλύεσθαι
1563 5251 1616 5303 κτλ.
