3976 5948
223 408 226 414 '
276 396 335 455 {76
746 385 797 446 DE
818 381 969 445 SEVERO
993 379 1128 442 mmo
1150 379 1198 440 ET
1218 375 1411 440 NUMENlO.

274 523 318 583 τδν
336 527 380 582 τοῦ
401 521 500 598 κόσμου
527 518 682 600 δημιουργόν
702 519 725 579 οί
748 518 792 577 τδν
806 515 905 594 κόσμον
926 512 990 575 ποτὲ
1013 513 1050 592 μή
1094 511 1265 593 κυκλορορίας
1277 509 1318 569 ότι
1331 513 1391 576 νοῦς
1411 509 1466 567 ἐστι
1481 506 1526 566 καί
1540 504 1677 587 φρόνησις,
1693 501 1799 583 εἴρηται
1811 499 1872 580 πρό·

274 603 340 671 σῖναι
362 609 492 688 λέγοντες.
511 611 545 669 El
568 607 618 692 γὰρ
642 598 715 674 οῦτός
734 629 797 666 ποτε
820 607 868 664 οὐκ
889 597 940 682 lv,
955 602 1051 670 ἐκεῖνός
1095 621 1182 678 τερον·
1198 599 1237 666 τίς
1259 599 1286 657 δέ
1299 599 1368 656 ἐστιν
1383 596 1450 668 αῦτη
1466 593 1512 654 καί
1536 595 1592 660 πῶς
1611 590 1785 659 ἀπεικάζεται
1810 589 1872 666 πρδς

275 721 338 758 ποτε
362 699 409 756 οὐκ
435 694 528 758 ἐποίει.
541 693 615 775 Ἅμα
641 694 692 774 γὰρ
717 693 747 752 τδ
775 692 929 768 ποιούμενον
953 689 998 749 καί
1022 689 1052 748 τὸ
1095 693 1166 761 νοῦν,
1183 690 1208 746 ἐν
1223 685 1322 753 τούτοις
1342 685 1556 767 παραδίδωσινό
1581 681 1669 759 λόγος.
1685 675 1769 740 Ἔστι
1788 677 1872 758 γὰρὴ

275 790 375 846 ποιοῦν.
402 787 437 846 El
464 784 492 844 δέ
517 806 579 844 ποτε
607 786 654 842 οῦκ
676 782 773 857 ἐποίει,
800 781 909 858 δυνάμει
939 770 971 851 ήν
994 777 1052 838 τότε
1094 775 1253 857 κυκλορορία
1267 775 1366 849 κίνησις
1390 775 1457 833 κατὰ
1469 772 1503 833 τὰ
1521 771 1592 832 αύτὰ
1608 773 1634 829 ἐν
1647 771 1685 848 τῷ
1698 770 1772 847 αύτῷ
1787 767 1874 825 καὶέν

275 879 374 936 ποιοῦν.
390 877 423 935 El
436 873 463 934 δέ
478 872 603 950 δυνάμει,
618 871 711 942 ἀτελής
722 861 754 942 ήν
765 869 812 928 καὶ
823 869 930 950 ὕστερον
944 867 1051 939 τέλειος,
1095 865 1176 944 ίαυτῇ
1197 863 1391 945 περιαγομένη,
1413 861 1533 941 καθάπερ
1554 861 1580 918 ἐν
1602 858 1701 925 τούτοις
1716 855 1746 916 τέ
1765 879 1842 935 φησιν
1861 859 1874 912 ό

275 961 317 1020 ότι
332 961 422 1022 ἐποίει.
440 963 473 1022 El
484 959 510 1018 δέ
522 959 551 1019 τδ
564 957 688 1039 πρότερόν
703 960 759 1017 ἐστι
772 958 818 1017 καί
830 955 859 1016 τδ
872 956 979 1036 ὕστερον
993 954 1053 1034 περί
1096 951 1210 1026 Τίμαιος
1231 949 1277 1008 καί
1293 954 1319 1010 ἐν
1332 949 1430 1027 Νόμοις
1444 952 1458 1008 θ
1477 948 1612 1022 Ἀθηναῖος
1634 945 1717 1016 ξένος·
1728 934 1766 1002 ῶν
1780 943 1811 1002 τὸ
1828 939 1873 1024 μίν

277 1049 361 1120 αὐτόν,
370 1051 501 1121 δῆλον,ύις
510 1050 556 1107 οὐκ
565 1039 596 1119 ἦν
606 1051 657 1106 τῶν
670 1046 781 1113 αἰωνίοις
789 1040 972 1125 ἐνεργούντων,
982 1041 1051 1102 ἀλλὰ
1097 1038 1168 1100 κατὰ
1183 1037 1267 1099 ταῦτὰ
1289 1038 1385 1097 ταύτόν
1397 1039 1453 1097 ἐστι
1467 1039 1505 1117 τῷ
1527 1035 1585 1095 καθ’
1598 1033 1643 1094 ένα
1657 1033 1736 1112 λόγον
1751 1028 1797 1090 καί
1814 1029 1874 1106 μίαν

276 1135 343 1196 κατὰ
357 1136 450 1218 χρόνον
464 1139 493 1197 ἐκ
512 1141 556 1196 τοῦ
571 1134 607 1210 μὴ
620 1142 702 1194 ποιεῖν
714 1138 750 1201 είς
766 1134 796 1193 τὸ
809 1135 892 1193 ποιεῖν
906 1130 1049 1210 μεταστάς.
1098 1127 1180 1196 τάξιν.
1196 1125 1232 1188 Τί
1244 1128 1305 1206 γάρ,
1319 1127 1342 1184 εί
1354 1125 1450 1184 κινοῖτο
1465 1123 1512 1202 μέν
1527 1122 1557 1182 τθ
1570 1131 1623 1182 πᾶν
1635 1123 1781 1192 κυκλικῶς,
1796 1139 1873 1193 μετα·

276 1223 354 1283 Ἀλλὰ
377 1223 428 1302 μήν
443 1225 518 1290 αὐτὸς
539 1222 652 1303 παράγει
667 1221 710 1282 τδν
725 1221 828 1302 χρόνον.
845 1220 907 1286 Πῶς
920 1211 965 1278 οῦν
979 1217 1053 1298 ἐνίρ·
1098 1217 1190 1276 ῦάλλοι
1205 1217 1233 1276 δέ
1246 1215 1339 1276 άλλοτε
1355 1215 1440 1283 ἄλλως
1454 1212 1596 1274 ἀνατέλλον
1613 1209 1735 1284 ἢδῦνον,
1749 1207 1786 1276 ῶς
1799 1229 1875 1289 ρησιν

275 1334 347 1392 γιιαν
361 1312 428 1391 ἔχων
447 1311 540 1394 χρόνω
564 1310 688 1388 δεομένην
709 1311 752 1368 διὰ
767 1314 814 1382 τῆς
830 1308 960 1388 ἐνεργείας
985 1306 1052 1366 ταύ-
1100 1308 1114 1362 θ
1131 1308 1156 1365 ἐν
1175 1307 1213 1386 τῷ
1229 1305 1361 1382 Πολιτικῷ
1374 1307 1470 1382 μῦθος;
1490 1303 1523 1360 lv'
1536 1293 1579 1360 οῦν
1595 1299 1632 1380 μή
1648 1305 1724 1360 τοῦτο
1737 1297 1876 1359 θπολάῦω·

275 1423 339 1474 της;
367 1401 438 1460 Πότε
465 1400 515 1480 γὰρ
540 1407 609 1460 ποιεῖ
632 1398 676 1458 τθν
698 1398 804 1478 χρόνον,
832 1389 860 1456 ού
882 1399 980 1472 δεῖται,
1003 1394 1046 1454 ἵνα
1101 1392 1207 1470 μεν,τδ
1221 1391 1291 1450 κατὰ
1306 1391 1391 1451 ταύτὰ
1406 1391 1543 1470 πρόκειται
1557 1391 1608 1448 τῶν
1622 1388 1709 1449 άλλων
1721 1387 1786 1469 περί
1798 1387 1876 1458 αὐτῆς

275 1488 372 1566 ποιήσῃ
391 1486 498 1566 χρόνον,
513 1487 540 1546 δν
552 1486 724 1568 παρήγαγεν,
741 1487 828 1544 Τοῦτο
843 1481 889 1560 μὲν
904 1471 948 1542 οῦν
961 1483 1008 1540 οῦκ
1022 1480 1054 1540 ἂν
1100 1482 1234 1562 ῥημάτων.
1259 1482 1317 1540 Ούκ
1343 1479 1394 1560 ἄρα
1419 1481 1499 1560 όρθῶς
1526 1481 1540 1537 ό
1565 1475 1736 1544 Πλατωνικός
1761 1473 1876 1553 Σεῧίιρυς

280 1579 365 1646 άλλως
379 1577 450 1657 ἐχοι·
466 1577 533 1654 μετὰ
549 1577 576 1635 δέ
590 1575 688 1650 ταύτην
700 1573 746 1646 τὴν
763 1573 837 1642 δόξαν
852 1569 1054 1652 ἐπισκεψώμεθα
1098 1566 1351 1650 ήπαρῤησιασόμεθα
1366 1567 1417 1648 γὰρ
1434 1571 1548 1626 ἐντεῦθεν
1563 1566 1625 1647 πρθς
1639 1565 1734 1644 αὐτόν)
1751 1563 1798 1630 τὰς
1814 1568 1875 1620 ἀνα-

282 1666 418 1746 Σεόῆρον,
434 1664 460 1731 ός
472 1687 549 1744 φησιν
562 1664 651 1730 ἁπλῶς
662 1661 708 1737 μίν
722 1657 803 1721 ἀίδιον
815 1651 879 1719 εἶναι
892 1659 937 1718 τδν
948 1657 1056 1736 κόσμον,
1099 1657 1235 1730 κυκλήσιις
1250 1657 1296 1725 τὰς
1312 1656 1425 1734 μυθικὰς
1439 1656 1614 1738 προσιέμενος
1629 1655 1674 1715 καί
1688 1653 1798 1734 γενητδν
1812 1651 1875 1712 οὕτω

277 1759 365 1812 τοῦτον
381 1751 408 1810 δέ
422 1750 466 1810 τόν
480 1757 526 1810 νῦν
543 1751 606 1809 ὄντα
621 1750 666 1808 καί
688 1749 755 1808 οῦτοι
774 1747 923 1824 κινούμενον
937 1743 1054 1824 γενητόν.
1099 1749 1179 1806 ποιῶν
1201 1745 1246 1804 καί
1272 1746 1397 1822 ἀγένητον
1418 1745 1463 1804 τὸν
1488 1744 1595 1821 κόσμον.
1610 1743 1763 1804 Interdum
1777 1761 1876 1820 quaea

279 1838 479 1910 Ἀνακυκλήσεις
497 1837 547 1916 γὰρ
563 1829 627 1895 εἶναι
644 1836 750 1907 διττάς,
766 1839 800 1902 ὡς
822 1833 915 1902 ἔδειξεν
930 1837 944 1892 δ
958 1832 1054 1892 Ἐλεά·
1101 1836 1221 1894 Platone
1233 1835 1371 1894 dicuntur
1387 1856 1444 1894 ιιοιι
1462 1847 1517 1892 lam
1534 1835 1667 1893 refellere
1685 1833 1875 1910 argumentis,

280 1951 326 1995 της
339 1927 408 1995 ξένος
431 1927 486 2004 (τί.
503 1926 619 1983 Platon.
636 1925 750 1982 Polltlc.
769 1943 836 2002 pag.
853 1944 922 1997 τρο.
935 1919 1055 2001 Bw
1101 1943 1188 2001 quam
1203 1925 1374 1982 confirmare
1389 1923 1517 1982 voluisse
1534 1922 1659 1983 videtur.
1677 1921 1759 1980 Patet
1773 1921 1830 1979 hoc
1844 1939 1878 1979 ex

279 2014 341 2090 μέν,
354 2017 385 2089 ήν
401 2014 456 2074 νυνὶ
467 2012 669 2094 περιπορεύεται
681 2013 710 2072 τὸ
721 2023 790 2086 πᾶν,
805 2010 852 2082 τὴν
867 2010 911 2084 δέ,
926 2009 1054 2070 ἐναντίαν.
1100 2011 1134 2070 iis
1148 2031 1213 2089 quae
1227 2031 1314 2090 super
1329 2012 1384 2070 hoc
1398 2012 1423 2069 Τ
1425 2013 1499 2069 irnaei
1511 2011 1649 2070 Platonici
1662 2011 1725 2070 loco
1741 2029 1811 2089 pag.
1830 2019 1875 2077 ἐι.

281 2105 391 2176 Γενητδς
406 2097 477 2163 ούνθ
502 2099 598 2179 κόσμος
613 2099 659 2160 καὶ
674 2102 719 2158 ἀπ’
741 2102 825 2179 ἀρχῆς
839 2095 937 2179 ἤρξατό
956 2120 1023 2164 τινος
1043 2101 1056 2155 ὁ
1102 2099 1123 2156 Β
1144 2101 1195 2178 (τί.
1212 2101 1320 2162 Ρίιίίοο.
1342 2100 1395 2162 Gr.
1419 2100 1533 2177 Fragm.
1550 2100 1610 2160 vol.
1629 2098 1671 2177 ll,
1687 2120 1718 2178 p.
1740 2098 1813 2175 169)
1829 2097 1878 2157 θεοὶ

278 2193 376 2264 ταύτην
399 2191 446 2265 τήν
463 2189 640 2261 ὰνακόκλησιν
657 2186 897 2262 άνακυκλούμενος,
919 2185 1008 2252 άπλῶς
1030 2183 1057 2243 δέ
1101 2193 1184 2265 θεῶν,
1201 2179 1236 2247 ῶν
1249 2187 1301 2267 ἐγὼ
1312 2188 1467 2270 δημιουργὰς
1478 2185 1567 2268 πατήρ
1577 2211 1605 2247 τε
1620 2186 1704 2268 ἔργων
1714 2185 1752 2263 ,θ
1767 2188 1801 2244 δι’
1817 2188 1878 2263 ἐμοῦ

278 2283 307 2340 ού
322 2281 438 2359 γινητός.
457 2278 528 2358 Πρδς
543 2275 570 2336 ll
592 2275 687 2349 ταύτην
703 2274 749 2346 τὴν
766 2272 888 2349 ἐξήγησιν
907 2271 1057 2344 άπαντησό-
1100 2277 1226 2357 γενόμενα
1241 2277 1324 2337 άλυτα
1337 2281 1400 2354 ἐμοῦ
1418 2280 1443 2356 γ’
1457 2276 1599 2344 ἐθέλοντος.
1613 2275 1653 2337 Τδ
1669 2275 1716 2352 μέν
1731 2263 1776 2334 οῦν
1788 2273 1821 2345 δὴ
1839 2276 1878 2332 ἐε-

243 2397 247 2402 ·
278 2374 345 2450 μεθει
358 2368 494 2448 λέγοντες,
510 2364 551 2424 ότι
565 2365 598 2424 τὰ
614 2363 711 2442 μυθικὰ
726 2363 870 2442 αἰνίγματα
885 2361 1006 2439 μετάγειν
1023 2362 1058 2428 τίς
1105 2366 1146 2428 θὲς
1162 2375 1215 2426 πᾶν
1228 2366 1319 2439 λυτάν,
1331 2364 1361 2424 τό
1379 2387 1409 2445 γε
1423 2363 1476 2442 μὴν
1497 2367 1583 2431 καλῶς
1606 2362 1736 2444 ἇρμοσθὲν
1757 2363 1805 2421 καὶ
1817 2361 1879 2440 ἔχον

278 2456 444 2544 φυσιολογίαν
466 2458 511 2514 οὐκ
534 2455 596 2516 ἔδει.
624 2457 682 2516 Ποῦ
702 2451 753 2532 γὰρ
782 2453 929 2529 ἀποκαμεῖν
950 2449 1057 2510 δυνατόν
1102 2444 1131 2513 τύ
1152 2452 1221 2513 λύειν
1235 2452 1332 2513 ἐθέλειν
1356 2459 1437 2512 κακοῦ
1452 2453 1557 2512 Ριωσίο
1576 2465 1647 2511 teste
1665 2451 1790 2528 scripsit.
1809 2449 1880 2508 Pro·

278 2548 325 2620 τήν
345 2550 467 2606 κινοῦσαν
496 2541 584 2622 ψυχὴν
609 2540 654 2600 καὶ
683 2538 858 2616 μεταόάλλειν
876 2539 924 2611 τὴν
945 2535 1056 2618 ἀρχαίαν
1103 2545 1165 2603 elus
1189 2542 1273 2620 enim⁴
1289 2563 1320 2620 γ).
1344 2543 1411 2608 304,
1437 2543 1473 2600 Α.
1492 2540 1539 2618 (p.
1564 2541 1619 2614 737
1635 2539 1681 2600 ed,
1699 2538 1878 2616 Schneider)

279 2633 439 2716 περιροράνς
457 2633 520 2696 Πῶς
534 2631 561 2687 δέ
576 2629 674 2688 τέλειον
697 2627 742 2686 καί.
762 2629 893 2707 αὔταρκες
908 2626 938 2686 τό
952 2634 1020 2699 πᾶν,
1036 2627 1058 2684 εί
1102 2629 1164 2687 ίιεεο
1184 2629 1294 2690 habet:
1318 2637 1370 2690 πᾶν
1382 2617 1427 2689 οῦν
1442 2627 1471 2687 τὰ
1494 2629 1564 2688 δεθέν
1578 2630 1672 2704 λυτόν,
1692 2626 1738 2686 καί
1757 2627 1791 2686 τὰ
1817 2627 1879 2704 ἔργα

281 2723 428 2802 μεταὸολῆς
452 2719 570 2800 ἐρίεται;
592 2720 654 2783 Πῶς
668 2715 696 2776 δέ
716 2717 870 2797 ἀμφοτέρων
893 2713 940 2786 τήν
960 2714 1058 2772 οἰκείαν
1102 2719 1147 2773 τοῦ
1158 2715 1264 2796 πατρός.
1277 2714 1384 2776 Δέδεται
1398 2715 1449 2796 γὰρ
1468 2716 1502 2775 τὰ
1514 2715 1561 2793 μέν
1573 2716 1685 2794 σῶματα
1697 2715 1740 2776 διὰ
1759 2719 1807 2786 τῆς
1817 2717 1881 2774 ἀνα·

282 2813 332 2880 ἐξιν
349 2808 543 2881 διασωζόντων,
559 2811 605 2866 τοῦ
627 2828 655 2863 τε
669 2803 820 2881 κινουμένου
835 2804 880 2863 καί
897 2809 941 2864 τοῦ
957 2809 1058 2862 κινοῦν-
1101 2806 1204 2888 λαγίας·
1220 2808 1312 2885 δεσμδς
1326 2807 1377 2891 γὰρ
1394 2811 1480 2869 αὐτῶν
1491 2807 1558 2882 αῦτη
1570 2808 1722 2878 κάλλιστος·
1736 2808 1769 2868 τὰ
1784 2807 1813 2868 δέ
1828 2812 1881 2888 ζῷα

282 2921 342 2976 τοι,
360 2896 416 2976 ἔχει
435 2894 524 2977 χώραν
540 2899 558 2968 θ
573 2891 674 2972 &wel
689 2897 741 2952 τῶν
764 2893 982 2968 ἆνακυκλήσιωνς
1001 2892 1058 2956 πῶς
1103 2899 1157 2964 τοῖς
1175 2895 1302 2977 ἐμύύχοις
1323 2898 1446 2974 δεσμοῖς,
1467 2895 1557 2977 ὥσπερ
1573 2897 1675 2979 είρηται
1695 2897 1835 2978 πρότερον·
1855 2899 1881 2958 nl

281 2987 307 3046 δέ
324 2989 337 3044 ό
352 2983 464 3060 Τίμαιός
482 3005 545 3066 φησι
566 2982 613 3056 τ’θν
629 2980 676 3060 μίν
690 2983 785 3041 ταύτοῦ
799 2980 941 3062 περιφορδν
957 2979 999 3040 ἐπί
1014 2981 1059 3038 δὲ·
1103 2983 1130 3044 δέ
1145 2982 1230 3066 ψυχαί
1246 2983 1367 3063 μεριστόν
1383 3009 1408 3044 τι
1422 2983 1531 3066 ἔχουσαι
1545 2985 1591 3044 καί
1604 2977 1681 3044 αῦται
1696 2985 1815 3044 δέδενται
1827 2991 1883 3050 ταῖς

281 3071 323 3141 ξιδι
338 3077 465 3132 κινεῖσθαι
485 3068 554 3130 κατὰ
577 3069 626 3142 τήν
649 3069 838 3150 δημιουργικὴν
856 3067 997 3148 βούλησιν,
1010 3064 1058 3136 τήν
1104 3073 1248 3150 μεσότησι·
1275 3072 1384 3152 δεσμούς
1403 3072 1454 3154 γὰρ
1476 3071 1596 3142 κάκείνας
1623 3074 1732 3134 ἐκάλεσε
1754 3073 1801 3133 καί
1823 3071 1883 3139 τοῦς

281 3161 308 3219 δέ
322 3160 432 3240 θατέρου
455 3161 495 3217 ἐπ’
519 3158 691 3240 ἀριστεράςεῖ
713 3155 764 3236 γὰρ
780 3157 818 3214 δεῖ
836 3155 921 3232 μένειν
936 3154 1060 3219 ὡσαύτως
1102 3163 1195 3238 λόγους
1217 3162 1336 3242 πάντας,
1359 3162 1385 3232 l}
1409 3154 1444 3223 ὧν
1462 3166 1530 3222 ἐστι,
1552 3166 1567 3235 ᾖ
1588 3161 1672 3245 ψυχή·
1695 3162 1762 3240 μόνα
1776 3161 1828 3242 ll?
1849 3161 1883 3219 ,ᾗ

281 3252 326 3312 καί
341 3251 382 3310 ἀεί
397 3241 507 3309 εἶναιτὰ
519 3245 693 3328 δημιουργικὰ
705 3243 785 3326 ἔργα,
798 3244 893 3304 δεῖκαὶ
905 3243 952 3310 τὰς
964 3249 1061 3304 &mv-
1104 3251 1232 3333 ἀμέριστα
1243 3253 1346 3330 δεσμῶν
1359 3253 1429 3312 ἐστιν
1441 3254 1586 3333 ἀπροσδεῆ·
1600 3249 1723 3328 δεδεμένα
1735 3251 1762 3310 δέ
1778 3253 1809 3309 ἐκ
1822 3247 1882 3310 δια·

281 3340 385 3412 κλήσεις
401 3327 468 3397 είναι
483 3337 530 3404 τὰς
545 3336 626 3404 αύτὰς
638 3335 693 3408 ἀεί,
706 3334 751 3394 καί
767 3332 813 3406 τήν
834 3335 929 3395 ταύτοῦ
941 3333 1059 3414 περίοδον
1104 3339 1266 3420 κεκριμένων
1280 3339 1365 3419 ἐστίν,
1381 3343 1410 3399 ού
1422 3345 1490 3402 κατὰ
1508 3339 1600 3420 χρόνον
1613 3339 1814 3419 διακεκριμένων
1825 3341 1885 3398 τού-

281 3431 330 3502 τὴν
348 3429 391 3488 ἐπί
406 3426 476 3496 δεξιὰ
495 3430 622 3486 κινεῖσθαι
645 3424 759 3496 κίνησιν.
773 3421 847 3499 Ἅμα
866 3421 917 3502 γὰρ
931 3426 1059 3500 προῆλθεν
1104 3451 1166 3502 των,
1182 3427 1251 3487 ἀλλὰ
1271 3427 1339 3487 κατὰ
1354 3427 1403 3500 τήν
1423 3431 1450 3487 ἐν
1465 3431 1503 3508 τῷ
1523 3429 1672 3507 δημιουργῷ
1691 3425 1817 3508 περιοχὴν
1837 3431 1885 3497 τῆς

283 3519 334 3578 ἀπὸ
347 3521 392 3576 τοῦ
406 3515 566 3594 δημιουργοῦ
580 3513 626 3572 καί
637 3511 735 3584 ταύτην
748 3512 827 3592 ἔλαχε
841 3510 889 3583 τὴν
907 3515 1059 3594 πιριροράν.
1104 3517 1155 3575 τῶν
1171 3515 1264 3575 ἁπλῶν
1282 3515 1377 3583 αίτίας.
1397 3515 1490 3584 Ούτως
1509 3507 1552 3575 οῦν
1568 3514 1623 3595 έχει
1642 3517 1687 3576 καὶ
1700 3515 1729 3574 τδ
1746 3515 1825 3574 λυτθν
1846 3517 1883 3581 ῶς

282 3606 343 3668 Ἔτι
359 3604 457 3670 δέπῶς
477 3605 524 3662 οὐκ
538 3601 678 3680 ἀναγκαῖον
698 3599 852 3679 ἀνωμαλίαν
868 3599 1014 3679 ἐπεισάγειν
1028 3625 1060 3682 τη
1105 3602 1168 3682 παρ’
1190 3603 1270 3663 άλλου
1279 3649 1287 3678 ,
1305 3603 1448 3682 μᾶλλονδὲ
1464 3606 1498 3672 ὡς
1514 3607 1540 3663 ἐν
1561 3603 1649 3684 όίλλιρ·
1664 3605 1701 3676 πή
1715 3594 1777 3678 σύν,
1794 3603 1886 3668 ὰπλῶς

281 3693 381 3768 κινήσει
394 3697 439 3754 τοῦ
455 3694 563 3772 ούρανοῦ
578 3711 586 3766 ;
600 3698 653 3751 πᾶν
665 3689 715 3770 γὰρ
729 3689 759 3748 τδ
770 3687 899 3747 παύεσθαι
910 3686 1004 3764 μέλλον
1016 3693 1061 3761 τῆς
1106 3689 1132 3750 δέ
1145 3692 1273 3769 οὐδαμῶς,
1290 3691 1361 3772 ψέγε
1374 3692 1435 3773 γάρ,
1454 3694 1477 3751 gl
1489 3695 1551 3772 παρ’
1564 3695 1662 3752 ἑαυτῶν
1678 3692 1726 3770 μὲν
1740 3690 1808 3752 M
1818 3694 1885 3766 ἐστι,

281 3783 409 3867 προτέρας
431 3782 574 3855 κινήσεως,
598 3781 640 3838 ἐπ’
663 3779 744 3850 άλλην
771 3775 798 3836 δέ
822 3775 987 3854 μιταόαίνειν
1013 3777 1061 3849 τὴν
1105 3778 1175 3838 κατὰ
1188 3779 1216 3838 δέ
1230 3779 1279 3852 τήν
1297 3780 1419 3859 βούλησιν
1437 3781 1521 3840 άλυτα
1534 3787 1578 3841 τοῦ
1596 3781 1709 3860 πατρός,
1724 3779 1815 3858 ῶσπερ
1827 3781 1888 3838 εἰῶ·

282 3873 417 3950 ἐναντίαν,
436 3871 481 3930 καί
497 3868 540 3930 ἐπί
555 3868 647 3928 στάσιν
663 3867 793 3946 ἐπείγεται
814 3863 860 3923 καί
885 3865 1062 3944 ἀπομαραίνει
1106 3871 1166 3925 θασι
1178 3866 1263 3943 λέγειν
1278 3867 1410 3947 Σεύήρος,
1424 3865 1552 3950 ’λττρκόη
1567 3866 1753 3948 Πλούταρχος,
1764 3869 1830 3948 πρὸς
1843 3866 1887 3932 υθς

282 3967 329 4034 τὴν
351 3957 554 4041 προηγουμίνην
577 3955 689 4030 κίνησιν.
717 3953 781 4015 Ἐπί
808 3957 855 4025 τῆς
877 3954 957 4026 αύτῆς
982 3953 1062 4022 ίστὼς
1106 3953 1151 4013 καί
1165 3957 1189 4013 οί
1209 3954 1261 4014 άπδ
1276 3961 1321 4015 τοῦ
1332 3955 1478 4035 περιπάτου
1490 3955 1576 4015 πολλὰ
1591 3955 1634 4014 διὰ
1645 3959 1751 4016 πολλῶν
1763 3957 1888 4036 ἀντειρή·

264 4105 266 4112 ,
284 4053 412 4131 ἐνεργείας
424 4050 506 4125 (lege
520 4047 559 4105 ἐτι
572 4050 619 4118 τῆς
634 4047 713 4116 αὐτῆς
727 4041 862 4120 ἑστώσης)
876 4039 915 4110 τίς
930 4041 1002 4100 αἰτία
1016 4047 1063 4116 τῆς
1106 4065 1183 4119 κασι,
1198 4043 1276 4102 πόθεν
1296 4043 1351 4124 ἔχει
1370 4049 1447 4104 τοῦτο
1463 4043 1493 4103 τδ
1505 4043 1568 4125 παρ’
1582 4047 1683 4104 ἑαυτῶν
1693 4043 1786 4119 λυτόν;
1803 4049 1825 4104 εί
1838 4045 1887 4120 μὲν

287 4137 405 4216 δευτέρας
419 4133 640 4210 ἀνακυκλήσεως;
656 4131 751 4198 ταύτας
773 4132 820 4209 μὲν
842 4129 874 4202 δὴ
892 4131 1001 4211 ρυσικὰς
1016 4135 1063 4191 οῦκ
1106 4129 1157 4212 γὰρ
1168 4131 1238 4190 κατὰ
1251 4129 1324 4213 ρύσιν
1340 4134 1426 4200 αὐτοῖς
1438 4139 1454 4205 ἡ
1468 4133 1556 4207 λύσις,
1568 4129 1630 4199 τίςό
1647 4129 1695 4203 τήν
1707 4131 1783 4213 ρύσιν
1797 4133 1887 4190 δεδω-

285 4225 362 4291 οῦσας
382 4221 515 4300 ἐξηγήσεις
535 4223 658 4298 οὐδαμῶς
673 4219 843 4280 ἀποδεκτέον,
864 4219 927 4278 lluc
940 4221 1064 4298 perlinet
1106 4217 1177 4293 κόνς;
1192 4220 1221 4278 ού
1239 4219 1290 4300 γὰρ
1303 4220 1380 4288 όλλυς
1397 4211 1429 4293 lv
1445 4219 1490 4292 ἢό
1511 4219 1682 4299 δημιουργός·
1694 4221 1716 4279 εί
1738 4219 1765 4278 δέ
1790 4221 1890 4286 ἐκεῖνος

286 4312 386 4380 eliam,
402 4307 481 4386 quod
491 4307 617 4366 Severus
628 4306 831 4364 conversiones
847 4305 995 4365 fabulosas
1009 4309 1061 4366 ad·
1107 4310 1179 4378 ὁτῆς
1189 4305 1288 4387 φύσεως
1301 4308 1387 4377 αὐτοῖς
1398 4309 1526 4389 χορηγός,
1536 4308 1633 4375 ἐκεῖνος
1647 4307 1715 4366 καίό
1730 4312 1776 4379 τῆς
1787 4307 1891 4374 λύσεως

287 4398 404 4455 mittens
427 4395 567 4454 mundum
591 4407 620 4453 et
634 4407 802 4472 generatum
823 4407 852 4452 et
872 4413 931 4452 non
945 4415 1063 4470 genera·
1109 4393 1198 4462 αίτιος.
1214 4398 1249 4456 El
1260 4395 1287 4456 δέ
1301 4395 1375 4476 παρὰ
1390 4396 1467 4476 φύσιν
1481 4395 1510 4454 τδ
1523 4394 1618 4473 λυτόν,
1629 4395 1698 4456 κατὰ
1712 4395 1790 4478 φύσιν
1804 4397 1891 4468 δήπου

287 4500 348 4545 tum
363 4485 440 4547 lacit.
459 4485 567 4543 luctor
580 4483 702 4542 Proclus
712 4483 761 4560 qui
776 4481 812 4542 ad
827 4483 877 4540 illa
891 4483 1020 4544 Platonis
1034 4487 1064 4543 in
1108 4481 1138 4542 τδ
1153 4483 1285 4560 ἐναντίον,
1299 4485 1329 4542 τὰ
1344 4483 1447 4545 όλυτον.
1461 4487 1494 4544 El
1505 4483 1533 4544 δέ
1549 4485 1621 4546 κατὰ
1638 4483 1732 4565 φύσιν,
1748 4484 1816 4564 παρ’
1830 4489 1892 4543 ἔαυ-

286 4574 394 4632 'l'imaeo
411 4572 501 4632 verba
514 4591 578 4650 pag.
592 4574 641 4639 δέ.
656 4571 739 4646 Αίοί.
751 4570 864 4632 Philos.
881 4571 933 4636 Gr.
949 4570 1061 4648 Fragm.
1108 4575 1159 4630 τῶν
1174 4569 1258 4651 ἔχοιεν
1271 4571 1301 4632 δν
1315 4573 1390 4632 τοῦτό
1407 4597 1456 4633 που
1471 4573 1515 4633 καί
1531 4573 1625 4634 όλυτον
1642 4576 1714 4656 (leg.
1727 4572 1757 4632 τὸ
1771 4573 1891 4648 ἄλυτον),

288 4665 349 4724 vol.
376 4661 417 4734 ll,
434 4681 463 4740 p.
484 4660 563 4741 162)
580 4659 619 4718 διδ
642 4657 674 4730 δή
695 4658 764 4718 κατὰ
786 4659 869 4718 ταύτὰ
885 4661 911 4718 έν
935 4661 974 4739 τῷ
995 4661 1065 4739 αὐτῷ
1110 4661 1155 4718 καί
1184 4660 1246 4720 αύτθ
1268 4661 1299 4720 τδ
1323 4651 1390 4720 εἶναι
1416 4665 1499 4722 αὐτῶν
1522 4661 1596 4722 ἐσται
1622 4667 1755 4740 τοιοῦτον,
1780 4663 1889 4722 όίδεκτυι

287 4750 333 4811 καί
357 4749 382 4809 ἐν
399 4753 484 4829 ἐαυτῷ
499 4747 666 4829 περιαγαγὼν
683 4745 746 4805 αὐτὰ
762 4747 867 4820 ἐποίησε
881 4747 970 4828 κύκλῳ
982 4752 1063 4807 κινεῖ·
1111 4747 1198 4820 πάντη
1220 4752 1266 4821 τῆς
1297 4749 1406 4828 λύσεως.
1430 4751 1530 4810 Severi
1552 4747 1728 4828 diagramma
1754 4750 1891 4829 pluribus

289 4847 351 4900 σθαι
367 4836 558 4921 στρερόμενον·
573 4835 620 4903 τὰς
634 4837 662 4894 δὲ
676 4833 703 4903 ἐξ
716 4834 821 4902 ἁπάσας
836 4834 950 4905 κινήσεις
963 4837 1066 4911 ἀφεῖλε,
1110 4837 1208 4896 verbis
1221 4839 1341 4916 exponit
1355 4837 1478 4898 Proclus
1499 4854 1705 4919 comparatque
1724 4859 1793 4900 cum
1817 4842 1890 4898 alio·

289 4930 333 4988 καῖ
348 4925 462 4994 ἀπλανὲς
478 4925 657 5007 ἀπειργάσατο
669 4923 782 4984 ἐκείνων.
798 4923 861 4984 Ἐπί
880 4922 907 4982 δὲ
921 4923 969 4994 τήν
980 4925 1068 5004 περίο-
1110 4944 1175 4982 rum
1186 4925 1428 5004 philosophorum
1448 4927 1483 4985 de
1496 4926 1595 4986 eadem
1609 4947 1641 4986 re
1654 4927 1778 5006 placitis.
1796 4929 1824 4986 ls
1842 4947 1894 4985 au·

290 5019 332 5076 δον
347 5016 462 5093 ταύτην,
476 5015 521 5074 ότι
534 5013 605 5074 ούδέν
619 5014 705 5072 ποδῶν
721 5011 794 5088 δέον,
809 5011 917 5077 ἀσκελὲς
928 5011 973 5069 καί
986 5012 1066 5070 ἄπουν
1112 5024 1169 5070 tem
1183 5013 1219 5070 ad
1234 5011 1310 5072 Tim.
1328 5034 1358 5094 p.
1375 5035 1443 5092 ιρι.
1462 5019 1496 5076 ll.
1513 5016 1575 5074 haec
1590 5016 1741 5074 annotavit
1756 5033 1764 5076 :
1781 5015 1832 5074 ὁδ’
1850 5006 1895 5073 οὖν

292 5105 355 5162 αὐτὸ
375 5105 496 5182 ἐγέννησε
509 5103 583 5162 ίιιιιιε
598 5117 696 5162 notam
711 5100 847 5180 apposuit
861 5121 928 5180 pag.
945 5103 1011 5159 168.
1029 5101 1065 5162 l).
1115 5101 1227 5162 Πλάτων
1241 5105 1267 5162 έν
1280 5107 1317 5184 τῷ
1332 5103 1443 5185 διατόνῳ
1459 5103 1525 5182 γένει
1538 5113 1650 5164 ποιεῖται
1663 5103 1710 5177 τὴν
1730 5105 1782 5162 τῶν
1798 5127 1896 5184 τετρα-

293 5205 298 5260 ι
312 5212 375 5271 pag.
390 5193 446 5268 398
461 5193 509 5254 ed„
524 5189 711 5270 Schneider.)
727 5189 756 5250 τδ
769 5189 816 5267 μέν
831 5189 998 5272 παράδειγμα
1021 5194 1067 5262 τῆς
1113 5189 1214 5271 χύρδων
1226 5191 1351 5271 διαίρεσιν
1359 5192 1404 5252 καί
1417 5193 1532 5273 πρόεισιν
1547 5195 1576 5253 ού
1591 5199 1668 5274 μέχρ·
1684 5197 1730 5253 τοῦ
1741 5192 1786 5252 διὰ
1799 5195 1896 5254 πασῶν
