4020 5950
239 317 258 374 ό
911 313 962 373 DE
984 309 1157 374 ausuum.

270 454 317 524 τὴν
332 455 379 532 μίν
394 451 444 534 γάρ
459 451 593 523 κακότητα
607 449 652 510 καί
667 448 756 508 ἰλαθόν
772 449 841 506 ἐστιν
855 443 959 506 έλίσθαι
1060 445 1091 503 in
1112 461 1216 520 genere
1237 439 1352 499 Cebetis
1375 438 1472 498 tabula
1497 439 1623 498 excellit.
1643 437 1741 507 Quid?
1760 437 1841 515 quod

273 543 390 626 ῥηϊδίως·
405 541 479 622 ὀλίγη
496 541 543 616 μὲν
558 539 632 612 ὁδός,
649 539 721 616 μάλα
736 538 760 595 δ’
775 535 863 615 ἐγγύθι
877 535 956 595 ναίει.
1055 533 1237 592 recentiores
1254 531 1392 588 Platonici
1408 529 1556 588 materiam
1567 527 1604 586 ab
1615 528 1839 588 aliistractntam

272 636 328 703 Τῆς
343 629 366 689 δ’
380 633 473 711 ἀρετῆς
492 631 589 708 ἱδρῶτα
603 627 656 687 θεοί
670 627 844 706 προπάροιθεν
859 626 953 696 ἔθηκαν
1060 623 1100 680 ita
1124 621 1219 678 denuo
1241 619 1426 696 poliverunt,
1454 625 1486 676 ul
1515 617 1679 695 compilatis
1709 615 1843 676 Platonis

273 720 413 779 ἀθάνατοι·
427 717 527 800 μακρός
542 717 568 774 δέ
584 716 628 775 καί
645 714 728 794 ὄρθιος
745 704 819 788 οἶμος
834 714 875 770 ἐπ’
893 709 983 782 αὐτήν,
1061 709 1179 768 scriniis
1194 706 1306 765 fabulas
1322 706 1358 764 de
1373 707 1537 764 animorum
1559 705 1754 763 humanorum
1775 720 1842 765 ante

273 809 319 868 ael
335 808 434 888 τρηχθς
446 807 476 867 τθ
489 809 605 884 πρῶτον·
620 803 685 874 ἐπὴν
699 805 722 862 θ’
739 804 773 869 εἰς
788 799 867 882 ἄκρον
881 798 972 877 ίκηαι,
1061 800 1135 856 hanc
1149 798 1240 855 vitam
1263 808 1338 853 statu
1365 814 1402 852 cx
1417 794 1529 852 decimo
1543 793 1580 852 de
1594 793 1744 872 republica
1763 795 1842 853 libro

279 898 367 978 ῥηϊδίη
395 897 427 968 δὴ
444 895 535 954 ἔπειτα
550 894 641 967 πέλει,
658 889 763 972 χαλεπή
779 913 829 969 περ
844 891 930 948 ἐοῦσα.
1062 887 1107 942 vel
1129 884 1246 943 aliunde
1268 896 1377 942 sumtas
1401 884 1518 941 adeam
1543 883 1794 942 accommodarent
1815 897 1846 942 et
1890 940 1895 947 ,

1062 971 1222 1030 Platonicis
1242 971 1413 1030 commentis
1433 973 1472 1049 (6)
1494 971 1632 1030 variatam
1654 972 1842 1047 refingerent.

236 1073 315 1131 Hanc
334 1071 425 1148 igitur
441 1071 586 1128 fictionem
608 1067 739 1126 certatim
760 1063 908 1123 inferioris
924 1060 1015 1119 aetatis
1107 1059 1281 1136 llujusmodi
1306 1079 1375 1134 ergo
1399 1058 1549 1136 sapientiae
1569 1060 1670 1116 doctor
1685 1059 1738 1117 luit
1753 1058 1845 1118 Euse-

144 1208 148 1217 .
234 1175 327 1240 poetae
361 1174 390 1218 et
420 1159 588 1238 philosophi
622 1166 818 1226 exornarunt,
845 1151 970 1209 maxime
993 1149 1014 1208 ii
1062 1148 1147 1232 bins,
1174 1146 1259 1224 cujus
1282 1146 1426 1205 librorum
1456 1146 1595 1224 reliquias
1618 1160 1682 1226 post
1700 1147 1843 1206 Orellium

236 1247 287 1326 qui
302 1248 456 1324 allegorias
468 1259 524 1304 tam
537 1245 671 1304 invenire
683 1261 768 1320 quam
784 1241 930 1320 explicare
944 1238 1017 1297 sole·
1063 1237 1170 1315 Opusc.
1182 1235 1245 1294 Vct.
1258 1235 1350 1293 Graec.
1363 1249 1436 1296 sent.
1450 1247 1478 1293 et
1494 1236 1596 1294 moral.
1610 1234 1673 1295 Vol.
1689 1235 1716 1292 ll
1729 1257 1759 1313 p.
1774 1235 1846 1292 362-

237 1350 312 1396 rcnt.
328 1335 401 1394 l'ide
414 1355 478 1414 quae
493 1335 556 1392 dixi
571 1333 607 1390 ad
623 1331 741 1388 Prodici
765 1329 958 1403 fragmentum
981 1345 1018 1384 ex
1067 1327 1120 1402 391
1144 1339 1172 1383 et
1192 1323 1299 1384 Stobaei
1315 1325 1441 1383 editores
1464 1324 1618 1400 diligenter
1630 1327 1785 1383 recensitas
1811 1343 1845 1381 ac

237 1425 438 1504 Xenophontis
450 1424 571 1481 lllemor.
584 1421 635 1479 lib.
651 1419 690 1493 ll,
704 1437 766 1496 cap.
782 1439 793 1474 1
809 1419 939 1494 petitum.
954 1414 1019 1484 Quo
1067 1415 1159 1472 latine
1179 1434 1277 1472 versas
1291 1413 1351 1490 jam
1367 1413 1532 1491 subjiciam.

235 1601 352 1658 ἀλληλέων
363 1600 393 1647 τὰ
413 1603 496 1660 πρῶτα
509 1595 672 1659 διειργόμεναι.
691 1594 737 1642 Καὶ
750 1595 766 1650 ἡ
782 1593 824 1654 μέν
845 1590 935 1639 αὐτέων
952 1588 1016 1648 ἐστί,
1067 1607 1122 1644 ισως
1134 1591 1259 1651 τέθναμεν·
1270 1589 1326 1650 ὅπερ
1338 1589 1383 1646 ἢθη
1395 1605 1437 1636 τευ
1449 1589 1524 1650 ἔγωγε
1539 1590 1578 1636 καὶ
1591 1590 1684 1646 ἥκουσα
1696 1594 1743 1638 τῶν
1751 1593 1847 1650 σοφῶν,

237 1673 309 1720 όκοῖοι
329 1671 357 1728 δη
375 1671 417 1726 τὴν
434 1669 573 1730 τιμιωτέρην
590 1667 654 1722 τάξιν
676 1664 836 1726 λαχοῦσα,έκ
858 1663 930 1717 δεξιῆς
951 1661 1017 1724 χερός
1064 1663 1215 1724 ῶςνῦνημεῖς
1223 1661 1397 1722 τέθναμεν,καὶ
1407 1661 1433 1708 τὸ
1444 1661 1485 1721 μὲν
1493 1660 1564 1720 σῶμά
1578 1660 1641 1708 ἐστιν
1651 1662 1708 1719 ἡμῖν
1716 1663 1846 1718 σῆμα,τῆς

238 1737 363 1788 ἐσιόντων·
378 1738 437 1796 αὐτη
449 1738 487 1785 ἐπὶ
500 1738 541 1795 τήν
552 1736 634 1796 ἀρετὴν
655 1735 740 1795 αὐτῇσι
758 1733 865 1790 ἡγέεται·
878 1733 893 1788 ἠ
909 1731 975 1793 ἑτέρη
992 1729 1017 1778 δὲ
1063 1731 1088 1779 di
1095 1731 1173 1794 ψυχῆς
1181 1735 1260 1790 τοῦτο,
1267 1731 1316 1791 ἐνῴ
1331 1732 1356 1779 od
1370 1729 1490 1790 ἐπιθυμίαι
1503 1730 1563 1792 eloi,
1573 1730 1683 1792 τυγχάνει
1693 1730 1719 1778 ὂν
1728 1729 1777 1778 olor
1788 1730 1845 1776 ἀνα-

237 1811 292 1868 λαιὴ
307 1809 378 1856 ἐοῦσα
397 1808 435 1856 ἐπὶ
454 1807 496 1865 τὴν
510 1806 595 1862 κακίην
609 1805 657 1853 ἐστὶ
672 1801 1018 1865 παραπέμπουσα.Φατίζονται
1064 1803 1187 1852 πείθεσθαι
1202 1801 1243 1850 καί
1252 1801 1404 1862 μεταπίπτειν
1417 1801 1467 1850 ἀνω
1481 1802 1520 1848 καὶ
1537 1801 1615 1849 κάτω·
1629 1800 1671 1849 ubi
1681 1799 1845 1849 scholiastes:
1898 1805 1902 1810 '

238 1881 263 1930 st
273 1879 333 1929 εΙναι
345 1877 469 1936 τοιαίθε·ἠ
482 1877 523 1940 μὲν
535 1883 576 1934 τῆς
587 1875 667 1936 ἀρετῆς
680 1874 708 1920 τᾶ
718 1874 851 1934 fledradi*
862 1871 1019 1929 ῑῦἡλοτᾶνως
1064 1875 1094 1924 τθι
1106 1873 1203 1936 Ιαμόεῖα
1218 1874 1246 1921 ἐκ
1259 1877 1301 1920 τοῦ
1315 1873 1403 1932 Φρίξου
1420 1877 1462 1920 τοῦ
1482 1872 1597 1936 δράματος
1617 1871 1753 1935 Εὐριπίδου.
1774 1869 1813 1926 Τίς
1825 1869 1847 1918 δ’

237 1951 348 2012 παρέχειν
359 1950 451 2010 δοκέει,
467 1947 508 1996 olai
524 1963 550 1995 τε
570 1946 648 2006 μέντοι
674 1946 768 2004 συντχέῑ
793 1943 858 2005 πόνιρ
878 1943 1017 1998 ἀνυσθῆναι·
1065 1947 1140 2004 οἶδεν,
1154 1946 1174 1993 sl
1186 1945 1213 1992 τὸ
1225 1947 1265 2002 ζῆν
1277 1943 1318 2005 μέν
1332 1943 1381 1991 ἐστι
1395 1946 1560 2004 aucturetate
1571 1943 1773 2000 κατθανεῖνδὲζῆν
1782 1941 1848 1990 καίετο

238 2020 298 2068 ἀλλὰ
312 2020 352 2068 ιοιὶ
365 2019 418 2073 τοὺς
437 2017 621 2078 ιοιτιιγτομένοντ
634 2015 682 2077 ἔχει
694 2015 735 2063 aot
747 2015 944 2078 τοιονπέιιποντοιε
956 2011 1019 2060 άνιν-
1065 2013 1417 2080 νομίςειαι,ΕοσιθοιιιιιΡΙιι·ἰιιο
1422 2029 1509 2066 versus
1517 2015 1551 2066 ita
1558 2015 1650 2078 proten
1658 2015 1771 2066 smhaens
1782 2011 1846 2064 tior.

237 2092 324 2146 δόνως·
337 2091 364 2138 τὸ
384 2089 409 2137 δέ
428 2089 487 2150 μετά
502 2085 573 2136 ταύτό
592 2087 641 2134 ἐστι
653 2086 704 2139 ὁδός
717 2086 766 2141 ίθέη
777 2101 803 2133 τε
816 2087 855 2132 καί
871 2084 937 2146 εὐρέη
954 2083 1021 2144 μέχρι
1066 2089 1139 2144 cxx,
1150 2089 1176 2134 te
1188 2085 1222 2140 τίς
1230 2081 1249 2132 δ’
1261 2084 1331 2142 οἶδεν,
1339 2087 1359 2132 εἰ
1378 2087 1419 2142 ζῆν
1433 2086 1507 2146 τοῦθ’,
1520 2086 1533 2134 ὃ
1552 2085 1662 2140 κέκληται
1673 2083 1794 2142 θανεῖν,τό
1807 2083 1847 2137 ζῆν

237 2167 278 2220 τῆς
293 2160 332 2208 ἐπὶ
343 2160 385 2216 τὴν
401 2158 528 2220 ᾰνρόπθλῑν
540 2157 611 2204 νῦννῦ
630 2159 672 2202 τοῦ
690 2155 779 2202 ’‘ald’'
792 2155 829 2202 ἐπ’
842 2155 871 2212 ἣν
885 2152 986 2200 ἀνελθὼν
997 2151 1021 2197 έν
1066 2159 1208 2214 θὲθνήσκειν
1219 2156 1282 2216 tort,
1296 2154 1350 2202 vid.
1365 2155 1489 2220 Euripidis
1498 2156 1624 2220 fragment.
1634 2169 1659 2218 p.
1668 2159 1710 2204 821
1732 2151 1771 2202 ed.
1785 2153 1845 2200 Wa-

238 2235 302 2279 τοῖσι
322 2228 469 2276 καλλίστοισι
491 2228 556 2275 ἔσεαι
578 2226 617 2273 καί
633 2226 672 2291 θέη
694 2225 769 2272 ἄλλων
783 2241 808 2272 τε
828 2224 915 2287 μυρίων
928 2221 1021 2282 ἀγαθῶν
1066 2241 1133 2290 gner.
1149 2225 1220 2275 Plato
1234 2225 1325 2288 crata-1.
1341 2239 1365 2288 p.
1377 2229 1423 2274 loo
1437 2229 1477 2274 καί
1491 2227 1536 2289 γάρ
1551 2227 1617 2288 σῆμά
1629 2228 1688 2282 τινές
1706 2240 1775 2284 φασιν
1790 2219 1848 2270 αὐτὸ

239 2303 341 2350 καὶτῶν
359 2298 588 2362 εὐθαιμανεστάτων,
603 2297 663 2358 ἀτάρ
679 2296 707 2354 δὴ
726 2295 765 2343 καὶ
781 2294 869 2358 φωτός,
884 2293 969 2346 παντὸς
981 2292 1022 2338 τοῦ
1067 2299 1102 2360 (τὸ
1117 2296 1198 2358 σῶμα)
1212 2296 1271 2346 εἶναι
1283 2302 1323 2354 τῆς
1337 2298 1430 2358 ψυχῆς,
1444 2299 1475 2352 ὡς
1488 2299 1629 2359 “puppem
1651 2298 1675 2346 ἐς
1690 2300 1724 2359 τῷ
1743 2299 1783 2343 ,ῦς
1802 2309 1849 2342 για·

241 2375 325 2420 λοιποῦ
337 2371 416 2418 auto
428 2368 503 2433 poplo
515 2369 657 2430 προθοοντοτ
676 2367 723 2414 νεὶ·
735 2363 939 2426 νῦνοενδνονᾶτνν-
950 2363 1022 2426 Hirti
1067 2369 1137 2432 ρόντι.
1149 2367 1198 2419 Sed
1210 2367 1346 2416 communis
1358 2368 1411 2418 hcm
1424 2367 1557 2416 multorum
1575 2367 1621 2417 luit
1634 2366 1715 2430 opinio
1728 2367 1803 2427 atque
1816 2361 1848 2410 ab

240 2443 264 2492 δὲ
276 2443 316 2490 ναί
330 2441 367 2489 hd
380 2445 459 2488 πᾶσαν
472 2445 516 2498 νῆν
529 2439 724 2496 ἀναπεπταμένην
743 2438 768 2484 εί
783 2437 861 2490 πόλιος
880 2436 934 2484 lem
948 2434 989 2480 ναὶ
1001 2435 1023 2480 οἱ
1068 2437 1245 2502 antiquissimis
1257 2437 1332 2488 dueta
1346 2438 1508 2501 temporibus.
1521 2438 1691 2488 Theodoretus
1706 2439 1785 2488 Graec.
1806 2437 1847 2484 Λί-

240 2515 282 2572 τήν
295 2518 338 2575 γῆν
352 2512 514 2565 κατοικέοντες
532 2511 573 2558 καί
586 2510 750 2572 ἐργαζόμενοι,
762 2509 813 2570 περὶ
828 2512 875 2554 τῶν
888 2509 919 2561 ὡς
934 2507 1023 2553 ἕκαστα
1068 2511 1124 2560 tect.
1143 2511 1227 2560 curat.
1242 2510 1262 2556 V
1277 2523 1300 2571 p.
1314 2513 1359 2558 stt
1374 2510 1487 2572 σύμφωνα
1506 2511 1532 2560 δὲ
1550 2511 1691 2560 τούτωνκαὶ
1705 2510 1819 2564 Φιλόλαος
1836 2507 1849 2554 ό

240 2587 290 2646 Ιχει
303 2586 316 2632 ὁ
329 2584 365 2631 επὶ
379 2581 508 2644 αυμόαυλίη
527 2583 575 2628 τῶν
591 2581 686 2642 ψυχέων
698 2579 855 2640 προπεμφθεὶς
874 2577 930 2639 ἐρέει
945 2575 1022 2636 λόγνθ·
1069 2579 1226 2643 Πυθαγόρειος
1239 2579 1294 2640 έρη·
1309 2581 1369 2637 λέγει
1381 2579 1406 2627 δέ
1422 2579 1477 2627 ὧδε·
1495 2584 1660 2643 μαρτυρίανται
1675 2583 1698 2630 dl
1715 2583 1755 2628 καί
1768 2583 1789 2628 ol
1803 2595 1850 2627 πα-

241 2657 287 2703 ίίαί
299 2655 341 2711 ἥδε
353 2653 394 2715 μέν
406 2652 452 2700 ὧδέ
464 2669 511 2707 κως
526 2651 588 2713 ἔχει·
601 2649 651 2707 ἡδὶ
661 2649 700 2696 ἐπὶ
709 2649 751 2705 τήν
767 2647 853 2704 κακίην
869 2646 961 2707 ἄγουσά
974 2646 1024 2694 ἐστι
1068 2649 1131 2698 hotot
1141 2647 1247 2707 θεολόγοι
1259 2663 1285 2694 τε
1297 2649 1337 2695 καὶ
1349 2647 1454 2710 μάντεις,
1468 2652 1498 2704 ῶς
1509 2650 1547 2699 διά
1558 2668 1620 2708 τινας
1635 2652 1747 2713 τιμωρίας
1759 2649 1850 2710 ἡψυχὴ

242 2727 293 2784 λείη
306 2725 336 2773 τὰ
351 2723 392 2783 μέν
411 2721 463 2771 κατ’
481 2721 568 2784 ἀρχάς,
588 2723 619 2775 ὡς
640 2719 721 2780 ὀλίγου
740 2717 820 2780 πάγχυ
842 2719 882 2766 καί
901 2717 983 2766 τούτου
997 2715 1025 2765 αὐ
1069 2724 1104 2782 τῷ
1117 2719 1211 2780 σώματι
1225 2719 1375 2768 συνέζευκται
1392 2719 1433 2767 καὶ
1453 2721 1558 2783 καθάπερ
1576 2723 1599 2769 ἐν
1620 2723 1706 2782 σήματι
1723 2721 1798 2784 τούτῳ
1814 2721 1851 2768 τέ·

241 2795 355 2856 γνησίου,
369 2794 490 2850 ἀποτηλοῦ
500 2793 541 2850 δέ,
552 2793 592 2839 καί
607 2791 647 2839 ἐπὶ
662 2793 793 2852 παραγωγῇ
807 2791 854 2836 τῶν
869 2785 1024 2850 προσιόντων,
1069 2791 1154 2838 θαπται
1165 2807 1171 2850 ;
1183 2791 1271 2838 Sextus
1281 2789 1417 2851 Empiricos
1425 2790 1511 2854 Pyrrh.
1526 2793 1569 2850 ΙΙΙ,
1583 2797 1628 2842 230
1642 2793 1689 2842 όθὲ
1701 2791 1851 2854 Ἡράκλειτός

242 2865 372 2924 γεύσασθαι
385 2863 468 2917 αὐτοὺς
482 2867 524 2911 τοῦ
538 2863 619 2920 allier·
632 2861 695 2909 ὥστε
710 2862 750 2908 καὶ
763 2860 858 2922 μηθενός
878 2859 937 2920 μετὰ
952 2861 1025 2905 ταῦτα
1069 2877 1155 2922 φησιν,
1169 2859 1205 2910 ότι
1220 2861 1260 2908 καὶ
1273 2861 1299 2908 τὸ
1312 2864 1351 2918 ζῆν
1365 2863 1405 2908 καὶ
1419 2863 1446 2910 τό
1461 2862 1585 2912 ἀποθανεῖν
1599 2864 1639 2913 καὶ
1652 2865 1675 2912 ἐν
1690 2867 1724 2924 τῷ
1741 2868 1780 2922 ζῆν
1790 2865 1850 2925 ἡμᾶς

242 2935 356 2997 ἡγεμόνος
369 2935 538 2996 εὓρνῦνοίνένον
549 2934 615 2988 Εὐθὺς
625 2932 677 2992 ‘llil
691 2932 714 2986 ἐξ
724 2932 778 2980 ὁδὸν
787 2930 885 2988 millet
907 2927 1025 2983 ⁰²⁶l⁰²¹tlt
1070 2933 1120 2981 lora
1132 2930 1172 2980 καί
1187 2931 1210 2979 έν
1223 2933 1258 2994 τῷ
1271 2933 1393 2980 τεθνάναι·
1407 2931 1446 2980 ὅτε
1462 2932 1561 2994 μὲνγὰρ
1574 2939 1639 2996 ἡμεῖς
1653 2940 1742 2996 ζῶμεν,
1753 2935 1794 2989 τὰς
1805 2935 1849 2996 ψυ-

243 3019 269 3052 τε
286 3005 406 3067 ἐχουσαν,
421 3005 502 3058 οίτινες
521 3003 549 3061 δή
570 3003 645 3065 ὀξέες,
660 3003 754 3064 μεγάλοι
768 3003 807 3050 καὶ
823 3002 907 3050 πυκνοὶ
922 3017 1025 3048 καταπε·
1070 3003 1114 3066 χὰς
1126 3006 1196 3064 ἡμῶν
1209 3001 1314 3050 τεθνάναι
1328 3003 1369 3052 καί
1383 3004 1407 3051 ἐν
1421 3006 1476 3062 ἡμῖν
1487 3005 1613 3068 τεθάφθαι,
1625 3005 1663 3054 ὅτε
1675 3007 1699 3054 δέ
1714 3007 1782 3066 ἡμεῖς
1795 3004 1852 3052 ἀπα·

242 3075 350 3136 πήγασι,
363 3075 403 3122 καί
411 3073 526 3138 χαράδρας
536 3076 575 3122 καί
587 3073 716 3138 κρημνούς,
727 3074 788 3122 κατὰ
802 3075 900 3134 κεραλῆς
913 3073 1025 3126 ὠθέοντες
1071 3073 1215 3133 θνήσαομεν,
1228 3071 1269 3127 τὰς
1285 3073 1362 3134 ψυχὰς
1384 3073 1495 3122 elsatam
1516 3073 1558 3122 καὶ
1579 3079 1627 3133 ζῆν.
1648 3074 1761 3124 Clemens
1781 3074 1855 3124 Alex..

242 3147 296 3200 τούς
312 3147 482 3206 πορευομένους
495 3144 558 3192 κατὰ
570 3150 612 3192 τοῦ
622 3146 787 3207 συμψησοντος
801 3145 840 3192 καὶ
853 3141 1026 3204 παρασύροντος
1070 3145 1160 3193 Sitom.
1174 3143 1209 3191 lll
1223 3155 1247 3204 p.
1262 3147 1307 3191 520
1318 3143 1340 3191 τί
1353 3144 1390 3200 θές
1403 3144 1457 3206 οὐχί
1472 3145 1512 3193 καί
1524 3147 1675 3208 Ἡράκλειτος
1693 3146 1791 3196 θάνατον
1811 3147 1852 3204 την

243 3219 296 3272 τούς
310 3216 488 3276 κατενεχθέντας
503 3215 525 3270 ές
537 3214 607 3263 αὐτόν
619 3220 727 3276 ποταμοῦ
741 3215 805 3263 κάτω
819 3213 926 3275 βορὸόριμ
942 3212 981 3259 καί
993 3211 1026 3259 λί·
1071 3217 1162 3276 γένεσιν
1184 3214 1268 3273 καλεῖ;
1291 3214 1428 3277 Πυθαγόρας
1449 3215 1474 3262 δὲ
1488 3215 1527 3264 καὶ
1547 3219 1581 3277 τῷ
1595 3215 1619 3263 ἐν
1632 3216 1717 3278 Γοργίᾳ
1733 3216 1851 3278 Σωκράτει

243 3289 290 3340 θοις
304 3287 409 3350 ῥέοντος·
426 3285 487 3333 ὥστε
501 3285 599 3340 πολλοὺς
612 3283 676 3339 εὐθὺς
688 3284 750 3332 οὕτω
769 3283 953 3346 διαφθείρεσθαι,
966 3283 988 3329 ol
1000 3281 1026 3328 δέ
1071 3286 1189 3348 ἐμφερῶς,
1204 3285 1227 3332 έν
1239 3284 1273 3339 οίς
1286 3301 1358 3344 φησι,
1372 3283 1468 3340 θάνατός
1480 3285 1543 3335 ἐστιν
1551 3324 1557 3347 ,
1566 3285 1642 3335 όκόσα
1655 3287 1781 3350 ἐγερθέντες
1791 3286 1852 3349 θρέο-

244 3359 322 3407 λοιιτοὶ
349 3357 423 3420 τάχη,
439 3355 488 3404 οὐτ’
506 3354 543 3417 dp’
559 3354 634 3416 οίκείη
653 3355 796 3418 προμηθείας,
820 3355 857 3404 ἐπί
878 3355 919 3410 τὰς
945 3353 1025 3401 αὐτόθι
1072 3368 1126 3416 μεν·
1142 3355 1219 3404 ὁκόσα
1243 3355 1268 3402 δέ
1287 3355 1407 3416 εὐθοντες,
1427 3356 1506 3410 ὐπνος.
1528 3355 1600 3405 Philo
1621 3355 1695 3419 Alleg.
1715 3355 1761 3419 leg.
1784 3355 1850 3405 ltin·

244 3429 329 3482 ἐούσας
343 3425 426 3480 πόλιας
442 3424 650 3473 διασκεδαννύαται
659 3424 724 3472 ἄλλοι
737 3425 821 3472 ᾰλλασε
837 3424 878 3472 καί
893 3423 930 3470 ἐπὶ
943 3425 1022 3469 πᾶσαν
1073 3427 1170 3488 μονονοὺ
1183 3427 1223 3476 καὶ
1237 3427 1250 3474 ὁ
1262 3426 1424 3488 Ἡράκλειτος,
1441 3427 1503 3475 κατὰ
1519 3432 1589 3476 τοῦτο
1611 3425 1734 3482 Μωῡσέως
1753 3428 1850 3477 emm.

244 3498 333 3555 ‘wll-lll
343 3498 427 3545 έθῡναν
439 3495 481 3552 τὴν
492 3495 585 3558 λώβην,
597 3496 647 3556 περὶ
662 3499 708 3543 τῶν
727 3495 755 3552 δὴ
775 3495 813 3542 ναί
829 3495 907 3543 αὐτῶν
921 3494 933 3541 ὁ
946 3507 1026 3555 προεν-
1073 3499 1146 3554 eaeo
1159 3503 1193 3560 τῷ
1203 3497 1302 3558 ἀόγματί
1315 3497 1387 3560 ρηοι“
1398 3501 1479 3563 Ζῶμεν
1490 3499 1532 3548 τὸν
1541 3497 1637 3548 ἐκείνων
1648 3497 1760 3560 θάνατον,
1775 3499 1852 3556 ere-rt-

245 3564 342 3624 ρημένος
350 3564 448 3626 ἄγγελος
458 3565 615 3626 ἀπηγήσεται.
624 3565 696 3628 -(θ)
704 3563 822 3614 Eusebius
831 3563 895 3627 apud
903 3565 1027 3614 stobaeum
1072 3585 1147 3630 καμεν
1159 3569 1184 3617 δὲ
1198 3571 1237 3617 τόν
1253 3567 1348 3616 ἐκείνων
1364 3569 1427 3630 βίον·
1442 3571 1473 3624 ὡς
1487 3575 1527 3618 νύν
1547 3569 1588 3631 μέν
1603 3569 1642 3617 ὅτε
1661 3571 1760 3631 ἐνζῶμεν
1777 3571 1853 3628 τεθνη-

245 3633 327 3697 Eelog.
341 3633 385 3683 hh.
409 3635 432 3683 ll
447 3649 500 3700 cap.
517 3639 574 3686 Vlll
590 3637 629 3700 (ir.
652 3636 692 3698 θθ)
713 3637 788 3699 ψυχαὶ
802 3636 946 3702 ἀνθρώπων,
958 3635 1028 3697 φύσιν
1073 3639 1139 3694 κυίας
1151 3644 1191 3696 τῆς
1206 3640 1283 3702 ψυχῆς
1298 3639 1337 3687 καί
1353 3639 1384 3694 ὡς
1396 3639 1424 3686 ἂν
1442 3641 1465 3688 ἐν
1479 3642 1566 3702 σήματι
1581 3647 1615 3704 τῷ
1631 3641 1724 3704 σώματι
1745 3643 1852 3704 έντετυμ-

246 3705 346 3768 ἔχουσαι
367 3707 446 3761 θνηταί
461 3723 486 3754 τε
500 3707 560 3755 εἶναι
579 3709 619 3756 καί
634 3706 758 3766 ἀθάνατοι,
773 3707 812 3755 καί
826 3711 874 3768 ζωῇ
889 3707 930 3768 μέν
943 3711 971 3768 τῇ
990 3705 1027 3753 ἐπὶ
1073 3707 1192 3770 θευμένης.
1204 3707 1329 3769 Hierocles
1341 3707 1366 3756 ln
1378 3721 1452 3758 cerm.
1467 3722 1520 3758 aur.
1534 3723 1558 3772 p.
1574 3713 1617 3759 142
1631 3711 1668 3760 διὸ
1690 3715 1731 3762 καὶ
1750 3713 1853 3776 ἐπαμησ-

246 3782 286 3834 τῆς
300 3783 341 3838 γῆς
353 3779 493 3841 νομιζομένῃ
506 3777 598 3842 θανάτῳ
612 3779 780 3842 ἐγκυρέσυσαι,
795 3777 887 3838 θανάτῳ
899 3778 923 3826 dl
938 3782 972 3838 τῷ
987 3778 1027 3824 do·
1072 3781 1153 3840 παρίζει
1162 3783 1215 3834 ταῖς
1225 3778 1352 3840 σχέσεσιν,
1363 3779 1401 3827 ότὲ
1412 3779 1454 3840 μὲν
1466 3780 1516 3828 ἐκεῖ
1527 3783 1593 3836 ζῶσα
1604 3781 1645 3839 την
1657 3783 1738 3844 νοερόν
1751 3783 1851 3840 εὐζωίαν

245 3847 320 3896 κέοντι
330 3849 409 3897 αὐτόθι
426 3853 487 3908 ζωὴν
502 3849 725 3912 ἁπολαμόάναυαοιι,
737 3849 808 3898 ἐπεὰν
822 3849 908 3911 χρόνου
928 3852 970 3896 τοῦ
988 3864 1025 3896 τε·
1073 3853 1111 3899 ότέ
1124 3852 1149 3900 δὲ
1162 3848 1260 3898 ἐνταῦθα
1272 3849 1314 3906 τὴν
1328 3850 1467 3907 αἰσθητικὴν
1486 3849 1614 3910 ἐμπάθειαν
1628 3853 1850 3916 προσλαμόαὶνουσα.

246 3921 361 3980 ταημένου
373 3923 427 3981 ὑμῖν
442 3921 579 3976 ἀνυσθέντος
593 3919 657 3976 αὖτις
679 3921 808 3978 ἀπολυθῆτε
826 3920 936 3982 σώματος
948 3923 989 3967 τοῦ
1004 3919 1027 3967 έν
1073 3923 1154 3972 Ἔνθεν
1172 3921 1215 3969 καὶ
1233 3919 1323 3980 λέγεται
1344 3920 1417 3982 ὀρθῶς
1435 3923 1481 3969 ὐπὸ
1493 3919 1660 3986 Ἠραπλείτον,
1676 3925 1710 3972 ότι
1726 3929 1800 3986 ζῶμεν
1814 3925 1853 3973 τόν

246 3995 281 4050 τῷ
296 3991 374 4040 αὐτόθι
394 3990 486 4053 θανάτῳ
507 3995 679 4054 ὑποδεξαμένου
699 3993 785 4054 ὐμέας,
806 3991 948 4046 διαδέξονται
962 3989 1026 4046 aeri<
1073 3993 1167 4042 ἐκείνων
1180 3991 1291 4049 θάνατον,
1303 3991 1444 4052 τεθνηκαμεν
1457 3991 1482 4040 at
1493 3991 1533 4040 τὸν
1545 3991 1640 4041 ἐκείνων
1651 3995 1701 4056 βίον
1720 3993 1853 4044 Numenius

246 4064 318 4122 θμέας
329 4061 415 4124 τρόπον
430 4069 470 4118 τῆς
483 4064 520 4110 ἐπὶ
535 4069 576 4124 γῆς
589 4067 648 4120 ζωῆς
662 4062 709 4125 βίοι
722 4065 743 4111 ot
756 4061 909 4124 θρειλόμειοι.
925 4062 953 4109 ln
967 4073 1025 4108 ean·
1074 4063 1139 4126 apud
1157 4059 1320 4126 Porphyrium
1335 4059 1365 4110 de
1380 4063 1456 4109 hntro
1471 4075 1495 4124 p.
1512 4067 1557 4110 256
1571 4061 1610 4112 ed.
1625 4065 1739 4115 emant.
1753 4065 1794 4114 καί
1811 4066 1848 4114 ἀλ·

246 4130 302 4181 dem
318 4132 464 4182 sententiam
478 4133 548 4182 Plato
562 4135 634 4196 Gorg.
648 4147 672 4196 p.
686 4137 731 4182 tet
758 4147 780 4182 c.
795 4134 853 4182 ἀλλὰ
875 4131 965 4194 μὲνδὴ
986 4132 1026 4180 καί
1073 4137 1148 4198 λαχοῦ
1161 4134 1186 4182 et
1199 4133 1266 4197 φάναι
1279 4137 1319 4190 ζῆν
1336 4135 1398 4193 ἡμᾶς
1412 4133 1452 4180 τὸν
1466 4132 1560 4181 ἐκείνων
1573 4131 1630 4197 [τῶν
1641 4133 1733 4197 ψυχῶν]
1745 4137 1851 4193 θάνατον,

246 4202 278 4256 ὥς
291 4219 317 4263 γε
329 4203 359 4251 οὐ
374 4203 462 4263 λέγεις,
474 4204 546 4258 δεινὸς
559 4203 640 4266 όβίος.
655 4203 691 4252 Οὐ
703 4201 746 4265 γάρ
757 4219 794 4251 τοι
805 4203 944 4264 θαυμάζοιμ’
954 4203 991 4262 άν,
1005 4203 1026 4250 εί
1073 4205 1114 4252 καὶ
1135 4208 1173 4264 ζῆν
1193 4201 1282 4259 ἐκείνας
1304 4203 1344 4250 τὸν
1362 4205 1474 4266 ἡμέτερον
1488 4203 1595 4253 θάνατον.
1607 4203 1670 4254 Vide
1690 4203 1752 4252 Phil.
1772 4206 1850 4255 Graec.

251 4271 375 4333 Εὐριπίθης
391 4273 464 4332 ἀληθῆ
478 4275 501 4321 έν
514 4275 593 4322 τοῖσδε
607 4275 683 4332 λέγει,
698 4275 785 4334 λέγων,
795 4273 829 4329 τίς
844 4271 864 4320 δ’
878 4271 955 4334 οἶδεν,
968 4273 989 4320 εἰ
1000 4273 1027 4320 τθ
1074 4277 1169 4338 Pragm.
1183 4275 1238 4326 Vol.
1255 4277 1264 4323 l
1278 4287 1331 4338 pag.
1346 4279 1388 4323 321
1406 4278 1431 4324 et
1443 4280 1488 4324 323

247 4345 287 4401 ζῆν
294 4345 334 4400 μέν
342 4343 391 4392 ἐστι
398 4345 534 4401 κατθανεῖν,
546 4337 730 4393 τόκατθανεῖνθὲ
740 4347 793 4406 ζῆν;
805 4344 845 4391 καί
854 4345 919 4400 ἡυεῖς
931 4347 965 4406 τῷ
979 4343 1027 4391 όντι
