3976 5948
335 612 713 710 ΝΟΥΜΗΝΙΟΥ
1220 615 1476 705 NUMENII

286 829 385 896 ror
411 790 756 920 nnarnuuro'r
993 873 995 878 -
1098 831 1323 905 PLATONICI
1348 834 1598 908 ruinosornr

363 1015 681 1118 ιιιοιιιιειιιτιι.
1200 1029 1499 1114 ausculanus.

434 1197 614 1225 ⁴000——
1260 1210 1436 1234 ⁴00·—

174 1495 195 1534 ι.
220 1472 284 1533 Ἐπί
298 1469 346 1549 μὲν
359 1470 444 1529 τοίνυν
463 1472 634 1532 Σπεύσιππον
651 1471 695 1530 τόν
710 1469 851 1540 Πλάτωνος
866 1471 913 1547 μὲν
958 1494 1031 1548 μενοι
1045 1475 1180 1551 οιίδαμῶς,
1196 1475 1404 1551 ὁμολογήσαντες
1429 1480 1456 1538 δὲ
1470 1471 1538 1537 εἰναι
1559 1484 1631 1562 σοφῷ
1649 1487 1737 1542 συνδε-

130 1563 302 1642 όδελφιδοῶν,
318 1559 485 1638 Ξενοκράτην
507 1558 534 1618 δὲ
556 1559 602 1620 τδν
621 1560 742 1641 διάδοχον
755 1564 801 1619 τοῦ
821 1561 913 1622 Σπευ-
957 1559 1091 1640 δογμίνοι,
1107 1563 1153 1621 καί
1169 1563 1244 1623 αὐτοὶ
1262 1563 1305 1621 διά
1327 1569 1404 1624 τοῦτο
1423 1566 1575 1626 ἀπέλαυσαν
1590 1574 1638 1642 τῆς
1652 1553 1737 1648 προσ-

130 1646 411 1724 σίππου,[1ολίμωνα
434 1647 461 1705 δί
484 1647 527 1707 τόν
550 1647 719 1726 ἐκδεξάμενον
742 1649 790 1721 τήν
813 1649 913 1729 σχολήν
959 1648 1058 1729 ρήσιως
1072 1651 1187 1716 εἰκότως.
1233 1649 1352 1731 Ὗπῆρξί
1369 1677 1397 1712 τε
1409 1655 1438 1714 lx
1452 1655 1545 1717 τούτου
1556 1657 1599 1717 ίπί
1613 1660 1737 1718 πλεῖστον
1836 1719 1838 1724 ,

129 1737 203 1818 παρὰ
217 1733 397 1814 Ξενοκράτους
411 1733 452 1792 est
468 1734 498 1793 τό
511 1725 572 1807 ήθος
587 1735 724 1795 διετείνετο
735 1739 787 1794 τῶν
810 1735 912 1814 δογμά·
956 1736 1009 1802 τοῖς
1024 1735 1166 1812 μετέπειτα
1181 1737 1386 1818 Ἐπικουρείοις,
1407 1742 1576 1818 μηδ’,αθτοῒς
1596 1747 1678 1804 εἰπεῖν
1694 1771 1738 1805 πω

127 1849 180 1886 των
200 1821 293 1904 σχεδόν
309 1844 336 1880 τι
361 1821 470 1896 ταύτόν,
489 1821 566 1882 ίνεκοί
590 1846 621 1901 γε
639 1828 686 1896 τῆς
706 1823 787 1900 μήπω
812 1825 911 1903 ίποχῆς
957 1823 1077 1884 ἰναντίον
1092 1823 1152 1885 οὔτε
1175 1825 1299 1898 ἀλλήλοις
1306 1870 1315 1899 ,
1341 1827 1401 1887 ούτε
1430 1829 1581 1911 Ἐπικούρῳ
1601 1833 1683 1910 μηδὲν
1703 1839 1739 1901 εἰς

126 1911 240 1984 ταυτησί
253 1913 301 1982 τῆς
313 1907 529 1990 πολυθρυλλήτου
541 1933 585 1984 τε,
601 1909 646 1970 καί
658 1913 680 1970 εἰ
692 1910 726 1984 δή
739 1934 817 1970 τινων
829 1913 912 1972 τοιού·
957 1911 1051 1988 μηδίν,
1067 1909 1128 1973 ύτου
1143 1913 1189 1972 καί
1210 1921 1358 1990 μνησθῆναι
1372 1916 1453 1986 όξιον.
1482 1919 1552 1979 ’nii’
1566 1918 1637 1980 ἔστιν
1652 1925 1739 1988 αὐτοῖς

131 2024 184 2060 των
199 1999 299 2060 ἄλλων.
343 1997 421 2058 Ἐπεὶ
435 1995 471 2063 εἰς
490 2020 521 2075 γε
533 1997 567 2058 τδι
586 1997 655 2058 άλλα
676 2001 799 2080 πολλαχῆ
816 2002 849 2061 τδι
865 1999 912 2077 μίν
956 1998 1153 2078 παρανόμημα,
1168 2002 1269 2077 μᾶλλον
1286 2002 1313 2061 il
1334 2003 1477 2080 άσίύημα,
1490 2008 1536 2066 καί
1555 2009 1738 2087 κατίγνωσται

127 2085 305 2168 παραλύοντες
316 2094 340 2158 “,
355 2083 388 2143 τά
403 2084 431 2143 δί
452 2084 655 2163 στρεύλοῦντες,
671 2089 718 2147 ούκ
731 2087 865 2164 ἰνίμιινοιν
878 2093 911 2170 τῆ
956 2087 986 2146 τὸ
998 2089 1197 2166 καινοτομηθέν.
1243 2090 1297 2152 Καὶ
1319 2092 1361 2150 διθι
1383 2101 1457 2154 τοῦτο
1471 2094 1554 2163 οθδείς
1569 2098 1627 2157 otti
1641 2103 1736 2182 τολμᾷ·

128 2174 220 2257 πρύνιη
233 2175 354 2254 διαδοχῇ·
370 2173 513 2253 ἀρξάμενοι
526 2175 554 2234 δδ
566 2176 616 2234 ἀπ’
625 2173 742 2254 ἰκείνου,
759 2179 804 2236 καί
818 2183 912 2238 θᾶττον
957 2176 1026 2235 κατδ
1040 2177 1139 2248 πολλήν
1155 2177 1183 2237 δί
1207 2177 1311 2260 εἰρήνην
1334 2183 1423 2249 αὐτοῖς
1440 2185 1534 2265 ἠρεμεῖ
1546 2184 1580 2245 τδι
1594 2186 1735 2263 δόγματα,

127 2265 173 2323 καί
189 2262 296 2344 βράδιον
312 2261 447 2322 διίσταντο
467 2261 650 2342 προαιρίσιιῆ
667 2263 776 2346 άγνοίῳ,
789 2265 823 2325 τδι
838 2266 865 2326 δί
878 2265 911 2338 δή
957 2265 1064 2336 ὑπὸτῆς
1079 2269 1105 2323 ἰν
1121 2267 1243 2339 ἀλλήλοις
1258 2266 1383 2334 estnon
1398 2270 1559 2352 συμφωνίας.
1602 2268 1695 2333 ‘Eone
1708 2298 1737 2334 τε

127 2375 178 2412 τινι
189 2351 261 2434 αίτίφ
274 2351 361 2430 άλλη,
376 2353 424 2410 οἰκ
438 2349 470 2408 δν
490 2349 621 2432 φιλοτίμῳ
640 2350 711 2418 ἰσως.
754 2353 809 2412 Καὶ
823 2356 852 2412 ού
864 2353 912 2429 μίν
957 2354 974 2422 ἡ
988 2349 1145 2431 Ἐπικούρου
1157 2353 1278 2433 διατριύή
1293 2356 1413 2434 πολιτείιρ
1424 2358 1475 2414 τινί
1486 2361 1588 2432 ἀληθεῖ,
1606 2361 1738 2418 ἀστασια-

128 2439 259 2522 βούλομαί
273 2464 299 2498 τι
314 2441 430 2519 φλαῦρον
446 2440 529 2498 εἰπεῖν
554 2439 598 2498 διὰ
618 2440 794 2518 Ξενοκράτη,
810 2442 911 2517 μᾶλλον
958 2437 1071 2518 στοτσίτη
1079 2485 1088 2512 ,
1103 2439 1188 2500 κοινὸν
1202 2437 1248 2500 ἵνα
1259 2446 1334 2514 νοῶν,
1354 2441 1417 2519 μίαν
1428 2444 1536 2519 γνώμην
1551 2447 1658 2525 ίχούση.
1681 2447 1737 2528 Ἀφ’

127 2530 180 2607 μήν
197 2529 419 2607 ύπίρΠλοίτωνος
434 2526 524 2590 ἐθέλω.
570 2529 625 2588 Καί
638 2529 690 2610 γάρ
709 2553 742 2607 με
760 2529 860 2602 δάκνει,
872 2529 913 2589 ὅτι
957 2519 988 2598 ής
1003 2519 1090 2603 ἦσαν,
1110 2526 1156 2588 καί
1169 2530 1236 2603 εἰσι,
1261 2529 1306 2587 καί
1324 2533 1359 2596 ὡς
1380 2530 1479 2606 ἔοικεν,
1505 2531 1610 2593 ἔσονται
1624 2515 1736 2615 φιλακό-

128 2620 232 2696 μὴπῶν
248 2617 344 2677 ἔπαθόν
359 2639 388 2675 τε
407 2616 454 2674 καί
467 2614 566 2695 ἔδρων,
582 2613 707 2684 σώζοντες
726 2619 765 2697 τῷ
781 2617 909 2677 [Ιλάτωνι
958 2617 1054 2676 λουθοι.
1096 2615 1139 2679 Tu
1150 2616 1177 2675 δί
1193 2619 1244 2676 τῶν
1259 2619 1386 2677 Στωϊκῶν
1400 2617 1583 2698 ἰστασίασται,
1601 2619 1738 2700 ἀρξάμενα

126 2708 196 2770 κατά
209 2705 433 2786 πάντα[πάντη]
451 2713 538 2764 πᾶσαν
552 2703 700 2782 δμοθοξίαν.
730 2706 825 2766 Καίτοι
843 2706 911 2776 άξιος
958 2703 1010 2763 ἀπὸ
1029 2707 1081 2762 τῶν
1102 2706 1235 2785 ἀρχόντων
1253 2705 1299 2764 καί
1315 2705 1425 2780 μηδίπω
1439 2707 1601 2766 τελευτῶντα
1622 2710 1668 2768 καί
1682 2715 1736 2771 νύν.

126 2789 160 2871 ήν
176 2799 263 2863 αὐτοῖς
297 2798 311 2854 θ
337 2793 470 2867 Πλάτων,
493 2794 541 2852 ούκ
556 2792 670 2871 ἀμείνων
686 2793 733 2870 μίν
755 2795 911 2876 Πυθαγόρου
957 2791 1130 2874 Ἐλίγχονται
1149 2792 1177 2852 δδ
1191 2796 1334 2872 ἀγαπητῶς
1357 2794 1407 2854 ὑπὸ
1430 2795 1571 2866 δυσνοήτου
1585 2797 1695 2877 ἰλίγχυυ
1709 2799 1733 2868 ⁵,

126 2881 172 2945 τοῦ
196 2883 329 2964 μεγάλου,
344 2883 374 2940 ού
388 2880 477 2958 μίντοι
491 2881 556 2948 ίσως
577 2879 822 2964 ούδίφλαυρότιρος
841 2883 909 2941 ἰκεί-
957 2882 981 2939 οἱ
994 2879 1041 2958 μίν
1055 2904 1123 2949 τινες
1139 2883 1224 2942 αύτῶν
1237 2882 1451 2960 ἰμμεμενηκότες
1472 2883 1528 2960 ἔτι,
1544 2887 1568 2944 οἱ
1582 2887 1606 2944 δ’
1620 2885 1672 2959 ἤδη
1686 2911 1737 2965 με-

128 2962 220 3052 νουῷ
246 2971 508 3042 συνακολουθοῦντες,
530 2967 666 3049 σιφθίντες
688 2991 717 3028 τε
741 2973 765 3029 ὀἱ
786 2967 912 3048 γνώριμοι
956 2969 1103 3044 ταθίμενοι.
1146 2969 1256 3038 Είξασιν
1273 2961 1318 3030 ούν
1330 2973 1354 3030 οἱ
1365 2975 1467 3050 πρῶτοι
1480 2973 1738 3054 όλιγαρχικωτίροις,

128 3061 245 3138 ἰγίνοντο
256 3056 506 3135 πολυτιμητίζεσθαι
518 3055 672 3116 αἰτιώτατοι
683 3055 727 3116 τδν
739 3056 909 3136 Πυθαγόραν.
957 3054 982 3114 οἰ
995 3055 1027 3127 δή
1040 3053 1192 3124 διαστάντες
1214 3057 1331 3136 ὑπῆρξαν
1353 3061 1388 3126 εἰς
1400 3058 1458 3127 τοίις
1482 3060 1624 3138 μετέπειτα
1639 3064 1738 3132 πολλῆς

128 3152 217 3211 Τοῦτο
230 3147 257 3208 δὲ
277 3150 301 3207 οἱ
314 3145 509 3226 Ἐπικούρειοι,
525 3147 573 3205 οθκ
591 3142 691 3222 ῶφελον
716 3143 773 3222 μίν,
787 3143 912 3220 μαθόντες
959 3141 1005 3221 μὲν
1017 3144 1070 3210 τοῖς
1085 3141 1237 3223 προτέροις,
1250 3146 1349 3216 πολλῆς
1362 3145 1390 3204 δί
1410 3149 1458 3218 τῆς
1475 3146 1600 3219 ἀλλήλοις
1614 3147 1738 3223 ἰπιτιμή-

127 3241 152 3312 p'
167 3229 228 3312 οὖν,
239 3241 266 3296 ἰν
281 3234 366 3295 οθδινί
381 3233 429 3312 μίν
441 3232 567 3315 ὤφθησαν
583 3231 735 3312 Ἐπικούρῳ
749 3230 855 3291 ἰναντία
869 3229 911 3289 θί-
957 3255 1021 3298 σεως
1036 3231 1129 3304 αἴτιοι,
1149 3232 1228 3291 εἰσέτι
1242 3233 1335 3314 ίτίρων
1351 3234 1435 3313 ίτεροι
1455 3235 1648 3314 Στωϊκώτεροι.
1683 3235 1735 3296 Kal

147 3349 376 3368 Μ

162 3401 360 3467 1.spauaippum
375 3399 447 3450 Plato
466 3402 580 3464 nepotem
594 3398 720 3449 habuitex
739 3411 840 3458 sorore;
853 3410 913 3446 suc·
959 3397 1059 3447 omniuo
1079 3411 1106 3447 se
1119 3411 1176 3447 cum
1195 3400 1304 3462 sapiente
1319 3413 1366 3448 suo
1376 3400 1467 3449 sentire
1482 3401 1596 3463 professi,
1612 3401 1667 3464 jure
1686 3415 1741 3465 pro-

127 3491 205 3545 remit
222 3489 281 3540 huic
295 3491 459 3549 xenocrates,
471 3501 546 3551 quem
559 3486 675 3538 iuschola
689 3485 795 3550 regenda
811 3485 911 3541 Polemo
959 3490 1042 3548 pterea
1062 3485 1088 3534 id
1105 3485 1210 3536 nominis
1230 3486 1346 3538 habuere.
1373 3487 1438 3546 Quin
1450 3489 1524 3538 etiam
1534 3488 1575 3551 qui
1599 3485 1741 3552 longissimo

129 3581 235 3633 sectatus
246 3582 296 3630 eet.
319 3577 357 3628 nb
367 3577 407 3628 bis
420 3575 550 3630 Platonicae
562 3575 681 3626 doctriua
691 3575 755 3624 ratio
768 3577 911 3639 propagata,
958 3575 1072 3637 deinceps
1093 3575 1222 3625 intervallo
1235 3575 1361 3627 consecuti
1376 3578 1434 3627 sunt
1449 3576 1571 3639 Epicurei,
1593 3575 1611 3625 il
1628 3587 1673 3627 nec
1687 3591 1702 3626 a
1714 3589 1741 3627 se

129 3669 169 3721 sui
184 3668 235 3718 lere
245 3665 331 3717 maniis
344 3684 350 3715 ι
361 3679 439 3729 quum
455 3666 510 3715 haec
521 3664 609 3714 saltem
623 3663 770 3714 msensiouis
783 3663 914 3712 decantata
959 3667 1059 3726 mutuo,
1074 3676 1120 3713 nec
1131 3664 1162 3714 ab
1177 3665 1263 3714 ecdem
1278 3665 1384 3728 Epicuro
1398 3663 1535 3722 tantillum,
1558 3663 1626 3726 quod
1640 3664 1741 3726 quidem

129 3757 238 3809 retentio
255 3758 281 3806 et
297 3754 415 3819 quidquia
433 3753 490 3803 liuic
505 3751 577 3803 aliiue
596 3755 649 3814 est,
666 3750 774 3802 noudmn
795 3752 912 3801 exstaret.
958 3757 1095 3802 memoratu
1105 3751 1204 3815 (liguum
1215 3751 1255 3812 sit,
1272 3752 1416 3802 discessere.
1433 3753 1485 3802 imo
1496 3751 1596 3802 sceleris
1610 3751 1674 3814 apud
1687 3765 1739 3812 ecs,

131 3844 211 3895 tidem
225 3846 315 3902 runca,
332 3841 351 3892 si
366 3843 457 3892 caetera
468 3839 620 3903 cogitamus,
638 3838 669 3888 ils
683 3837 771 3902 partim
787 3837 912 3898 infractis,
959 3841 1090 3904 velpotios
1103 3841 1236 3906 impietatis
1254 3840 1295 3891 illa
1315 3840 1461 3904 damnatur,
1475 3839 1518 3902 qui
1537 3839 1594 3888 nori
1614 3839 1740 3902 quippiam

131 3931 221 3997 partim
234 3930 392 3995 depravatis,
410 3929 515 3993 primam
533 3927 599 3978 iilam
621 3923 801 3978 successionem
815 3926 915 3976 minime
959 3928 1086 3979 invexerit.
1121 3932 1204 3987 Quare
1213 3941 1285 3978 nemo
1301 3941 1402 3991 prorsus
1417 3927 1443 3976 id
1457 3927 1555 3976 audeat.
1589 3926 1636 3976 sed
1649 3939 1735 3976 eorum

131 4019 283 4072 retinuerunt
298 4038 304 4066 ι
319 4018 361 4070 sed
376 4017 434 4068 iude
445 4017 529 4068 statim
541 4015 602 4079 orsi,
615 4028 671 4066 cum
690 4015 760 4066 initio
778 4017 830 4065 turn
845 4014 915 4064 ‹icin-
959 4017 1074 4080 domata
1087 4015 1119 4066 ob
1138 4018 1289 4066 constantem
1313 4015 1379 4066 illam
1400 4013 1509 4064 omnium
1525 4015 1590 4065 inter
1613 4028 1640 4066 se
1654 4027 1739 4079 perpe-

131 4122 198 4174 ceps,
211 4109 323 4160 diversas
334 4106 360 4156 ln
379 4107 498 4156 factiones
512 4105 611 4168 abiere,
625 4104 678 4156 alre
690 4101 826 4168 prudentes
838 4103 862 4152 id
875 4103 913 4153 le·
960 4109 1078 4167 tuamque
1088 4102 1244 4152 concordiam
1258 4102 1284 4152 iu
1301 4101 1421 4152 altissima
1435 4101 1541 4167 quadarn
1560 4105 1585 4152 et
1594 4101 1740 4166 tranquillis·

133 4197 221 4258 ceriut,
235 4195 288 4247 sive
295 4194 474 4259 imprudentes,
487 4193 540 4244 slve
548 4193 595 4244 alta
603 4191 715 4256 qnalibet
722 4205 797 4243 causa
805 4189 913 4255 impulsi.
960 4193 1021 4242 sima
1039 4204 1099 4256 pace
1112 4193 1250 4242 versantur.
1294 4193 1331 4241 lta
1346 4189 1399 4241 bec
1416 4191 1515 4254 Epicuri
1530 4194 1598 4240 secia
1611 4204 1677 4241 verm
1689 4193 1742 4243 cui·

133 4286 318 4344 intuitionem
333 4283 429 4347 opinor,
444 4281 666 4332 omnisambitiosa
677 4271 812 4332 contentio.
838 4279 916 4342 Equi·
960 4281 1015 4330 dam
1035 4277 1177 4343 reipublice
1200 4278 1332 4342 persimilis
1358 4281 1412 4338 est,
1434 4291 1509 4342 ιγυειο
1532 4278 1600 4328 nulla
1621 4278 1741 4330 saniona

133 4375 189 4425 dem
202 4373 344 4424 Xenocratis
356 4377 429 4421 muta
440 4383 513 4421 secus
523 4369 604 4420 (licere
612 4369 672 4420 nibil
682 4368 764 4429 veiim,
778 4367 821 4418 sed
833 4369 916 4418 tamen
961 4369 1085 4420 turbatam
1099 4381 1169 4430 meus
1187 4368 1302 4430 quadam
1323 4380 1372 4416 uua
1386 4367 1523 4416 communis
1537 4379 1634 4428 unaque
1647 4369 1741 4418 senten·

133 4461 243 4512 Platonis
256 4473 331 4511 causa
348 4458 479 4510 meandum
491 4459 537 4508 est.
571 4457 601 4508 ld
617 4458 683 4508 euim
703 4457 813 4520 prolecto
835 4455 914 4518 doleo.
959 4459 995 4510 tia
1005 4456 1153 4508 moderetur.
1187 4457 1267 4513 Quam
1281 4453 1434 4519 disciplinam
1449 4453 1741 4518 tumulimloeruut,qoi

132 4550 198 4613 qrrci
211 4561 260 4600 non
270 4559 356 4598 omues
367 4547 421 4596 vias
429 4545 627 4610 persecutisuut,
640 4547 669 4594 ut
681 4545 776 4609 plenam
786 4543 917 4608 sitiatque
961 4547 1078 4610 colerent,
1093 4531 1233 4596 tumetium
1246 4557 1312 4596 nuuc
1324 4547 1396 4606 snut,
1410 4547 1476 4605 turn,
1491 4547 1520 4592 ut
1531 4543 1639 4604 ridetur,
1658 4543 1684 4592 iu
1699 4555 1741 4604 po-

132 4639 254 4700 iutegram
267 4635 293 4686 lu
309 4634 424 4686 omuibus
438 4647 495 4684 cum
509 4634 611 4686 Platona
632 4632 817 4683 consensionem
830 4632 915 4683 deien-
960 4635 1146 4686 stemmernut.
1179 4635 1210 4680 At
1219 4631 1284 4682 iuter
1293 4631 1389 4682 stolum
1401 4629 1518 4681 exstitere
1538 4629 1666 4690 lectiones,
1684 4641 1740 4690 quse

134 4727 229 4778 dorent.
262 4727 294 4777 Et
311 4739 340 4776 ee
351 4725 452 4790 quidem
465 4725 536 4776 Plato
545 4724 633 4789 dignus
647 4726 709 4787 erat,
722 4723 765 4790 qul
774 4737 861 4787 magno
875 4723 917 4774 illo
961 4722 992 4773 ab
1003 4721 1064 4786 ipsis
1075 4733 1159 4771 eoram
1171 4719 1322 4783 principibus
1336 4721 1429 4782 paratu
1438 4717 1469 4767 ad
1477 4718 1586 4766 nostram
1595 4715 1738 4766 memoriam

134 4815 276 4880 Pythagora
288 4817 317 4867 ut
327 4815 415 4866 melior
426 4829 475 4866 uon
495 4815 577 4874 luerit,
591 4826 639 4864 nou
656 4813 798 4864 tuittameu
811 4813 916 4864 tortasse
960 4810 1111 4861 manserunt.
1144 4807 1193 4857 vix
1207 4807 1415 4858 autemobscuris
1432 4805 1581 4869 argumentis
1591 4802 1739 4864 relutautur,

133 4904 243 4956 deterior
258 4921 265 4953 ι
281 4916 357 4968 mem
370 4901 484 4966 discipuli
495 4901 561 4968 quod
575 4902 654 4954 secuti
665 4914 750 4952 omues
769 4913 799 4952 ac
809 4901 917 4952 venerati
961 4901 1003 4951 alii
1016 4896 1168 4961 disciplinam
1181 4895 1248 4946 illam
1265 4894 1347 4945 adbuc
1361 4897 1486 4953 tenentes,
1498 4891 1539 4942 alil
1550 4891 1603 4955 jam
1624 4888 1677 4950 ejus
1689 4888 1736 4939 cie-

134 4994 194 5056 sint,
210 4993 235 5044 to
247 4993 320 5046 ubam
333 5006 404 5057 egere
415 4992 586 5057 potissimum,
604 4993 633 5043 ut
641 5005 738 5043 summo
750 4992 815 5056 apud
833 5005 918 5043 omnes
961 4991 1069 5040 canoras
1084 4984 1151 5036 tacti.
1187 4987 1220 5035 ut
1237 4983 1397 5034 factiosorum
1409 4979 1510 5046 quidem
1525 4979 1632 5029 istorum
1646 4975 1732 5040 priuci-

134 5083 160 5134 iu
176 5082 256 5148 pretio
279 5081 421 5133 haberetur.
468 5083 521 5132 lioc
535 5081 618 5162 ipsum
637 5081 763 5145 Epicurei,
788 5093 917 5144 perperam
960 5089 1004 5141 pos
1022 5088 1107 5128 eorum
1127 5073 1218 5125 similes
1235 5073 1306 5134 mut,
1320 5071 1365 5134 qui
1384 5081 1519 5133 paucerum
1536 5063 1653 5130 potentie
1673 5065 1738 5114 eliu-

134 5169 297 5234 illinamus,
309 5169 353 5222 sed
366 5173 447 5221 tamen
457 5183 534 5234 quum
543 5168 720 5238 intelligerent,
734 5167 916 5232 uulleunquam
960 5166 1011 5214 sius
1026 5163 1117 5226 lavent,
1136 5175 1228 5226 suoque
1243 5160 1284 5210 illo
1299 5157 1401 5208 dissidio
1418 5155 1538 5216 effecere,
1559 5157 1588 5204 ut
1609 5152 1701 5216 posteri
1714 5156 1741 5204 et

138 5258 165 5309 lu
177 5269 206 5309 re
221 5259 252 5308 ab
270 5249 378 5323 ltpicuro¹
387 5257 505 5312 diandere
520 5256 568 5309 risi
587 5259 653 5318 suut,
671 5255 715 5308 sed
732 5255 814 5319 polius
830 5255 914 5306 cedern
960 5251 1063 5312 maiores
1074 5263 1133 5300 suos
1143 5251 1168 5300 et
1176 5259 1230 5300 sese
1241 5245 1346 5297 invicem
1358 5243 1518 5296 vehementer
1527 5245 1654 5304 accusent,
1662 5253 1740 5306 ιςυυω

918 5344 975 5402 153
