<?xml version="1.0" encoding="UTF-8"?>
<!DOCTYPE html PUBLIC "-//W3C//DTD XHTML 1.0 Transitional//EN"
    "http://www.w3.org/TR/xhtml1/DTD/xhtml1-transitional.dtd">
<html xmlns="http://www.w3.org/1999/xhtml" xml:lang="en" lang="en">
 <head>
  <title>
</title>
<meta http-equiv="Content-Type" content="text/html;charset=utf-8" />
  <meta name='ocr-system' content='tesseract 3.04.00' />
  <meta name='ocr-capabilities' content='ocr_page ocr_carea ocr_par ocr_line ocrx_word'/>
</head>
<body>
  <div class='ocr_page' id='page_1' title='image "./fragmentaphilos01mullgoog/fragmentaphilos01mullgoog_0163.png"; bbox 0 0 3976 5948; ppageno 0'>
   <div class='ocr_carea' id='block_1_1' title="bbox 235 415 1142 500">
    <p class='ocr_par' dir='ltr' id='par_1_1' title="bbox 235 415 1142 500">
     <span class='ocr_line' id='line_1_1' title="bbox 235 415 1142 500; baseline -0.009 -12"><span class='ocrx_word' id='word_1_1' title='bbox 235 441 292 500; x_wconf 72' lang='lat' dir='ltr'>{tp</span> <span class='ocrx_word' id='word_1_2' title='bbox 928 415 1142 484; x_wconf 67' lang='lat' dir='ltr'>emutatus</span> 
     </span>
    </p>
   </div>
   <div class='ocr_carea' id='block_1_2' title="bbox 231 537 1851 4423">
    <p class='ocr_par' dir='ltr' id='par_1_2' title="bbox 234 537 1838 647">
     <span class='ocr_line' id='line_1_2' title="bbox 234 537 1838 647; baseline -0.018 -17"><span class='ocrx_word' id='word_1_3' title='bbox 234 571 312 630; x_wconf 79' lang='lat' dir='ltr'>dllou</span> <span class='ocrx_word' id='word_1_4' title='bbox 325 563 450 647; x_wconf 86' lang='grc' dir='ltr'>τριγύινου</span> <span class='ocrx_word' id='word_1_5' title='bbox 467 563 582 642; x_wconf 63' lang='lat' dir='ltr'>pascere&lt;</span> <span class='ocrx_word' id='word_1_6' title='bbox 602 559 648 620; x_wconf 86' lang='grc' dir='ltr'>καλ</span> <span class='ocrx_word' id='word_1_7' title='bbox 659 566 734 620; x_wconf 77' lang='grc' dir='ltr'>τοῦτο</span> <span class='ocrx_word' id='word_1_8' title='bbox 747 555 912 638; x_wconf 86' lang='grc' dir='ltr'>περιέχοντος</span> <span class='ocrx_word' id='word_1_9' title='bbox 926 551 1010 623; x_wconf 79' lang='grc' dir='ltr'>αιίξή-</span> <span class='ocrx_word' id='word_1_10' title='bbox 1055 549 1162 629; x_wconf 88' lang='grc' dir='ltr'>πρέπον·</span> <span class='ocrx_word' id='word_1_11' title='bbox 1186 545 1234 617; x_wconf 71' lang='grc' dir='ltr'>τὴν</span> <span class='ocrx_word' id='word_1_12' title='bbox 1248 547 1275 604; x_wconf 81' lang='grc' dir='ltr'>δέ</span> <span class='ocrx_word' id='word_1_13' title='bbox 1298 542 1504 624; x_wconf 71' lang='grc' dir='ltr'>μετριοπάθειαν</span> <span class='ocrx_word' id='word_1_14' title='bbox 1527 543 1574 600; x_wconf 84' lang='grc' dir='ltr'>ούκ</span> <span class='ocrx_word' id='word_1_15' title='bbox 1597 537 1838 618; x_wconf 64' lang='grc' dir='ltr'>ἀποδοκιμαστέον.</span> 
     </span>
    </p>

    <p class='ocr_par' dir='ltr' id='par_1_3' title="bbox 232 626 1838 734">
     <span class='ocr_line' id='line_1_3' title="bbox 232 626 1838 734; baseline -0.013 -15"><span class='ocrx_word' id='word_1_16' title='bbox 232 681 325 725; x_wconf 86' lang='grc' dir='ltr'>σαντις</span> <span class='ocrx_word' id='word_1_17' title='bbox 335 655 395 722; x_wconf 84' lang='grc' dir='ltr'>τοθς</span> <span class='ocrx_word' id='word_1_18' title='bbox 412 650 551 734; x_wconf 72' lang='grc' dir='ltr'>ἀριθμούς,</span> <span class='ocrx_word' id='word_1_19' title='bbox 566 647 763 730; x_wconf 81' lang='grc' dir='ltr'>παρεμύύλλεεν</span> <span class='ocrx_word' id='word_1_20' title='bbox 778 643 826 712; x_wconf 77' lang='lat' dir='ltr'>sd&lt;</span> <span class='ocrx_word' id='word_1_21' title='bbox 837 643 882 703; x_wconf 77' lang='grc' dir='ltr'>δύο</span> <span class='ocrx_word' id='word_1_22' title='bbox 897 641 1010 720; x_wconf 73' lang='grc' dir='ltr'>μεσότη·</span> <span class='ocrx_word' id='word_1_23' title='bbox 1055 635 1104 705; x_wconf 68' lang='grc' dir='ltr'>Μὴ</span> <span class='ocrx_word' id='word_1_24' title='bbox 1118 633 1169 714; x_wconf 58' lang='grc' dir='ltr'>γὰρ</span> <span class='ocrx_word' id='word_1_25' title='bbox 1191 641 1329 707; x_wconf 65' lang='lat' dir='ltr'>”0⁶0le</span> <span class='ocrx_word' id='word_1_26' title='bbox 1345 631 1423 710; x_wconf 63' lang='grc' dir='ltr'><strong>φησὶ*</strong></span> <span class='ocrx_word' id='word_1_27' title='bbox 1448 626 1672 703; x_wconf 63' lang='lat' dir='ltr'>t’taoeopopu</span> <span class='ocrx_word' id='word_1_28' title='bbox 1687 626 1838 705; x_wconf 66' lang='grc' dir='ltr'>ΚρᾶνῖωΡι</span> 
     </span>
    </p>

    <p class='ocr_par' dir='ltr' id='par_1_4' title="bbox 231 705 1842 821">
     <span class='ocr_line' id='line_1_4' title="bbox 231 705 1842 821; baseline -0.022 -15"><span class='ocrx_word' id='word_1_29' title='bbox 231 772 278 815; x_wconf 90' lang='grc' dir='ltr'>τας</span> <span class='ocrx_word' id='word_1_30' title='bbox 294 746 373 805; x_wconf 77' lang='grc' dir='ltr'>πάλιν</span> <span class='ocrx_word' id='word_1_31' title='bbox 394 741 501 821; x_wconf 79' lang='grc' dir='ltr'>ὁμοίως,</span> <span class='ocrx_word' id='word_1_32' title='bbox 515 739 596 820; x_wconf 75' lang='grc' dir='ltr'>χωρἰς</span> <span class='ocrx_word' id='word_1_33' title='bbox 612 738 659 814; x_wconf 77' lang='grc' dir='ltr'>μέν</span> <span class='ocrx_word' id='word_1_34' title='bbox 676 735 734 802; x_wconf 80' lang='grc' dir='ltr'>τούς</span> <span class='ocrx_word' id='word_1_35' title='bbox 749 731 916 804; x_wconf 82' lang='grc' dir='ltr'>διπλασίους,</span> <span class='ocrx_word' id='word_1_36' title='bbox 930 731 1011 812; x_wconf 76' lang='grc' dir='ltr'>χωρὶς</span> <span class='ocrx_word' id='word_1_37' title='bbox 1054 723 1181 795; x_wconf 80' lang='grc' dir='ltr'>νοσήσασι</span> <span class='ocrx_word' id='word_1_38' title='bbox 1194 720 1219 781; x_wconf 83' lang='grc' dir='ltr'>δέ</span> <span class='ocrx_word' id='word_1_39' title='bbox 1236 719 1332 800; x_wconf 87' lang='grc' dir='ltr'>παρεέη</span> <span class='ocrx_word' id='word_1_40' title='bbox 1346 742 1386 786; x_wconf 89' lang='grc' dir='ltr'>τις</span> <span class='ocrx_word' id='word_1_41' title='bbox 1398 717 1533 790; x_wconf 77' lang='grc' dir='ltr'>αἴσθησις,</span> <span class='ocrx_word' id='word_1_42' title='bbox 1549 717 1596 776; x_wconf 79' lang='grc' dir='ltr'>εἶτ’</span> <span class='ocrx_word' id='word_1_43' title='bbox 1613 705 1657 775; x_wconf 72' lang='lat' dir='ltr'>olis</span> <span class='ocrx_word' id='word_1_44' title='bbox 1675 714 1797 792; x_wconf 82' lang='grc' dir='ltr'>τέμνοιτό</span> <span class='ocrx_word' id='word_1_45' title='bbox 1813 738 1842 772; x_wconf 90' lang='grc' dir='ltr'>τι</span> 
     </span>
    </p>

    <p class='ocr_par' dir='ltr' id='par_1_5' title="bbox 233 803 1842 916">
     <span class='ocr_line' id='line_1_5' title="bbox 233 803 1842 916; baseline -0.022 -19"><span class='ocrx_word' id='word_1_46' title='bbox 233 835 332 901; x_wconf 71' lang='lat' dir='ltr'>dircite</span> <span class='ocrx_word' id='word_1_47' title='bbox 342 830 511 916; x_wconf 84' lang='grc' dir='ltr'>τριπλασίους</span> <span class='ocrx_word' id='word_1_48' title='bbox 525 828 665 901; x_wconf 74' lang='grc' dir='ltr'>τάξαντες,</span> <span class='ocrx_word' id='word_1_49' title='bbox 681 825 724 884; x_wconf 71' lang='lat' dir='ltr'>ent</span> <span class='ocrx_word' id='word_1_50' title='bbox 737 823 764 884; x_wconf 72' lang='grc' dir='ltr'>δὲ</span> <span class='ocrx_word' id='word_1_51' title='bbox 776 825 823 894; x_wconf 82' lang='grc' dir='ltr'>τῆς</span> <span class='ocrx_word' id='word_1_52' title='bbox 837 823 950 900; x_wconf 86' lang='grc' dir='ltr'>κορυφῆς</span> <span class='ocrx_word' id='word_1_53' title='bbox 964 817 1012 890; x_wconf 82' lang='grc' dir='ltr'>τὴν</span> <span class='ocrx_word' id='word_1_54' title='bbox 1057 817 1108 873; x_wconf 80' lang='grc' dir='ltr'>τῶν</span> <span class='ocrx_word' id='word_1_55' title='bbox 1132 809 1285 891; x_wconf 72' lang='grc' dir='ltr'>ἡμετέρων,</span> <span class='ocrx_word' id='word_1_56' title='bbox 1308 807 1356 870; x_wconf 72' lang='grc' dir='ltr'>εἴτ’</span> <span class='ocrx_word' id='word_1_57' title='bbox 1380 809 1534 888; x_wconf 74' lang='grc' dir='ltr'>ἀποσπῷτο.</span> <span class='ocrx_word' id='word_1_58' title='bbox 1562 806 1603 866; x_wconf 86' lang='grc' dir='ltr'>Τὸ</span> <span class='ocrx_word' id='word_1_59' title='bbox 1626 804 1677 883; x_wconf 83' lang='grc' dir='ltr'>γδρ</span> <span class='ocrx_word' id='word_1_60' title='bbox 1705 803 1842 866; x_wconf 76' lang='grc' dir='ltr'>ἀνώδυνον</span> 
     </span>
    </p>

    <p class='ocr_par' dir='ltr' id='par_1_6' title="bbox 232 895 1843 1008">
     <span class='ocr_line' id='line_1_6' title="bbox 232 895 1843 1008; baseline -0.022 -23"><span class='ocrx_word' id='word_1_61' title='bbox 232 925 297 1008; x_wconf 87' lang='grc' dir='ltr'>μέαν</span> <span class='ocrx_word' id='word_1_62' title='bbox 312 931 419 1004; x_wconf 83' lang='grc' dir='ltr'>μοῖραν,</span> <span class='ocrx_word' id='word_1_63' title='bbox 443 918 487 980; x_wconf 76' lang='lat' dir='ltr'>tal</span> <span class='ocrx_word' id='word_1_64' title='bbox 509 919 537 976; x_wconf 76' lang='lat' dir='ltr'>dl</span> <span class='ocrx_word' id='word_1_65' title='bbox 553 916 641 997; x_wconf 77' lang='grc' dir='ltr'>τρέπου</span> <span class='ocrx_word' id='word_1_66' title='bbox 661 911 789 994; x_wconf 77' lang='grc' dir='ltr'>τριγώνου</span> <span class='ocrx_word' id='word_1_67' title='bbox 806 909 852 970; x_wconf 80' lang='grc' dir='ltr'>καὶ</span> <span class='ocrx_word' id='word_1_68' title='bbox 876 909 1012 991; x_wconf 77' lang='grc' dir='ltr'>ἀμφύτερα</span> <span class='ocrx_word' id='word_1_69' title='bbox 1056 905 1134 962; x_wconf 79' lang='grc' dir='ltr'>τοῦτο</span> <span class='ocrx_word' id='word_1_70' title='bbox 1158 904 1206 962; x_wconf 79' lang='grc' dir='ltr'>οὐκ</span> <span class='ocrx_word' id='word_1_71' title='bbox 1221 900 1282 960; x_wconf 74' lang='lat' dir='ltr'>dato</span> <span class='ocrx_word' id='word_1_72' title='bbox 1307 897 1430 980; x_wconf 72' lang='grc' dir='ltr'>μεγάλων</span> <span class='ocrx_word' id='word_1_73' title='bbox 1452 896 1583 974; x_wconf 72' lang='grc' dir='ltr'>ἐγγίνεται</span> <span class='ocrx_word' id='word_1_74' title='bbox 1608 897 1710 971; x_wconf 77' lang='grc' dir='ltr'>μισθῶν</span> <span class='ocrx_word' id='word_1_75' title='bbox 1730 897 1770 975; x_wconf 80' lang='grc' dir='ltr'>τῷ</span> <span class='ocrx_word' id='word_1_76' title='bbox 1795 895 1843 952; x_wconf 72' lang='grc' dir='ltr'>ἐν·</span> 
     </span>
    </p>

    <p class='ocr_par' dir='ltr' id='par_1_7' title="bbox 232 981 1838 1184">
     <span class='ocr_line' id='line_1_7' title="bbox 232 981 1838 1091; baseline -0.022 -17"><span class='ocrx_word' id='word_1_77' title='bbox 232 1019 317 1074; x_wconf 82' lang='grc' dir='ltr'>ταῦτα</span> <span class='ocrx_word' id='word_1_78' title='bbox 346 1007 585 1091; x_wconf 83' lang='grc' dir='ltr'>περιλαμύύνοντος</span> <span class='ocrx_word' id='word_1_79' title='bbox 610 1003 670 1066; x_wconf 78' lang='lat' dir='ltr'>tto</span> <span class='ocrx_word' id='word_1_80' title='bbox 694 999 872 1082; x_wconf 77' lang='grc' dir='ltr'>καταγράφειν</span> <span class='ocrx_word' id='word_1_81' title='bbox 897 999 927 1058; x_wconf 88' lang='grc' dir='ltr'>τδ</span> <span class='ocrx_word' id='word_1_82' title='bbox 954 998 1009 1057; x_wconf 82' lang='grc' dir='ltr'>διά·</span> <span class='ocrx_word' id='word_1_83' title='bbox 1057 987 1165 1072; x_wconf 63' lang='lat' dir='ltr'>ipsimet.</span> <span class='ocrx_word' id='word_1_84' title='bbox 1176 990 1360 1068; x_wconf 70' lang='grc' dir='ltr'>Τεθηφεένεθαι</span> <span class='ocrx_word' id='word_1_85' title='bbox 1372 983 1425 1067; x_wconf 78' lang='grc' dir='ltr'>γδρ</span> <span class='ocrx_word' id='word_1_86' title='bbox 1439 984 1518 1057; x_wconf 84' lang='grc' dir='ltr'>τίκύς,</span> <span class='ocrx_word' id='word_1_87' title='bbox 1531 986 1586 1042; x_wconf 75' lang='lat' dir='ltr'>ixei</span> <span class='ocrx_word' id='word_1_88' title='bbox 1595 981 1643 1060; x_wconf 82' lang='grc' dir='ltr'>μὲν</span> <span class='ocrx_word' id='word_1_89' title='bbox 1657 984 1736 1058; x_wconf 81' lang='grc' dir='ltr'>σῶμα</span> <span class='ocrx_word' id='word_1_90' title='bbox 1748 987 1838 1042; x_wconf 83' lang='grc' dir='ltr'>τοιοῖι-</span> 
     </span>
     <span class='ocr_line' id='line_1_8' title="bbox 233 1074 1396 1184; baseline -0.017 -24"><span class='ocrx_word' id='word_1_91' title='bbox 233 1126 345 1184; x_wconf 84' lang='grc' dir='ltr'>γραμμσ</span> <span class='ocrx_word' id='word_1_92' title='bbox 361 1100 404 1158; x_wconf 86' lang='grc' dir='ltr'>τδν</span> <span class='ocrx_word' id='word_1_93' title='bbox 429 1097 507 1157; x_wconf 87' lang='grc' dir='ltr'>αθτδν</span> <span class='ocrx_word' id='word_1_94' title='bbox 521 1094 628 1176; x_wconf 83' lang='grc' dir='ltr'>τρόπον.</span> <span class='ocrx_word' id='word_1_95' title='bbox 655 1090 711 1154; x_wconf 86' lang='lat' dir='ltr'>Kal</span> <span class='ocrx_word' id='word_1_96' title='bbox 731 1091 811 1158; x_wconf 83' lang='grc' dir='ltr'>ούτιυς</span> <span class='ocrx_word' id='word_1_97' title='bbox 834 1093 847 1150; x_wconf 90' lang='grc' dir='ltr'>δ</span> <span class='ocrx_word' id='word_1_98' title='bbox 869 1087 1013 1167; x_wconf 80' lang='grc' dir='ltr'>Ἄδραστος</span> <span class='ocrx_word' id='word_1_99' title='bbox 1056 1101 1116 1154; x_wconf 71' lang='grc' dir='ltr'>τον,</span> <span class='ocrx_word' id='word_1_100' title='bbox 1134 1081 1243 1138; x_wconf 62' lang='lat' dir='ltr'>linaiis</span> <span class='ocrx_word' id='word_1_101' title='bbox 1258 1074 1396 1158; x_wconf 71' lang='grc' dir='ltr'>δδψνχθν.</span> 
     </span>
    </p>

    <p class='ocr_par' dir='ltr' id='par_1_8' title="bbox 233 1161 1842 1262">
     <span class='ocr_line' id='line_1_9' title="bbox 233 1161 1842 1262; baseline -0.02 -10"><span class='ocrx_word' id='word_1_102' title='bbox 233 1191 386 1262; x_wconf 77' lang='grc' dir='ltr'>πεποίηκεν.</span> <span class='ocrx_word' id='word_1_103' title='bbox 407 1187 479 1246; x_wconf 89' lang='lat' dir='ltr'>lnde</span> <span class='ocrx_word' id='word_1_104' title='bbox 493 1185 599 1261; x_wconf 83' lang='lat' dir='ltr'>colligo</span> <span class='ocrx_word' id='word_1_105' title='bbox 612 1183 783 1240; x_wconf 80' lang='lat' dir='ltr'>Creatorem</span> <span class='ocrx_word' id='word_1_106' title='bbox 797 1178 846 1252; x_wconf 74' lang='lat' dir='ltr'>rip</span> <span class='ocrx_word' id='word_1_107' title='bbox 860 1181 912 1236; x_wconf 78' lang='grc' dir='ltr'>τῶν</span> <span class='ocrx_word' id='word_1_108' title='bbox 928 1200 1011 1254; x_wconf 69' lang='lat' dir='ltr'>peoo-</span> <span class='ocrx_word' id='word_1_109' title='bbox 1099 1167 1292 1246; x_wconf 81' lang='lat' dir='ltr'>(Pluttrchus</span> <span class='ocrx_word' id='word_1_110' title='bbox 1305 1165 1423 1224; x_wconf 89' lang='lat' dir='ltr'>Consol.</span> <span class='ocrx_word' id='word_1_111' title='bbox 1438 1163 1474 1221; x_wconf 92' lang='lat' dir='ltr'>ad</span> <span class='ocrx_word' id='word_1_112' title='bbox 1489 1163 1590 1240; x_wconf 78' lang='lat' dir='ltr'>apoll.</span> <span class='ocrx_word' id='word_1_113' title='bbox 1605 1161 1670 1221; x_wconf 87' lang='lat' dir='ltr'>Vol.</span> <span class='ocrx_word' id='word_1_114' title='bbox 1686 1161 1754 1234; x_wconf 77' lang='lat' dir='ltr'>vu,</span> <span class='ocrx_word' id='word_1_115' title='bbox 1771 1181 1842 1241; x_wconf 80' lang='lat' dir='ltr'>pag.</span> 
     </span>
    </p>

    <p class='ocr_par' dir='ltr' id='par_1_9' title="bbox 234 1250 1845 1358">
     <span class='ocr_line' id='line_1_10' title="bbox 234 1250 1845 1358; baseline -0.02 -19"><span class='ocrx_word' id='word_1_116' title='bbox 234 1281 319 1352; x_wconf 79' lang='grc' dir='ltr'>τήτιον</span> <span class='ocrx_word' id='word_1_117' title='bbox 330 1275 487 1358; x_wconf 79' lang='grc' dir='ltr'>παρένταξιν</span> <span class='ocrx_word' id='word_1_118' title='bbox 504 1275 545 1333; x_wconf 89' lang='lat' dir='ltr'>ita</span> <span class='ocrx_word' id='word_1_119' title='bbox 562 1273 734 1340; x_wconf 78' lang='lat' dir='ltr'>instituisse,</span> <span class='ocrx_word' id='word_1_120' title='bbox 752 1283 785 1328; x_wconf 90' lang='lat' dir='ltr'>ut</span> <span class='ocrx_word' id='word_1_121' title='bbox 805 1267 1013 1327; x_wconf 73' lang='lat' dir='ltr'>arithmeticam</span> <span class='ocrx_word' id='word_1_122' title='bbox 1059 1259 1114 1330; x_wconf 80' lang='lat'>317</span> <span class='ocrx_word' id='word_1_123' title='bbox 1129 1275 1189 1334; x_wconf 77' lang='lat' dir='ltr'>seq.</span> <span class='ocrx_word' id='word_1_124' title='bbox 1212 1255 1258 1316; x_wconf 85' lang='lat' dir='ltr'>etl.</span> <span class='ocrx_word' id='word_1_125' title='bbox 1284 1255 1403 1314; x_wconf 81' lang='lat' dir='ltr'>liutteu.</span> <span class='ocrx_word' id='word_1_126' title='bbox 1422 1251 1576 1311; x_wconf 77' lang='lat' dir='ltr'>verissime</span> <span class='ocrx_word' id='word_1_127' title='bbox 1600 1251 1716 1329; x_wconf 89' lang='lat' dir='ltr'>quidem</span> <span class='ocrx_word' id='word_1_128' title='bbox 1727 1250 1845 1328; x_wconf 88' lang='lat' dir='ltr'>judicat</span> 
     </span>
    </p>

    <p class='ocr_par' dir='ltr' id='par_1_10' title="bbox 234 1339 1846 1428">
     <span class='ocr_line' id='line_1_11' title="bbox 234 1339 1846 1428; baseline -0.018 -1"><span class='ocrx_word' id='word_1_129' title='bbox 234 1370 414 1427; x_wconf 90' lang='lat' dir='ltr'>medietatem</span> <span class='ocrx_word' id='word_1_130' title='bbox 440 1366 517 1423; x_wconf 88' lang='lat' dir='ltr'>inter</span> <span class='ocrx_word' id='word_1_131' title='bbox 537 1362 596 1428; x_wconf 84' lang='grc' dir='ltr'>τοὺς</span> <span class='ocrx_word' id='word_1_132' title='bbox 622 1359 792 1428; x_wconf 80' lang='grc' dir='ltr'>διπλασίους,</span> <span class='ocrx_word' id='word_1_133' title='bbox 819 1355 1014 1414; x_wconf 75' lang='lat' dir='ltr'>harmonicam</span> <span class='ocrx_word' id='word_1_134' title='bbox 1059 1347 1193 1416; x_wconf 80' lang='lat' dir='ltr'><strong>Crantor,</strong></span> <span class='ocrx_word' id='word_1_135' title='bbox 1211 1345 1260 1405; x_wconf 87' lang='lat' dir='ltr'>sed</span> <span class='ocrx_word' id='word_1_136' title='bbox 1284 1365 1301 1403; x_wconf 91' lang='lat' dir='ltr'>a</span> <span class='ocrx_word' id='word_1_137' title='bbox 1320 1343 1466 1424; x_wconf 82' lang='lat' dir='ltr'>plerisque</span> <span class='ocrx_word' id='word_1_138' title='bbox 1485 1339 1666 1420; x_wconf 84' lang='lat' dir='ltr'>philosophis</span> <span class='ocrx_word' id='word_1_139' title='bbox 1684 1339 1739 1398; x_wconf 90' lang='lat' dir='ltr'>hac</span> <span class='ocrx_word' id='word_1_140' title='bbox 1760 1339 1791 1398; x_wconf 93' lang='lat' dir='ltr'>in</span> <span class='ocrx_word' id='word_1_141' title='bbox 1814 1357 1846 1398; x_wconf 86' lang='lat' dir='ltr'>re</span> 
     </span>
    </p>

    <p class='ocr_par' dir='ltr' id='par_1_11' title="bbox 235 1427 1845 1532">
     <span class='ocr_line' id='line_1_12' title="bbox 235 1427 1845 1532; baseline -0.02 -15"><span class='ocrx_word' id='word_1_142' title='bbox 235 1460 309 1517; x_wconf 92' lang='lat' dir='ltr'>inter</span> <span class='ocrx_word' id='word_1_143' title='bbox 335 1455 392 1522; x_wconf 79' lang='grc' dir='ltr'>τοὺς</span> <span class='ocrx_word' id='word_1_144' title='bbox 420 1451 588 1532; x_wconf 79' lang='grc' dir='ltr'>τριπλασίους</span> <span class='ocrx_word' id='word_1_145' title='bbox 616 1447 801 1526; x_wconf 74' lang='lat' dir='ltr'>interjiceret.</span> <span class='ocrx_word' id='word_1_146' title='bbox 830 1447 870 1502; x_wconf 83' lang='lat' dir='ltr'>lle</span> <span class='ocrx_word' id='word_1_147' title='bbox 901 1443 1014 1520; x_wconf 88' lang='lat' dir='ltr'>reliquo</span> <span class='ocrx_word' id='word_1_148' title='bbox 1060 1435 1199 1494; x_wconf 86' lang='lat' dir='ltr'>dissentit.</span> <span class='ocrx_word' id='word_1_149' title='bbox 1221 1433 1429 1512; x_wconf 86' lang='lat' dir='ltr'>interpretatus</span> <span class='ocrx_word' id='word_1_150' title='bbox 1448 1442 1492 1488; x_wconf 85' lang='lat' dir='ltr'>est</span> <span class='ocrx_word' id='word_1_151' title='bbox 1514 1428 1593 1486; x_wconf 90' lang='lat' dir='ltr'>hunc</span> <span class='ocrx_word' id='word_1_152' title='bbox 1614 1428 1712 1487; x_wconf 90' lang='lat' dir='ltr'>locum</span> <span class='ocrx_word' id='word_1_153' title='bbox 1737 1427 1845 1485; x_wconf 87' lang='lat' dir='ltr'>Cicero</span> 
     </span>
    </p>

    <p class='ocr_par' dir='ltr' id='par_1_12' title="bbox 234 1515 1847 1616">
     <span class='ocr_line' id='line_1_13' title="bbox 234 1515 1847 1616; baseline -0.021 -9"><span class='ocrx_word' id='word_1_154' title='bbox 234 1545 372 1607; x_wconf 83' lang='lat' dir='ltr'>credibile</span> <span class='ocrx_word' id='word_1_155' title='bbox 385 1558 427 1607; x_wconf 83' lang='lat' dir='ltr'>est</span> <span class='ocrx_word' id='word_1_156' title='bbox 437 1587 445 1616; x_wconf 91' lang='lat'>,</span> <span class='ocrx_word' id='word_1_157' title='bbox 457 1543 488 1600; x_wconf 93' lang='lat' dir='ltr'>in</span> <span class='ocrx_word' id='word_1_158' title='bbox 499 1539 628 1599; x_wconf 89' lang='lat' dir='ltr'>secundo</span> <span class='ocrx_word' id='word_1_159' title='bbox 642 1537 788 1614; x_wconf 79' lang='lat' dir='ltr'>triangulo</span> <span class='ocrx_word' id='word_1_160' title='bbox 803 1551 939 1594; x_wconf 88' lang='lat' dir='ltr'>numeros</span> <span class='ocrx_word' id='word_1_161' title='bbox 952 1551 1015 1590; x_wconf 87' lang='lat' dir='ltr'>esse</span> <span class='ocrx_word' id='word_1_162' title='bbox 1066 1523 1147 1583; x_wconf 82' lang='lat' dir='ltr'>l&#39;usc.</span> <span class='ocrx_word' id='word_1_163' title='bbox 1164 1522 1240 1602; x_wconf 88' lang='lat' dir='ltr'>disp.</span> <span class='ocrx_word' id='word_1_164' title='bbox 1253 1521 1308 1594; x_wconf 87' lang='lat' dir='ltr'>lll,</span> <span class='ocrx_word' id='word_1_165' title='bbox 1323 1522 1353 1590; x_wconf 86' lang='grc'>6,</span> <span class='ocrx_word' id='word_1_166' title='bbox 1374 1520 1459 1597; x_wconf 86' lang='lat' dir='ltr'>cujus</span> <span class='ocrx_word' id='word_1_167' title='bbox 1474 1517 1565 1576; x_wconf 77' lang='lat' dir='ltr'>uerba</span> <span class='ocrx_word' id='word_1_168' title='bbox 1579 1529 1647 1576; x_wconf 89' lang='lat' dir='ltr'>sunt</span> <span class='ocrx_word' id='word_1_169' title='bbox 1662 1537 1670 1575; x_wconf 75' lang='grc' dir='ltr'><strong>ι</strong></span> <span class='ocrx_word' id='word_1_170' title='bbox 1690 1541 1703 1570; x_wconf 81' lang='grc' dir='ltr'>ι</span> <span class='ocrx_word' id='word_1_171' title='bbox 1719 1515 1780 1575; x_wconf 84' lang='lat' dir='ltr'>Nec</span> <span class='ocrx_word' id='word_1_172' title='bbox 1796 1516 1847 1574; x_wconf 80' lang='lat' dir='ltr'>ab·</span> 
     </span>
    </p>

    <p class='ocr_par' dir='ltr' id='par_1_13' title="bbox 234 1607 1845 1712">
     <span class='ocr_line' id='line_1_14' title="bbox 234 1607 1845 1712; baseline -0.017 -20"><span class='ocrx_word' id='word_1_173' title='bbox 234 1635 405 1712; x_wconf 88' lang='lat' dir='ltr'>duplicatos.</span> <span class='ocrx_word' id='word_1_174' title='bbox 434 1630 531 1701; x_wconf 85' lang='lat' dir='ltr'>Quare</span> <span class='ocrx_word' id='word_1_175' title='bbox 554 1627 640 1686; x_wconf 88' lang='lat' dir='ltr'>talem</span> <span class='ocrx_word' id='word_1_176' title='bbox 665 1627 784 1684; x_wconf 87' lang='lat' dir='ltr'>sormam</span> <span class='ocrx_word' id='word_1_177' title='bbox 815 1621 1015 1700; x_wconf 80' lang='lat' dir='ltr'>geometricam</span> <span class='ocrx_word' id='word_1_178' title='bbox 1060 1613 1147 1672; x_wconf 86' lang='lat' dir='ltr'>surde</span> <span class='ocrx_word' id='word_1_179' title='bbox 1163 1611 1287 1670; x_wconf 82' lang='lat' dir='ltr'>Crantor</span> <span class='ocrx_word' id='word_1_180' title='bbox 1307 1609 1368 1682; x_wconf 87' lang='lat' dir='ltr'>ille,</span> <span class='ocrx_word' id='word_1_181' title='bbox 1393 1608 1488 1686; x_wconf 90' lang='lat' dir='ltr'>quiin</span> <span class='ocrx_word' id='word_1_182' title='bbox 1508 1619 1609 1666; x_wconf 87' lang='lat' dir='ltr'>nostra</span> <span class='ocrx_word' id='word_1_183' title='bbox 1630 1607 1784 1666; x_wconf 78' lang='lat' dir='ltr'>Academia</span> <span class='ocrx_word' id='word_1_184' title='bbox 1799 1607 1845 1664; x_wconf 81' lang='lat' dir='ltr'>rel</span> 
     </span>
    </p>

    <p class='ocr_par' dir='ltr' id='par_1_14' title="bbox 235 1693 1847 1796">
     <span class='ocr_line' id='line_1_15' title="bbox 235 1693 1847 1796; baseline -0.018 -17"><span class='ocrx_word' id='word_1_185' title='bbox 235 1719 375 1796; x_wconf 65' lang='lat' dir='ltr'>descrbssi</span> <span class='ocrx_word' id='word_1_186' title='bbox 385 1761 393 1790; x_wconf 92' lang='lat'>,</span> <span class='ocrx_word' id='word_1_187' title='bbox 405 1719 435 1776; x_wconf 90' lang='lat' dir='ltr'>in</span> <span class='ocrx_word' id='word_1_188' title='bbox 447 1736 506 1796; x_wconf 87' lang='lat' dir='ltr'>qua</span> <span class='ocrx_word' id='word_1_189' title='bbox 520 1727 615 1773; x_wconf 89' lang='lat' dir='ltr'>tamen</span> <span class='ocrx_word' id='word_1_190' title='bbox 625 1714 739 1774; x_wconf 86' lang='lat' dir='ltr'>tertium</span> <span class='ocrx_word' id='word_1_191' title='bbox 757 1711 935 1786; x_wconf 84' lang='lat' dir='ltr'>triangulum</span> <span class='ocrx_word' id='word_1_192' title='bbox 949 1707 1014 1766; x_wconf 91' lang='lat' dir='ltr'>bre-</span> <span class='ocrx_word' id='word_1_193' title='bbox 1061 1701 1202 1780; x_wconf 75' lang='lat' dir='ltr'>imprimis</span> <span class='ocrx_word' id='word_1_194' title='bbox 1218 1699 1271 1758; x_wconf 85' lang='lat' dir='ltr'>luit</span> <span class='ocrx_word' id='word_1_195' title='bbox 1287 1695 1395 1756; x_wconf 89' lang='lat' dir='ltr'>nobilis</span> <span class='ocrx_word' id='word_1_196' title='bbox 1414 1717 1420 1753; x_wconf 81' lang='grc' dir='ltr'>τ</span> <span class='ocrx_word' id='word_1_197' title='bbox 1438 1701 1562 1765; x_wconf 81' lang='lat' dir='ltr'>minime,</span> <span class='ocrx_word' id='word_1_198' title='bbox 1577 1693 1688 1772; x_wconf 88' lang='lat' dir='ltr'>inquit,</span> <span class='ocrx_word' id='word_1_199' title='bbox 1704 1701 1847 1751; x_wconf 85' lang='lat' dir='ltr'>assentior</span> 
     </span>
    </p>

    <p class='ocr_par' dir='ltr' id='par_1_15' title="bbox 235 1787 1847 1880">
     <span class='ocr_line' id='line_1_16' title="bbox 235 1787 1847 1880; baseline -0.015 -16"><span class='ocrx_word' id='word_1_200' title='bbox 235 1807 329 1864; x_wconf 83' lang='lat' dir='ltr'>vitatis</span> <span class='ocrx_word' id='word_1_201' title='bbox 345 1823 431 1864; x_wconf 87' lang='lat' dir='ltr'>causa</span> <span class='ocrx_word' id='word_1_202' title='bbox 449 1805 584 1862; x_wconf 88' lang='lat' dir='ltr'>omissum</span> <span class='ocrx_word' id='word_1_203' title='bbox 600 1814 651 1862; x_wconf 85' lang='lat' dir='ltr'>est.</span> <span class='ocrx_word' id='word_1_204' title='bbox 672 1801 772 1880; x_wconf 84' lang='lat' dir='ltr'>Neque</span> <span class='ocrx_word' id='word_1_205' title='bbox 785 1799 861 1858; x_wconf 89' lang='lat' dir='ltr'>enim</span> <span class='ocrx_word' id='word_1_206' title='bbox 874 1797 971 1856; x_wconf 84' lang='lat' dir='ltr'>omnia</span> <span class='ocrx_word' id='word_1_207' title='bbox 985 1795 1015 1854; x_wconf 93' lang='lat' dir='ltr'>in</span> <span class='ocrx_word' id='word_1_208' title='bbox 1062 1799 1106 1864; x_wconf 78' lang='lat' dir='ltr'>iis,</span> <span class='ocrx_word' id='word_1_209' title='bbox 1120 1797 1167 1868; x_wconf 86' lang='lat' dir='ltr'>qui</span> <span class='ocrx_word' id='word_1_210' title='bbox 1178 1795 1261 1847; x_wconf 80' lang='lat' dir='ltr'>istam</span> <span class='ocrx_word' id='word_1_211' title='bbox 1273 1793 1367 1846; x_wconf 86' lang='lat' dir='ltr'>nescio</span> <span class='ocrx_word' id='word_1_212' title='bbox 1379 1806 1463 1862; x_wconf 83' lang='lat' dir='ltr'>qaam</span> <span class='ocrx_word' id='word_1_213' title='bbox 1476 1787 1659 1842; x_wconf 80' lang='lat' dir='ltr'>indolentiam</span> <span class='ocrx_word' id='word_1_214' title='bbox 1670 1799 1847 1860; x_wconf 75' lang='lat' dir='ltr'>magnopere</span> 
     </span>
    </p>

    <p class='ocr_par' dir='ltr' id='par_1_16' title="bbox 236 1871 1844 1959">
     <span class='ocr_line' id='line_1_17' title="bbox 236 1871 1844 1959; baseline -0.015 -8"><span class='ocrx_word' id='word_1_215' title='bbox 236 1907 421 1952; x_wconf 73' lang='lat' dir='ltr'>tentaturum</span> <span class='ocrx_word' id='word_1_216' title='bbox 434 1891 608 1950; x_wconf 81' lang='lat' dir='ltr'>obscuritate</span> <span class='ocrx_word' id='word_1_217' title='bbox 619 1890 655 1950; x_wconf 89' lang='lat' dir='ltr'>ad</span> <span class='ocrx_word' id='word_1_218' title='bbox 667 1890 764 1946; x_wconf 88' lang='lat' dir='ltr'>vivom</span> <span class='ocrx_word' id='word_1_219' title='bbox 774 1904 901 1946; x_wconf 87' lang='lat' dir='ltr'>resecare</span> <span class='ocrx_word' id='word_1_220' title='bbox 911 1884 1014 1959; x_wconf 80' lang='lat' dir='ltr'>volui.)</span> <span class='ocrx_word' id='word_1_221' title='bbox 1061 1883 1192 1950; x_wconf 71' lang='lat' dir='ltr'>madunt,</span> <span class='ocrx_word' id='word_1_222' title='bbox 1207 1898 1272 1954; x_wconf 78' lang='lat' dir='ltr'>qum</span> <span class='ocrx_word' id='word_1_223' title='bbox 1284 1897 1336 1934; x_wconf 85' lang='lat' dir='ltr'>nec</span> <span class='ocrx_word' id='word_1_224' title='bbox 1350 1887 1442 1952; x_wconf 84' lang='lat' dir='ltr'>potest</span> <span class='ocrx_word' id='word_1_225' title='bbox 1462 1875 1522 1930; x_wconf 83' lang='lat' dir='ltr'>alla</span> <span class='ocrx_word' id='word_1_226' title='bbox 1535 1893 1595 1930; x_wconf 84' lang='lat' dir='ltr'>esse</span> <span class='ocrx_word' id='word_1_227' title='bbox 1613 1891 1663 1928; x_wconf 85' lang='lat' dir='ltr'>nec</span> <span class='ocrx_word' id='word_1_228' title='bbox 1683 1871 1780 1930; x_wconf 80' lang='lat' dir='ltr'>deser.</span> <span class='ocrx_word' id='word_1_229' title='bbox 1797 1873 1844 1928; x_wconf 87' lang='lat' dir='ltr'>Ne</span> 
     </span>
    </p>

    <p class='ocr_par' dir='ltr' id='par_1_17' title="bbox 983 1961 1847 2046">
     <span class='ocr_line' id='line_1_18' title="bbox 983 1961 1847 2046; baseline -0.014 -19"><span class='ocrx_word' id='word_1_230' title='bbox 983 2029 987 2034; x_wconf 78' lang='grc'>,</span> <span class='ocrx_word' id='word_1_231' title='bbox 1061 1981 1182 2046; x_wconf 77' lang='lat' dir='ltr'>aegrotus</span> <span class='ocrx_word' id='word_1_232' title='bbox 1193 1973 1262 2036; x_wconf 86' lang='lat' dir='ltr'>sim,·</span> <span class='ocrx_word' id='word_1_233' title='bbox 1279 1965 1332 2021; x_wconf 85' lang='lat' dir='ltr'>sed</span> <span class='ocrx_word' id='word_1_234' title='bbox 1340 1969 1364 2020; x_wconf 87' lang='lat' dir='ltr'>si</span> <span class='ocrx_word' id='word_1_235' title='bbox 1371 1961 1500 2036; x_wconf 86' lang='lat' dir='ltr'>fuerim,</span> <span class='ocrx_word' id='word_1_236' title='bbox 1515 1980 1612 2018; x_wconf 84' lang='lat' dir='ltr'>sensus</span> <span class='ocrx_word' id='word_1_237' title='bbox 1624 1963 1712 2031; x_wconf 86' lang='lat' dir='ltr'>adsit,</span> <span class='ocrx_word' id='word_1_238' title='bbox 1727 1965 1791 2016; x_wconf 84' lang='lat' dir='ltr'>sive</span> <span class='ocrx_word' id='word_1_239' title='bbox 1802 1980 1847 2016; x_wconf 88' lang='lat' dir='ltr'>se-</span> 
     </span>
    </p>

    <p class='ocr_par' dir='ltr' id='par_1_18' title="bbox 1060 2049 1850 2134">
     <span class='ocr_line' id='line_1_19' title="bbox 1060 2049 1850 2134; baseline -0.013 -20"><span class='ocrx_word' id='word_1_240' title='bbox 1060 2071 1137 2114; x_wconf 85' lang='lat' dir='ltr'>cetur</span> <span class='ocrx_word' id='word_1_241' title='bbox 1149 2055 1228 2134; x_wconf 81' lang='lat' dir='ltr'>quid,</span> <span class='ocrx_word' id='word_1_242' title='bbox 1251 2059 1311 2110; x_wconf 86' lang='lat' dir='ltr'>s&#39;ioe</span> <span class='ocrx_word' id='word_1_243' title='bbox 1324 2055 1469 2108; x_wconf 80' lang='lat' dir='ltr'>avellatur</span> <span class='ocrx_word' id='word_1_244' title='bbox 1487 2069 1507 2106; x_wconf 86' lang='lat' dir='ltr'>a</span> <span class='ocrx_word' id='word_1_245' title='bbox 1524 2067 1649 2122; x_wconf 72' lang='lat' dir='ltr'>corpore.</span> <span class='ocrx_word' id='word_1_246' title='bbox 1667 2049 1745 2104; x_wconf 87' lang='lat' dir='ltr'>Nam</span> <span class='ocrx_word' id='word_1_247' title='bbox 1769 2051 1850 2104; x_wconf 82' lang='lat' dir='ltr'>istud</span> 
     </span>
    </p>

    <p class='ocr_par' dir='ltr' id='par_1_19' title="bbox 1060 2139 1848 2216">
     <span class='ocr_line' id='line_1_20' title="bbox 1060 2139 1848 2216; baseline -0.015 -14"><span class='ocrx_word' id='word_1_248' title='bbox 1060 2145 1137 2202; x_wconf 83' lang='lat' dir='ltr'>nihil</span> <span class='ocrx_word' id='word_1_249' title='bbox 1157 2145 1251 2201; x_wconf 80' lang='lat' dir='ltr'>dolere</span> <span class='ocrx_word' id='word_1_250' title='bbox 1265 2161 1321 2199; x_wconf 90' lang='lat' dir='ltr'>non</span> <span class='ocrx_word' id='word_1_251' title='bbox 1337 2147 1396 2198; x_wconf 89' lang='lat' dir='ltr'>sine</span> <span class='ocrx_word' id='word_1_252' title='bbox 1417 2158 1524 2216; x_wconf 79' lang='lat' dir='ltr'>magna</span> <span class='ocrx_word' id='word_1_253' title='bbox 1544 2139 1671 2194; x_wconf 76' lang='lat' dir='ltr'>mercede</span> <span class='ocrx_word' id='word_1_254' title='bbox 1691 2141 1848 2209; x_wconf 78' lang='lat' dir='ltr'>contingit,</span> 
     </span>
    </p>

    <p class='ocr_par' dir='ltr' id='par_1_20' title="bbox 1062 2221 1849 2302">
     <span class='ocr_line' id='line_1_21' title="bbox 1062 2221 1849 2302; baseline -0.009 -14"><span class='ocrx_word' id='word_1_255' title='bbox 1062 2237 1250 2290; x_wconf 83' lang='lat' dir='ltr'>immanitatis</span> <span class='ocrx_word' id='word_1_256' title='bbox 1259 2237 1287 2286; x_wconf 88' lang='lat' dir='ltr'>ln</span> <span class='ocrx_word' id='word_1_257' title='bbox 1301 2234 1407 2298; x_wconf 82' lang='lat' dir='ltr'>animo,</span> <span class='ocrx_word' id='word_1_258' title='bbox 1422 2231 1541 2302; x_wconf 84' lang='lat' dir='ltr'>stuporis</span> <span class='ocrx_word' id='word_1_259' title='bbox 1552 2229 1581 2280; x_wconf 90' lang='lat' dir='ltr'>in</span> <span class='ocrx_word' id='word_1_260' title='bbox 1595 2243 1717 2301; x_wconf 85' lang='lat' dir='ltr'>corpore.</span> <span class='ocrx_word' id='word_1_261' title='bbox 1732 2221 1849 2282; x_wconf 73' lang='lat' dir='ltr'>scran-</span> 
     </span>
    </p>

    <p class='ocr_par' dir='ltr' id='par_1_21' title="bbox 1061 2311 1849 2396">
     <span class='ocr_line' id='line_1_22' title="bbox 1061 2311 1849 2396; baseline -0.011 -17"><span class='ocrx_word' id='word_1_262' title='bbox 1061 2319 1133 2380; x_wconf 90' lang='lat' dir='ltr'>toris</span> <span class='ocrx_word' id='word_1_263' title='bbox 1148 2319 1317 2380; x_wconf 87' lang='lat' dir='ltr'>sententiam</span> <span class='ocrx_word' id='word_1_264' title='bbox 1331 2314 1505 2396; x_wconf 79' lang='lat' dir='ltr'>approbavit</span> <span class='ocrx_word' id='word_1_265' title='bbox 1519 2313 1639 2385; x_wconf 85' lang='lat' dir='ltr'>Seneca,</span> <span class='ocrx_word' id='word_1_266' title='bbox 1655 2311 1746 2390; x_wconf 89' lang='lat' dir='ltr'>quiin</span> <span class='ocrx_word' id='word_1_267' title='bbox 1761 2311 1849 2371; x_wconf 89' lang='lat' dir='ltr'>Con-</span> 
     </span>
    </p>

    <p class='ocr_par' dir='ltr' id='par_1_22' title="bbox 1061 2401 1847 2481">
     <span class='ocr_line' id='line_1_23' title="bbox 1061 2401 1847 2481; baseline -0.013 -13"><span class='ocrx_word' id='word_1_268' title='bbox 1061 2407 1117 2470; x_wconf 87' lang='lat' dir='ltr'>sol.</span> <span class='ocrx_word' id='word_1_269' title='bbox 1146 2407 1183 2466; x_wconf 89' lang='lat' dir='ltr'>ad</span> <span class='ocrx_word' id='word_1_270' title='bbox 1203 2407 1335 2468; x_wconf 83' lang='lat' dir='ltr'>llelviarn</span> <span class='ocrx_word' id='word_1_271' title='bbox 1360 2424 1423 2481; x_wconf 90' lang='lat' dir='ltr'>cap.</span> <span class='ocrx_word' id='word_1_272' title='bbox 1454 2425 1465 2460; x_wconf 90' lang='grc' dir='ltr'>ε</span> <span class='ocrx_word' id='word_1_273' title='bbox 1492 2403 1588 2460; x_wconf 88' lang='lat' dir='ltr'>omnia</span> <span class='ocrx_word' id='word_1_274' title='bbox 1618 2401 1847 2460; x_wconf 85' lang='lat' dir='ltr'>clarissimorum</span> 
     </span>
    </p>

    <p class='ocr_par' dir='ltr' id='par_1_23' title="bbox 1061 2487 1850 2574">
     <span class='ocr_line' id='line_1_24' title="bbox 1061 2487 1850 2574; baseline -0.006 -19"><span class='ocrx_word' id='word_1_275' title='bbox 1061 2497 1246 2574; x_wconf 81' lang='lat' dir='ltr'>ingeniorum</span> <span class='ocrx_word' id='word_1_276' title='bbox 1270 2503 1456 2552; x_wconf 85' lang='lat' dir='ltr'>monuments</span> <span class='ocrx_word' id='word_1_277' title='bbox 1477 2491 1513 2548; x_wconf 89' lang='lat' dir='ltr'>ad</span> <span class='ocrx_word' id='word_1_278' title='bbox 1530 2487 1757 2568; x_wconf 78' lang='lat' dir='ltr'>&#39;compescendos</span> <span class='ocrx_word' id='word_1_279' title='bbox 1775 2511 1850 2550; x_wconf 90' lang='lat' dir='ltr'>mo-</span> 
     </span>
    </p>

    <p class='ocr_par' dir='ltr' id='par_1_24' title="bbox 1061 2577 1850 2662">
     <span class='ocr_line' id='line_1_25' title="bbox 1061 2577 1850 2662; baseline -0.009 -19"><span class='ocrx_word' id='word_1_280' title='bbox 1061 2585 1264 2662; x_wconf 84' lang='lat' dir='ltr'>derandosque</span> <span class='ocrx_word' id='word_1_281' title='bbox 1277 2584 1373 2642; x_wconf 88' lang='lat' dir='ltr'>luctus</span> <span class='ocrx_word' id='word_1_282' title='bbox 1394 2579 1554 2657; x_wconf 84' lang='lat' dir='ltr'>compositu</span> <span class='ocrx_word' id='word_1_283' title='bbox 1574 2577 1716 2636; x_wconf 83' lang='lat' dir='ltr'>evolvisse</span> <span class='ocrx_word' id='word_1_284' title='bbox 1730 2595 1762 2636; x_wconf 87' lang='lat' dir='ltr'>se</span> <span class='ocrx_word' id='word_1_285' title='bbox 1775 2597 1850 2656; x_wconf 88' lang='lat' dir='ltr'>pro-</span> 
     </span>
    </p>

    <p class='ocr_par' dir='ltr' id='par_1_25' title="bbox 1062 2666 1845 2744">
     <span class='ocr_line' id='line_1_26' title="bbox 1062 2666 1845 2744; baseline -0.01 -12"><span class='ocrx_word' id='word_1_286' title='bbox 1062 2672 1167 2732; x_wconf 85' lang='lat' dir='ltr'>fitetur.</span> <span class='ocrx_word' id='word_1_287' title='bbox 1182 2671 1324 2730; x_wconf 86' lang='lat' dir='ltr'>Nimirum</span> <span class='ocrx_word' id='word_1_288' title='bbox 1338 2669 1416 2727; x_wconf 90' lang='lat' dir='ltr'>illius</span> <span class='ocrx_word' id='word_1_289' title='bbox 1430 2666 1500 2726; x_wconf 87' lang='lat' dir='ltr'>libri</span> <span class='ocrx_word' id='word_1_290' title='bbox 1513 2687 1578 2744; x_wconf 65' lang='lat' dir='ltr'>sup.</span> <span class='ocrx_word' id='word_1_291' title='bbox 1596 2667 1630 2724; x_wconf 84' lang='grc' dir='ltr'>ιθ</span> <span class='ocrx_word' id='word_1_292' title='bbox 1645 2667 1707 2723; x_wconf 81' lang='lat' dir='ltr'>lucc</span> <span class='ocrx_word' id='word_1_293' title='bbox 1724 2667 1845 2743; x_wconf 86' lang='lat' dir='ltr'>posuit:</span> 
     </span>
    </p>

    <p class='ocr_par' dir='ltr' id='par_1_26' title="bbox 1062 2758 1847 2836">
     <span class='ocr_line' id='line_1_27' title="bbox 1062 2758 1847 2836; baseline -0.014 -18"><span class='ocrx_word' id='word_1_294' title='bbox 1062 2781 1128 2818; x_wconf 89' lang='lat' dir='ltr'>nam</span> <span class='ocrx_word' id='word_1_295' title='bbox 1143 2775 1171 2818; x_wconf 91' lang='lat' dir='ltr'>et</span> <span class='ocrx_word' id='word_1_296' title='bbox 1186 2761 1297 2836; x_wconf 87' lang='lat' dir='ltr'>infinito</span> <span class='ocrx_word' id='word_1_297' title='bbox 1310 2761 1422 2828; x_wconf 84' lang='lat' dir='ltr'>dolare,</span> <span class='ocrx_word' id='word_1_298' title='bbox 1442 2775 1525 2832; x_wconf 82' lang='lat' dir='ltr'>qutun</span> <span class='ocrx_word' id='word_1_299' title='bbox 1541 2758 1666 2829; x_wconf 80' lang='lat' dir='ltr'>aliquem</span> <span class='ocrx_word' id='word_1_300' title='bbox 1679 2773 1717 2809; x_wconf 76' lang='lat' dir='ltr'>ea</span> <span class='ocrx_word' id='word_1_301' title='bbox 1730 2759 1847 2808; x_wconf 86' lang='lat' dir='ltr'>carissi·</span> 
     </span>
    </p>

    <p class='ocr_par' dir='ltr' id='par_1_27' title="bbox 1058 2843 1848 2921">
     <span class='ocr_line' id='line_1_28' title="bbox 1058 2843 1848 2921; baseline -0.01 -15"><span class='ocrx_word' id='word_1_302' title='bbox 1058 2850 1258 2914; x_wconf 80' lang='lat' dir='ltr'>&#39;misamirert&#39;s,</span> <span class='ocrx_word' id='word_1_303' title='bbox 1273 2843 1368 2921; x_wconf 84' lang='lat' dir='ltr'>affici,</span> <span class='ocrx_word' id='word_1_304' title='bbox 1380 2847 1466 2901; x_wconf 86' lang='lat' dir='ltr'>stulta</span> <span class='ocrx_word' id='word_1_305' title='bbox 1475 2846 1653 2918; x_wconf 82' lang='lat' dir='ltr'>indulgentia</span> <span class='ocrx_word' id='word_1_306' title='bbox 1659 2843 1848 2910; x_wconf 64' lang='lat' dir='ltr'>esaetnnllo,</span> 
     </span>
    </p>

    <p class='ocr_par' dir='ltr' id='par_1_28' title="bbox 1062 2926 1848 3003">
     <span class='ocr_line' id='line_1_29' title="bbox 1062 2926 1848 3003; baseline -0.008 -11"><span class='ocrx_word' id='word_1_307' title='bbox 1062 2937 1219 2994; x_wconf 80' lang='lat' dir='ltr'>inhumana</span> <span class='ocrx_word' id='word_1_308' title='bbox 1228 2937 1345 2992; x_wconf 86' lang='lat' dir='ltr'>duritia.</span> <span class='ocrx_word' id='word_1_309' title='bbox 1363 2931 1442 2989; x_wconf 88' lang='lat' dir='ltr'>ldem</span> <span class='ocrx_word' id='word_1_310' title='bbox 1456 2931 1486 2990; x_wconf 93' lang='lat' dir='ltr'>in</span> <span class='ocrx_word' id='word_1_311' title='bbox 1496 2929 1619 2990; x_wconf 81' lang='lat' dir='ltr'>Consol.</span> <span class='ocrx_word' id='word_1_312' title='bbox 1634 2928 1671 2988; x_wconf 90' lang='lat' dir='ltr'>ad</span> <span class='ocrx_word' id='word_1_313' title='bbox 1687 2926 1848 3003; x_wconf 76' lang='lat' dir='ltr'>Polybium</span> 
     </span>
    </p>

    <p class='ocr_par' dir='ltr' id='par_1_29' title="bbox 1063 3009 1848 3103">
     <span class='ocr_line' id='line_1_30' title="bbox 1063 3009 1848 3103; baseline -0.01 -21"><span class='ocrx_word' id='word_1_314' title='bbox 1063 3043 1128 3103; x_wconf 86' lang='lat' dir='ltr'>cap.</span> <span class='ocrx_word' id='word_1_315' title='bbox 1142 3023 1179 3080; x_wconf 80' lang='lat'>36</span> <span class='ocrx_word' id='word_1_316' title='bbox 1193 3022 1231 3080; x_wconf 87' lang='lat' dir='ltr'>ait</span> <span class='ocrx_word' id='word_1_317' title='bbox 1250 3041 1257 3080; x_wconf 82' lang='grc' dir='ltr'>τ</span> <span class='ocrx_word' id='word_1_318' title='bbox 1271 3034 1299 3078; x_wconf 86' lang='lat' dir='ltr'>et</span> <span class='ocrx_word' id='word_1_319' title='bbox 1311 3009 1367 3078; x_wconf 83' lang='lat' dir='ltr'>ndu</span> <span class='ocrx_word' id='word_1_320' title='bbox 1378 3026 1481 3077; x_wconf 84' lang='lat' dir='ltr'>sentire</span> <span class='ocrx_word' id='word_1_321' title='bbox 1496 3021 1574 3076; x_wconf 86' lang='lat' dir='ltr'>mala</span> <span class='ocrx_word' id='word_1_322' title='bbox 1586 3039 1654 3092; x_wconf 82' lang='lat' dir='ltr'>sua,</span> <span class='ocrx_word' id='word_1_323' title='bbox 1667 3037 1722 3074; x_wconf 93' lang='lat' dir='ltr'>non</span> <span class='ocrx_word' id='word_1_324' title='bbox 1735 3031 1780 3073; x_wconf 84' lang='lat' dir='ltr'>est</span> <span class='ocrx_word' id='word_1_325' title='bbox 1796 3019 1848 3074; x_wconf 82' lang='lat' dir='ltr'>do·</span> 
     </span>
    </p>

    <p class='ocr_par' dir='ltr' id='par_1_30' title="bbox 1062 3104 1844 3183">
     <span class='ocr_line' id='line_1_31' title="bbox 1062 3104 1844 3183; baseline -0.005 -15"><span class='ocrx_word' id='word_1_326' title='bbox 1062 3117 1155 3183; x_wconf 87' lang='lat' dir='ltr'>minis,</span> <span class='ocrx_word' id='word_1_327' title='bbox 1168 3124 1196 3167; x_wconf 87' lang='lat' dir='ltr'>et</span> <span class='ocrx_word' id='word_1_328' title='bbox 1204 3107 1361 3182; x_wconf 75' lang='lat' dir='ltr'>naalma,</span> <span class='ocrx_word' id='word_1_329' title='bbox 1382 3127 1438 3165; x_wconf 88' lang='lat' dir='ltr'>non</span> <span class='ocrx_word' id='word_1_330' title='bbox 1459 3121 1499 3164; x_wconf 87' lang='lat' dir='ltr'>est</span> <span class='ocrx_word' id='word_1_331' title='bbox 1519 3113 1578 3163; x_wconf 81' lang='lat' dir='ltr'>viri.</span> <span class='ocrx_word' id='word_1_332' title='bbox 1596 3104 1640 3162; x_wconf 80' lang='lat' dir='ltr'>hd</span> <span class='ocrx_word' id='word_1_333' title='bbox 1661 3115 1753 3164; x_wconf 84' lang='lat' dir='ltr'>totum</span> <span class='ocrx_word' id='word_1_334' title='bbox 1769 3123 1844 3164; x_wconf 85' lang='lat' dir='ltr'>veru</span> 
     </span>
    </p>

    <p class='ocr_par' dir='ltr' id='par_1_31' title="bbox 1063 3191 1845 3272">
     <span class='ocr_line' id='line_1_32' title="bbox 1063 3191 1845 3272; baseline -0.01 -16"><span class='ocrx_word' id='word_1_335' title='bbox 1063 3197 1212 3256; x_wconf 86' lang='lat' dir='ltr'>Plutarchi</span> <span class='ocrx_word' id='word_1_336' title='bbox 1229 3197 1326 3255; x_wconf 90' lang='lat' dir='ltr'>locum</span> <span class='ocrx_word' id='word_1_337' title='bbox 1345 3193 1584 3272; x_wconf 83' lang='lat' dir='ltr'>Wyttenbachius</span> <span class='ocrx_word' id='word_1_338' title='bbox 1599 3191 1662 3249; x_wconf 77' lang='lat' dir='ltr'>haee</span> <span class='ocrx_word' id='word_1_339' title='bbox 1683 3191 1819 3269; x_wconf 83' lang='lat' dir='ltr'>ascripsit</span> <span class='ocrx_word' id='word_1_340' title='bbox 1837 3213 1845 3248; x_wconf 91' lang='lat'>:</span> 
     </span>
    </p>

    <p class='ocr_par' dir='ltr' id='par_1_32' title="bbox 1064 3279 1846 3360">
     <span class='ocr_line' id='line_1_33' title="bbox 1064 3279 1846 3360; baseline -0.004 -18"><span class='ocrx_word' id='word_1_341' title='bbox 1064 3301 1144 3346; x_wconf 83' lang='lat' dir='ltr'>teneo</span> <span class='ocrx_word' id='word_1_342' title='bbox 1156 3286 1250 3343; x_wconf 72' lang='lat' dir='ltr'>adnm</span> <span class='ocrx_word' id='word_1_343' title='bbox 1259 3288 1334 3360; x_wconf 85' lang='lat' dir='ltr'>qaod</span> <span class='ocrx_word' id='word_1_344' title='bbox 1347 3289 1455 3352; x_wconf 84' lang='lat' dir='ltr'>notavi,</span> <span class='ocrx_word' id='word_1_345' title='bbox 1466 3285 1557 3339; x_wconf 85' lang='lat' dir='ltr'>verba</span> <span class='ocrx_word' id='word_1_346' title='bbox 1569 3279 1599 3340; x_wconf 86' lang='grc' dir='ltr'>τδ</span> <span class='ocrx_word' id='word_1_347' title='bbox 1613 3281 1661 3356; x_wconf 73' lang='grc' dir='ltr'>μὲν</span> <span class='ocrx_word' id='word_1_348' title='bbox 1678 3279 1767 3356; x_wconf 79' lang='grc' dir='ltr'>δλγτῑν</span> <span class='ocrx_word' id='word_1_349' title='bbox 1783 3279 1846 3340; x_wconf 91' lang='grc' dir='ltr'>κτλ.</span> 
     </span>
    </p>

    <p class='ocr_par' dir='ltr' id='par_1_33' title="bbox 816 3365 1848 3452">
     <span class='ocr_line' id='line_1_34' title="bbox 816 3365 1848 3452; baseline -0.01 -19"><span class='ocrx_word' id='word_1_350' title='bbox 816 3439 822 3452; x_wconf 51' lang='grc'><strong>,</strong></span> <span class='ocrx_word' id='word_1_351' title='bbox 1063 3382 1128 3434; x_wconf 85' lang='lat' dir='ltr'>item</span> <span class='ocrx_word' id='word_1_352' title='bbox 1154 3389 1184 3433; x_wconf 86' lang='lat' dir='ltr'>at</span> <span class='ocrx_word' id='word_1_353' title='bbox 1203 3381 1335 3451; x_wconf 71' lang='lat' dir='ltr'>proxima</span> <span class='ocrx_word' id='word_1_354' title='bbox 1357 3392 1417 3430; x_wconf 86' lang='lat' dir='ltr'>esse</span> <span class='ocrx_word' id='word_1_355' title='bbox 1439 3372 1594 3428; x_wconf 84' lang='lat' dir='ltr'>Crantoris.</span> <span class='ocrx_word' id='word_1_356' title='bbox 1619 3365 1848 3426; x_wconf 82' lang='lat' dir='ltr'>Concedendum</span> 
     </span>
    </p>

    <p class='ocr_par' dir='ltr' id='par_1_34' title="bbox 280 3445 1847 3541">
     <span class='ocr_line' id='line_1_35' title="bbox 280 3445 1847 3541; baseline -0.004 -23"><span class='ocrx_word' id='word_1_357' title='bbox 280 3480 303 3520; x_wconf 89' lang='lat' dir='ltr'>s.</span> <span class='ocrx_word' id='word_1_358' title='bbox 326 3461 365 3519; x_wconf 85' lang='grc' dir='ltr'>Τὸ</span> <span class='ocrx_word' id='word_1_359' title='bbox 383 3458 431 3534; x_wconf 80' lang='grc' dir='ltr'>μέν</span> <span class='ocrx_word' id='word_1_360' title='bbox 449 3449 493 3518; x_wconf 75' lang='grc' dir='ltr'>οὖν</span> <span class='ocrx_word' id='word_1_361' title='bbox 506 3459 595 3537; x_wconf 77' lang='grc' dir='ltr'>ἀλγεῖν</span> <span class='ocrx_word' id='word_1_362' title='bbox 610 3458 655 3518; x_wconf 85' lang='grc' dir='ltr'>καλ</span> <span class='ocrx_word' id='word_1_363' title='bbox 671 3459 828 3534; x_wconf 78' lang='grc' dir='ltr'>δάκνεσθαι,</span> <span class='ocrx_word' id='word_1_364' title='bbox 847 3458 1020 3530; x_wconf 73' lang='grc' dir='ltr'>τελευτησαν-</span> <span class='ocrx_word' id='word_1_365' title='bbox 1063 3476 1121 3535; x_wconf 87' lang='lat' dir='ltr'>est,</span> <span class='ocrx_word' id='word_1_366' title='bbox 1137 3463 1213 3522; x_wconf 88' lang='lat' dir='ltr'>hano</span> <span class='ocrx_word' id='word_1_367' title='bbox 1235 3460 1353 3541; x_wconf 88' lang='lat' dir='ltr'>quidem</span> <span class='ocrx_word' id='word_1_368' title='bbox 1379 3459 1550 3518; x_wconf 87' lang='lat' dir='ltr'>sententiam</span> <span class='ocrx_word' id='word_1_369' title='bbox 1574 3455 1605 3515; x_wconf 83' lang='grc' dir='ltr'>τὸ</span> <span class='ocrx_word' id='word_1_370' title='bbox 1624 3454 1672 3531; x_wconf 77' lang='grc' dir='ltr'>μέν</span> <span class='ocrx_word' id='word_1_371' title='bbox 1692 3445 1738 3514; x_wconf 74' lang='lat' dir='ltr'>oda</span> <span class='ocrx_word' id='word_1_372' title='bbox 1754 3455 1847 3530; x_wconf 79' lang='grc' dir='ltr'>ὶλγιῑν</span> 
     </span>
    </p>

    <p class='ocr_par' dir='ltr' id='par_1_35' title="bbox 240 3541 1847 3628">
     <span class='ocr_line' id='line_1_36' title="bbox 240 3541 1847 3628; baseline -0.009 -16"><span class='ocrx_word' id='word_1_373' title='bbox 240 3569 281 3612; x_wconf 72' lang='grc' dir='ltr'>τοι</span> <span class='ocrx_word' id='word_1_374' title='bbox 290 3547 363 3620; x_wconf 70' lang='grc' dir='ltr'>υἱοῦ,</span> <span class='ocrx_word' id='word_1_375' title='bbox 379 3544 491 3628; x_wconf 65' lang='grc' dir='ltr'>φυσικὴν</span> <span class='ocrx_word' id='word_1_376' title='bbox 504 3545 561 3625; x_wconf 59' lang='lat' dir='ltr'>ixit</span> <span class='ocrx_word' id='word_1_377' title='bbox 573 3543 621 3617; x_wconf 61' lang='lat' dir='ltr'>&lt;tlt</span> <span class='ocrx_word' id='word_1_378' title='bbox 636 3541 722 3625; x_wconf 68' lang='grc' dir='ltr'>ἆρχλν</span> <span class='ocrx_word' id='word_1_379' title='bbox 738 3549 783 3620; x_wconf 73' lang='grc' dir='ltr'>τῆς</span> <span class='ocrx_word' id='word_1_380' title='bbox 797 3545 897 3620; x_wconf 80' lang='grc' dir='ltr'>λύπης,</span> <span class='ocrx_word' id='word_1_381' title='bbox 911 3546 956 3606; x_wconf 85' lang='grc' dir='ltr'>καλ</span> <span class='ocrx_word' id='word_1_382' title='bbox 971 3549 1018 3606; x_wconf 79' lang='grc' dir='ltr'>οὐκ</span> <span class='ocrx_word' id='word_1_383' title='bbox 1063 3549 1108 3610; x_wconf 87' lang='grc' dir='ltr'>καλ</span> <span class='ocrx_word' id='word_1_384' title='bbox 1122 3551 1275 3622; x_wconf 78' lang='grc' dir='ltr'>δάκνεσθαι,</span> <span class='ocrx_word' id='word_1_385' title='bbox 1288 3546 1492 3620; x_wconf 71' lang='grc' dir='ltr'>τελευτήσαντος</span> <span class='ocrx_word' id='word_1_386' title='bbox 1507 3549 1563 3604; x_wconf 76' lang='grc' dir='ltr'>υἱοῦ</span> <span class='ocrx_word' id='word_1_387' title='bbox 1571 3589 1580 3616; x_wconf 92' lang='grc'>,</span> <span class='ocrx_word' id='word_1_388' title='bbox 1594 3541 1706 3623; x_wconf 82' lang='grc' dir='ltr'>φυσικὴν</span> <span class='ocrx_word' id='word_1_389' title='bbox 1719 3542 1777 3620; x_wconf 64' lang='grc' dir='ltr'>ἔχει</span> <span class='ocrx_word' id='word_1_390' title='bbox 1797 3541 1847 3611; x_wconf 79' lang='grc' dir='ltr'>τὴν</span> 
     </span>
    </p>

    <p class='ocr_par' dir='ltr' id='par_1_36' title="bbox 240 3627 1850 3721">
     <span class='ocr_line' id='line_1_37' title="bbox 240 3627 1850 3721; baseline -0.012 -11"><span class='ocrx_word' id='word_1_391' title='bbox 240 3627 286 3715; x_wconf 56' lang='lat' dir='ltr'>‘i&#39;</span> <span class='ocrx_word' id='word_1_392' title='bbox 296 3635 372 3709; x_wconf 67' lang='lat' dir='ltr'>spii.</span> <span class='ocrx_word' id='word_1_393' title='bbox 393 3635 434 3695; x_wconf 67' lang='grc' dir='ltr'>Οὐ</span> <span class='ocrx_word' id='word_1_394' title='bbox 450 3633 501 3714; x_wconf 64' lang='grc' dir='ltr'>γέν</span> <span class='ocrx_word' id='word_1_395' title='bbox 519 3633 603 3714; x_wconf 70' lang='lat' dir='ltr'>{pop</span> <span class='ocrx_word' id='word_1_396' title='bbox 619 3633 785 3716; x_wconf 65' lang='grc' dir='ltr'>συμφέρομαι</span> <span class='ocrx_word' id='word_1_397' title='bbox 805 3637 858 3702; x_wconf 71' lang='lat' dir='ltr'>wit</span> <span class='ocrx_word' id='word_1_398' title='bbox 868 3633 916 3706; x_wconf 78' lang='lat' dir='ltr'>nir</span> <span class='ocrx_word' id='word_1_399' title='bbox 931 3634 1019 3716; x_wconf 74' lang='grc' dir='ltr'>ἄγριον</span> <span class='ocrx_word' id='word_1_400' title='bbox 1064 3638 1150 3721; x_wconf 76' lang='grc' dir='ltr'>ἀρχὴν</span> <span class='ocrx_word' id='word_1_401' title='bbox 1164 3643 1211 3712; x_wconf 78' lang='grc' dir='ltr'>τῆς</span> <span class='ocrx_word' id='word_1_402' title='bbox 1229 3637 1313 3711; x_wconf 87' lang='grc' dir='ltr'>λύπης</span> <span class='ocrx_word' id='word_1_403' title='bbox 1330 3639 1500 3699; x_wconf 87' lang='lat' dir='ltr'>eCrantore</span> <span class='ocrx_word' id='word_1_404' title='bbox 1513 3645 1637 3694; x_wconf 83' lang='lat' dir='ltr'>summm</span> <span class='ocrx_word' id='word_1_405' title='bbox 1653 3631 1762 3704; x_wconf 78' lang='lat' dir='ltr'>rideri,</span> <span class='ocrx_word' id='word_1_406' title='bbox 1775 3651 1850 3710; x_wconf 82' lang='lat' dir='ltr'>prae·</span> 
     </span>
    </p>

    <p class='ocr_par' dir='ltr' id='par_1_37' title="bbox 240 3719 1847 3805">
     <span class='ocr_line' id='line_1_38' title="bbox 240 3719 1847 3805; baseline -0.005 -25"><span class='ocrx_word' id='word_1_407' title='bbox 240 3723 351 3800; x_wconf 78' lang='grc' dir='ltr'>θμνοῒιοι</span> <span class='ocrx_word' id='word_1_408' title='bbox 368 3722 414 3784; x_wconf 83' lang='grc' dir='ltr'>καλ</span> <span class='ocrx_word' id='word_1_409' title='bbox 426 3720 542 3802; x_wconf 71' lang='grc' dir='ltr'>σκληρὰν</span> <span class='ocrx_word' id='word_1_410' title='bbox 565 3721 709 3796; x_wconf 75' lang='grc' dir='ltr'>ἀπάθειαν,</span> <span class='ocrx_word' id='word_1_411' title='bbox 725 3721 775 3791; x_wconf 69' lang='lat' dir='ltr'>lios</span> <span class='ocrx_word' id='word_1_412' title='bbox 790 3721 895 3782; x_wconf 78' lang='grc' dir='ltr'>καὶτοῦ</span> <span class='ocrx_word' id='word_1_413' title='bbox 910 3725 1019 3782; x_wconf 83' lang='grc' dir='ltr'>δυνατοῦ</span> <span class='ocrx_word' id='word_1_414' title='bbox 1064 3731 1163 3790; x_wconf 72' lang='lat' dir='ltr'>septim</span> <span class='ocrx_word' id='word_1_415' title='bbox 1182 3749 1272 3805; x_wconf 83' lang='lat' dir='ltr'>quum</span> <span class='ocrx_word' id='word_1_416' title='bbox 1292 3727 1397 3788; x_wconf 64' lang='lat' dir='ltr'>similia</span> <span class='ocrx_word' id='word_1_417' title='bbox 1420 3727 1548 3802; x_wconf 73' lang='lat' dir='ltr'>legamus</span> <span class='ocrx_word' id='word_1_418' title='bbox 1571 3721 1650 3801; x_wconf 80' lang='lat' dir='ltr'>apud</span> <span class='ocrx_word' id='word_1_419' title='bbox 1674 3719 1847 3780; x_wconf 78' lang='lat' dir='ltr'>Ciceronem</span> 
     </span>
    </p>

    <p class='ocr_par' dir='ltr' id='par_1_38' title="bbox 238 3803 1851 3895">
     <span class='ocr_line' id='line_1_39' title="bbox 238 3803 1851 3895; baseline -0.004 -22"><span class='ocrx_word' id='word_1_420' title='bbox 238 3811 285 3874; x_wconf 81' lang='grc' dir='ltr'>καλ</span> <span class='ocrx_word' id='word_1_421' title='bbox 299 3815 346 3872; x_wconf 78' lang='grc' dir='ltr'>τοῦ</span> <span class='ocrx_word' id='word_1_422' title='bbox 362 3809 538 3894; x_wconf 77' lang='grc' dir='ltr'>συμφέροντος</span> <span class='ocrx_word' id='word_1_423' title='bbox 557 3803 650 3872; x_wconf 70' lang='grc' dir='ltr'>οὖσαν.</span> <span class='ocrx_word' id='word_1_424' title='bbox 669 3809 856 3894; x_wconf 78' lang='grc' dir='ltr'>Ἀφαερήστται</span> <span class='ocrx_word' id='word_1_425' title='bbox 874 3809 925 3891; x_wconf 88' lang='grc' dir='ltr'>γδιρ</span> <span class='ocrx_word' id='word_1_426' title='bbox 943 3815 1020 3890; x_wconf 78' lang='grc' dir='ltr'>ἡμῶν</span> <span class='ocrx_word' id='word_1_427' title='bbox 1064 3818 1154 3878; x_wconf 76' lang='lat' dir='ltr'>&#39;ruso</span> <span class='ocrx_word' id='word_1_428' title='bbox 1169 3817 1246 3895; x_wconf 78' lang='lat' dir='ltr'>disp,</span> <span class='ocrx_word' id='word_1_429' title='bbox 1260 3817 1317 3890; x_wconf 87' lang='grc' dir='ltr'>ΙΙΙ,</span> <span class='ocrx_word' id='word_1_430' title='bbox 1332 3835 1371 3892; x_wconf 75' lang='grc' dir='ltr'>οφ</span> <span class='ocrx_word' id='word_1_431' title='bbox 1388 3835 1394 3872; x_wconf 89' lang='lat'><strong>:</strong></span> <span class='ocrx_word' id='word_1_432' title='bbox 1420 3827 1524 3872; x_wconf 79' lang='lat' dir='ltr'>namra</span> <span class='ocrx_word' id='word_1_433' title='bbox 1536 3810 1628 3884; x_wconf 79' lang='lat' dir='ltr'>effert</span> <span class='ocrx_word' id='word_1_434' title='bbox 1645 3813 1788 3880; x_wconf 71' lang='grc' dir='ltr'>ἀρύονται,</span> <span class='ocrx_word' id='word_1_435' title='bbox 1803 3817 1851 3868; x_wconf 83' lang='lat' dir='ltr'>ersi</span> 
     </span>
    </p>

    <p class='ocr_par' dir='ltr' id='par_1_39' title="bbox 239 3897 1847 3983">
     <span class='ocr_line' id='line_1_40' title="bbox 239 3897 1847 3983; baseline -0.002 -24"><span class='ocrx_word' id='word_1_436' title='bbox 239 3903 306 3976; x_wconf 72' lang='grc' dir='ltr'>αὕτη</span> <span class='ocrx_word' id='word_1_437' title='bbox 327 3899 375 3972; x_wconf 76' lang='grc' dir='ltr'>τὴν</span> <span class='ocrx_word' id='word_1_438' title='bbox 398 3901 427 3960; x_wconf 78' lang='lat' dir='ltr'>lx</span> <span class='ocrx_word' id='word_1_439' title='bbox 450 3903 495 3960; x_wconf 78' lang='grc' dir='ltr'>τοῦ</span> <span class='ocrx_word' id='word_1_440' title='bbox 517 3901 646 3980; x_wconf 71' lang='grc' dir='ltr'>φιλεῖσθαι</span> <span class='ocrx_word' id='word_1_441' title='bbox 665 3899 711 3960; x_wconf 87' lang='grc' dir='ltr'>καλ</span> <span class='ocrx_word' id='word_1_442' title='bbox 735 3903 818 3982; x_wconf 83' lang='grc' dir='ltr'>φιλεῖν</span> <span class='ocrx_word' id='word_1_443' title='bbox 841 3897 958 3974; x_wconf 86' lang='grc' dir='ltr'>τύνοιαν,</span> <span class='ocrx_word' id='word_1_444' title='bbox 986 3901 1019 3974; x_wconf 76' lang='grc' dir='ltr'>ἣν</span> <span class='ocrx_word' id='word_1_445' title='bbox 1063 3909 1173 3983; x_wconf 71' lang='grc' dir='ltr'>φοιτέοντι</span> <span class='ocrx_word' id='word_1_446' title='bbox 1187 3907 1323 3976; x_wconf 85' lang='lat' dir='ltr'>Crantor,</span> <span class='ocrx_word' id='word_1_447' title='bbox 1334 3909 1471 3980; x_wconf 80' lang='lat' dir='ltr'>inquiunt,</span> <span class='ocrx_word' id='word_1_448' title='bbox 1481 3913 1576 3959; x_wconf 80' lang='lat' dir='ltr'>vester</span> <span class='ocrx_word' id='word_1_449' title='bbox 1585 3901 1741 3957; x_wconf 82' lang='lat' dir='ltr'>cedendum</span> <span class='ocrx_word' id='word_1_450' title='bbox 1748 3913 1847 3973; x_wconf 85' lang='lat' dir='ltr'>putat.</span> 
     </span>
    </p>

    <p class='ocr_par' dir='ltr' id='par_1_40' title="bbox 239 3983 1847 4070">
     <span class='ocr_line' id='line_1_41' title="bbox 239 3983 1847 4070; baseline -0.002 -22"><span class='ocrx_word' id='word_1_451' title='bbox 239 3990 334 4056; x_wconf 79' lang='grc' dir='ltr'>παντὸς</span> <span class='ocrx_word' id='word_1_452' title='bbox 357 3989 456 4065; x_wconf 72' lang='grc' dir='ltr'>μᾶλλον</span> <span class='ocrx_word' id='word_1_453' title='bbox 480 3987 615 4058; x_wconf 76' lang='grc' dir='ltr'>διασώζειν</span> <span class='ocrx_word' id='word_1_454' title='bbox 635 3987 788 4067; x_wconf 80' lang='grc' dir='ltr'>ἀναγκαῖον.</span> <span class='ocrx_word' id='word_1_455' title='bbox 848 3990 888 4048; x_wconf 83' lang='grc' dir='ltr'>Τὸ</span> <span class='ocrx_word' id='word_1_456' title='bbox 909 3988 936 4051; x_wconf 82' lang='grc' dir='ltr'>δέ</span> <span class='ocrx_word' id='word_1_457' title='bbox 951 3989 1031 4070; x_wconf 84' lang='grc' dir='ltr'>πέρα</span> <span class='ocrx_word' id='word_1_458' title='bbox 1063 3999 1170 4052; x_wconf 85' lang='lat' dir='ltr'>Premit</span> <span class='ocrx_word' id='word_1_459' title='bbox 1179 4001 1255 4053; x_wconf 83' lang='lat' dir='ltr'>enim</span> <span class='ocrx_word' id='word_1_460' title='bbox 1267 4007 1352 4069; x_wconf 84' lang='lat' dir='ltr'>atque</span> <span class='ocrx_word' id='word_1_461' title='bbox 1363 3999 1464 4063; x_wconf 85' lang='lat' dir='ltr'>instat,</span> <span class='ocrx_word' id='word_1_462' title='bbox 1476 4009 1527 4048; x_wconf 84' lang='lat' dir='ltr'>nec</span> <span class='ocrx_word' id='word_1_463' title='bbox 1535 3993 1629 4046; x_wconf 82' lang='lat' dir='ltr'>resisti</span> <span class='ocrx_word' id='word_1_464' title='bbox 1633 3983 1847 4064; x_wconf 81' lang='lat' dir='ltr'>potest.Quid?</span> 
     </span>
    </p>

    <p class='ocr_par' dir='ltr' id='par_1_41' title="bbox 239 4073 1847 4160">
     <span class='ocr_line' id='line_1_42' title="bbox 239 4073 1847 4160; baseline -0.004 -26"><span class='ocrx_word' id='word_1_465' title='bbox 239 4082 284 4136; x_wconf 83' lang='grc' dir='ltr'>τοῦ</span> <span class='ocrx_word' id='word_1_466' title='bbox 306 4075 401 4154; x_wconf 84' lang='grc' dir='ltr'>μέτρου</span> <span class='ocrx_word' id='word_1_467' title='bbox 424 4073 634 4156; x_wconf 80' lang='grc' dir='ltr'>παρεκφέρεσθαι</span> <span class='ocrx_word' id='word_1_468' title='bbox 653 4075 698 4136; x_wconf 84' lang='grc' dir='ltr'>καλ</span> <span class='ocrx_word' id='word_1_469' title='bbox 721 4076 854 4147; x_wconf 79' lang='grc' dir='ltr'>συναύξειν</span> <span class='ocrx_word' id='word_1_470' title='bbox 870 4077 904 4137; x_wconf 72' lang='lat' dir='ltr'>ed</span> <span class='ocrx_word' id='word_1_471' title='bbox 920 4076 1018 4153; x_wconf 84' lang='grc' dir='ltr'>πένθη,</span> <span class='ocrx_word' id='word_1_472' title='bbox 1063 4083 1143 4160; x_wconf 84' lang='lat' dir='ltr'>quod</span> <span class='ocrx_word' id='word_1_473' title='bbox 1158 4081 1203 4142; x_wconf 81' lang='lat' dir='ltr'>his</span> <span class='ocrx_word' id='word_1_474' title='bbox 1229 4093 1423 4140; x_wconf 81' lang='lat' dir='ltr'>consentanea</span> <span class='ocrx_word' id='word_1_475' title='bbox 1442 4076 1531 4136; x_wconf 84' lang='lat' dir='ltr'>habet</span> <span class='ocrx_word' id='word_1_476' title='bbox 1552 4075 1661 4135; x_wconf 88' lang='lat' dir='ltr'>Seneca</span> <span class='ocrx_word' id='word_1_477' title='bbox 1684 4075 1769 4154; x_wconf 75' lang='lat' dir='ltr'>epist.</span> <span class='ocrx_word' id='word_1_478' title='bbox 1796 4097 1847 4154; x_wconf 75' lang='lat'>99,</span> 
     </span>
    </p>

    <p class='ocr_par' dir='ltr' id='par_1_42' title="bbox 239 4151 1847 4250">
     <span class='ocr_line' id='line_1_43' title="bbox 239 4151 1847 4250; baseline -0.013 -5"><span class='ocrx_word' id='word_1_479' title='bbox 239 4162 314 4244; x_wconf 56' lang='lat' dir='ltr'>mii</span> <span class='ocrx_word' id='word_1_480' title='bbox 336 4161 412 4243; x_wconf 62' lang='grc' dir='ltr'>θέσθ’</span> <span class='ocrx_word' id='word_1_481' title='bbox 432 4151 501 4223; x_wconf 56' lang='lat'>‘1⁹⁶‘</span> <span class='ocrx_word' id='word_1_482' title='bbox 521 4187 605 4246; x_wconf 70' lang='lat' dir='ltr'>pupi,</span> <span class='ocrx_word' id='word_1_483' title='bbox 622 4165 668 4224; x_wconf 63' lang='lat' dir='ltr'>“l</span> <span class='ocrx_word' id='word_1_484' title='bbox 688 4165 738 4226; x_wconf 69' lang='grc' dir='ltr'>ὗπθ</span> <span class='ocrx_word' id='word_1_485' title='bbox 753 4169 801 4238; x_wconf 70' lang='grc' dir='ltr'>τῆς</span> <span class='ocrx_word' id='word_1_486' title='bbox 819 4168 845 4226; x_wconf 68' lang='grc' dir='ltr'>έν</span> <span class='ocrx_word' id='word_1_487' title='bbox 862 4169 928 4244; x_wconf 71' lang='grc' dir='ltr'>ἡμῖν</span> <span class='ocrx_word' id='word_1_488' title='bbox 951 4168 1017 4248; x_wconf 71' lang='lat' dir='ltr'>pai·</span> <span class='ocrx_word' id='word_1_489' title='bbox 1062 4171 1158 4241; x_wconf 87' lang='lat' dir='ltr'>Quum</span> <span class='ocrx_word' id='word_1_490' title='bbox 1172 4171 1296 4250; x_wconf 89' lang='lat' dir='ltr'>primum</span> <span class='ocrx_word' id='word_1_491' title='bbox 1310 4189 1362 4228; x_wconf 88' lang='lat' dir='ltr'>nos</span> <span class='ocrx_word' id='word_1_492' title='bbox 1374 4167 1493 4228; x_wconf 89' lang='lat' dir='ltr'>nuntios</span> <span class='ocrx_word' id='word_1_493' title='bbox 1507 4163 1604 4225; x_wconf 88' lang='lat' dir='ltr'>acerbi</span> <span class='ocrx_word' id='word_1_494' title='bbox 1619 4164 1728 4224; x_wconf 83' lang='lat' dir='ltr'>funeris</span> <span class='ocrx_word' id='word_1_495' title='bbox 1740 4183 1847 4242; x_wconf 88' lang='lat' dir='ltr'>percu·</span> 
     </span>
    </p>

    <p class='ocr_par' dir='ltr' id='par_1_43' title="bbox 239 4241 1847 4337">
     <span class='ocr_line' id='line_1_44' title="bbox 239 4241 1847 4337; baseline 0.002 -29"><span class='ocrx_word' id='word_1_496' title='bbox 239 4252 287 4322; x_wconf 89' lang='grc' dir='ltr'>λης</span> <span class='ocrx_word' id='word_1_497' title='bbox 303 4241 419 4326; x_wconf 74' lang='grc' dir='ltr'>γίνεσθαι</span> <span class='ocrx_word' id='word_1_498' title='bbox 432 4249 519 4322; x_wconf 71' lang='grc' dir='ltr'>δόξης.</span> <span class='ocrx_word' id='word_1_499' title='bbox 575 4251 623 4312; x_wconf 69' lang='lat' dir='ltr'>ert</span> <span class='ocrx_word' id='word_1_500' title='bbox 640 4252 685 4311; x_wconf 83' lang='grc' dir='ltr'>καλ</span> <span class='ocrx_word' id='word_1_501' title='bbox 704 4258 780 4314; x_wconf 74' lang='grc' dir='ltr'>τοῦτο</span> <span class='ocrx_word' id='word_1_502' title='bbox 802 4253 968 4331; x_wconf 73' lang='lat' dir='ltr'>plaissiet,</span> <span class='ocrx_word' id='word_1_503' title='bbox 984 4259 1018 4322; x_wconf 81' lang='grc' dir='ltr'>ὡς</span> <span class='ocrx_word' id='word_1_504' title='bbox 1063 4259 1107 4330; x_wconf 91' lang='lat' dir='ltr'>lit,</span> <span class='ocrx_word' id='word_1_505' title='bbox 1122 4279 1213 4337; x_wconf 91' lang='lat' dir='ltr'>quum</span> <span class='ocrx_word' id='word_1_506' title='bbox 1230 4271 1360 4318; x_wconf 90' lang='lat' dir='ltr'>tenemus</span> <span class='ocrx_word' id='word_1_507' title='bbox 1375 4254 1678 4334; x_wconf 84' lang='lat' dir='ltr'>corpusecomplexu</span> <span class='ocrx_word' id='word_1_508' title='bbox 1696 4265 1799 4313; x_wconf 89' lang='lat' dir='ltr'>nostro</span> <span class='ocrx_word' id='word_1_509' title='bbox 1814 4255 1847 4312; x_wconf 90' lang='lat' dir='ltr'>iu</span> 
     </span>
    </p>

    <p class='ocr_par' dir='ltr' id='par_1_44' title="bbox 241 4335 1849 4423">
     <span class='ocr_line' id='line_1_45' title="bbox 241 4335 1849 4423; baseline -0.009 -8"><span class='ocrx_word' id='word_1_510' title='bbox 241 4335 370 4416; x_wconf 60' lang='grc' dir='ltr'>βλθεῑθθν</span> <span class='ocrx_word' id='word_1_511' title='bbox 383 4339 427 4396; x_wconf 62' lang='lat' dir='ltr'>mi</span> <span class='ocrx_word' id='word_1_512' title='bbox 441 4339 552 4417; x_wconf 63' lang='grc' dir='ltr'>θαῧλθνι</span> <span class='ocrx_word' id='word_1_513' title='bbox 566 4339 613 4399; x_wconf 62' lang='grc' dir='ltr'>καὶ</span> <span class='ocrx_word' id='word_1_514' title='bbox 624 4341 772 4408; x_wconf 57' lang='lat' dir='ltr'>medulata</span> <span class='ocrx_word' id='word_1_515' title='bbox 787 4343 911 4420; x_wconf 74' lang='grc' dir='ltr'>ἀνδράσιν</span> <span class='ocrx_word' id='word_1_516' title='bbox 922 4344 1017 4414; x_wconf 80' lang='grc' dir='ltr'>ἥκιστα</span> <span class='ocrx_word' id='word_1_517' title='bbox 1062 4346 1156 4422; x_wconf 81' lang='lat' dir='ltr'>ignem</span> <span class='ocrx_word' id='word_1_518' title='bbox 1171 4345 1369 4423; x_wconf 83' lang='lat' dir='ltr'>transiturum,</span> <span class='ocrx_word' id='word_1_519' title='bbox 1385 4345 1517 4404; x_wconf 87' lang='lat' dir='ltr'>lacrimas</span> <span class='ocrx_word' id='word_1_520' title='bbox 1530 4341 1671 4401; x_wconf 85' lang='lat' dir='ltr'>naturalis</span> <span class='ocrx_word' id='word_1_521' title='bbox 1691 4341 1849 4400; x_wconf 83' lang='lat' dir='ltr'>necessitas</span> 
     </span>
    </p>
   </div>
   <div class='ocr_carea' id='block_1_3' title="bbox 236 4559 1849 5246">
    <p class='ocr_par' dir='ltr' id='par_1_45' title="bbox 236 4559 1849 5246">
     <span class='ocr_line' id='line_1_46' title="bbox 269 4559 1849 4630; baseline -0.002 -20"><span class='ocrx_word' id='word_1_522' title='bbox 269 4565 291 4611; x_wconf 82' lang='lat'>8.</span> <span class='ocrx_word' id='word_1_523' title='bbox 307 4561 362 4614; x_wconf 76' lang='lat' dir='ltr'>iam</span> <span class='ocrx_word' id='word_1_524' title='bbox 381 4573 412 4611; x_wconf 85' lang='lat' dir='ltr'>es</span> <span class='ocrx_word' id='word_1_525' title='bbox 425 4563 469 4620; x_wconf 75' lang='lat' dir='ltr'>uui</span> <span class='ocrx_word' id='word_1_526' title='bbox 487 4562 568 4610; x_wconf 82' lang='lat' dir='ltr'>morte</span> <span class='ocrx_word' id='word_1_527' title='bbox 580 4561 656 4613; x_wconf 79' lang='lat' dir='ltr'>ammi</span> <span class='ocrx_word' id='word_1_528' title='bbox 671 4561 779 4614; x_wconf 86' lang='lat' dir='ltr'>dolorem</span> <span class='ocrx_word' id='word_1_529' title='bbox 800 4561 1020 4629; x_wconf 71' lang='lat' dir='ltr'>egnmdinemque</span> <span class='ocrx_word' id='word_1_530' title='bbox 1063 4569 1219 4630; x_wconf 86' lang='lat' dir='ltr'>Quapropter</span> <span class='ocrx_word' id='word_1_531' title='bbox 1230 4563 1304 4614; x_wconf 82' lang='lat' dir='ltr'>etiam</span> <span class='ocrx_word' id='word_1_532' title='bbox 1320 4563 1366 4614; x_wconf 88' lang='lat' dir='ltr'>hoc</span> <span class='ocrx_word' id='word_1_533' title='bbox 1375 4565 1404 4614; x_wconf 86' lang='lat' dir='ltr'>ut</span> <span class='ocrx_word' id='word_1_534' title='bbox 1417 4563 1564 4613; x_wconf 84' lang='lat' dir='ltr'>damnosum</span> <span class='ocrx_word' id='word_1_535' title='bbox 1580 4561 1731 4611; x_wconf 79' lang='lat' dir='ltr'>atritiosom</span> <span class='ocrx_word' id='word_1_536' title='bbox 1742 4561 1768 4609; x_wconf 89' lang='lat' dir='ltr'>et</span> <span class='ocrx_word' id='word_1_537' title='bbox 1781 4559 1849 4608; x_wconf 80' lang='lat' dir='ltr'>viros</span> 
     </span>
     <span class='ocr_line' id='line_1_47' title="bbox 237 4647 1847 4717; baseline -0.003 -17"><span class='ocrx_word' id='word_1_538' title='bbox 237 4661 338 4714; x_wconf 84' lang='lat' dir='ltr'>capere,</span> <span class='ocrx_word' id='word_1_539' title='bbox 351 4661 392 4699; x_wconf 78' lang='lat' dir='ltr'>res</span> <span class='ocrx_word' id='word_1_540' title='bbox 403 4647 521 4710; x_wconf 72' lang='lat' dir='ltr'>essedis,</span> <span class='ocrx_word' id='word_1_541' title='bbox 534 4661 592 4714; x_wconf 78' lang='lat' dir='ltr'>que</span> <span class='ocrx_word' id='word_1_542' title='bbox 611 4649 745 4700; x_wconf 83' lang='lat' dir='ltr'>anstumll</span> <span class='ocrx_word' id='word_1_543' title='bbox 762 4651 872 4715; x_wconf 83' lang='lat' dir='ltr'>prolecta</span> <span class='ocrx_word' id='word_1_544' title='bbox 891 4652 1019 4717; x_wconf 86' lang='lat' dir='ltr'>pnoeipio,</span> <span class='ocrx_word' id='word_1_545' title='bbox 1066 4652 1152 4714; x_wconf 78' lang='lat' dir='ltr'>umbos</span> <span class='ocrx_word' id='word_1_546' title='bbox 1168 4651 1268 4704; x_wconf 79' lang='lat' dir='ltr'>mmbne</span> <span class='ocrx_word' id='word_1_547' title='bbox 1290 4651 1380 4703; x_wconf 86' lang='lat' dir='ltr'>decem</span> <span class='ocrx_word' id='word_1_548' title='bbox 1399 4649 1538 4711; x_wconf 72' lang='lat' dir='ltr'>numum,</span> <span class='ocrx_word' id='word_1_549' title='bbox 1559 4647 1717 4700; x_wconf 82' lang='lat' dir='ltr'>mediocritas</span> <span class='ocrx_word' id='word_1_550' title='bbox 1734 4661 1793 4698; x_wconf 83' lang='lat' dir='ltr'>vero</span> <span class='ocrx_word' id='word_1_551' title='bbox 1808 4649 1847 4696; x_wconf 87' lang='lat' dir='ltr'>at-</span> 
     </span>
     <span class='ocr_line' id='line_1_48' title="bbox 236 4733 1848 4806; baseline -0.002 -20"><span class='ocrx_word' id='word_1_552' title='bbox 236 4749 285 4787; x_wconf 88' lang='lat' dir='ltr'>non</span> <span class='ocrx_word' id='word_1_553' title='bbox 300 4737 466 4788; x_wconf 82' lang='lat' dir='ltr'>eltinnostrs</span> <span class='ocrx_word' id='word_1_554' title='bbox 477 4739 607 4801; x_wconf 82' lang='lat' dir='ltr'>potestate.</span> <span class='ocrx_word' id='word_1_555' title='bbox 640 4739 694 4790; x_wconf 80' lang='lat' dir='ltr'>lion</span> <span class='ocrx_word' id='word_1_556' title='bbox 710 4737 1020 4806; x_wconf 67' lang='lat' dir='ltr'>amoenorumque</span> <span class='ocrx_word' id='word_1_557' title='bbox 1065 4739 1173 4790; x_wconf 79' lang='lat' dir='ltr'>iactuum</span> <span class='ocrx_word' id='word_1_558' title='bbox 1194 4751 1241 4788; x_wconf 92' lang='lat' dir='ltr'>noo</span> <span class='ocrx_word' id='word_1_559' title='bbox 1259 4742 1298 4789; x_wconf 92' lang='lat' dir='ltr'>est</span> <span class='ocrx_word' id='word_1_560' title='bbox 1314 4735 1477 4802; x_wconf 85' lang='lat' dir='ltr'>reprobanda.</span> <span class='ocrx_word' id='word_1_561' title='bbox 1508 4739 1544 4788; x_wconf 78' lang='lat' dir='ltr'>lte</span> <span class='ocrx_word' id='word_1_562' title='bbox 1561 4737 1669 4800; x_wconf 74' lang='lat' dir='ltr'>egmtus</span> <span class='ocrx_word' id='word_1_563' title='bbox 1685 4733 1746 4794; x_wconf 78' lang='lat' dir='ltr'>sim,</span> <span class='ocrx_word' id='word_1_564' title='bbox 1767 4733 1848 4796; x_wconf 82' lang='lat' dir='ltr'>lnquit</span> 
     </span>
     <span class='ocr_line' id='line_1_49' title="bbox 236 4822 1848 4894; baseline -0.004 -17"><span class='ocrx_word' id='word_1_565' title='bbox 236 4826 367 4877; x_wconf 88' lang='lat' dir='ltr'>immanem</span> <span class='ocrx_word' id='word_1_566' title='bbox 390 4825 526 4888; x_wconf 82' lang='lat' dir='ltr'>duramque</span> <span class='ocrx_word' id='word_1_567' title='bbox 549 4824 707 4878; x_wconf 82' lang='lat' dir='ltr'>indolmtltm</span> <span class='ocrx_word' id='word_1_568' title='bbox 730 4825 838 4888; x_wconf 87' lang='lat' dir='ltr'>landant,</span> <span class='ocrx_word' id='word_1_569' title='bbox 863 4841 919 4892; x_wconf 83' lang='lat' dir='ltr'>qua</span> <span class='ocrx_word' id='word_1_570' title='bbox 940 4843 1019 4894; x_wconf 85' lang='lat' dir='ltr'>oeque</span> <span class='ocrx_word' id='word_1_571' title='bbox 1063 4829 1166 4878; x_wconf 87' lang='lat' dir='ltr'>crantor</span> <span class='ocrx_word' id='word_1_572' title='bbox 1182 4825 1356 4887; x_wconf 77' lang='lat' dir='ltr'>Academicus,</span> <span class='ocrx_word' id='word_1_573' title='bbox 1378 4824 1421 4876; x_wconf 84' lang='lat' dir='ltr'>sed</span> <span class='ocrx_word' id='word_1_574' title='bbox 1442 4824 1464 4877; x_wconf 81' lang='lat' dir='ltr'>sl</span> <span class='ocrx_word' id='word_1_575' title='bbox 1483 4823 1586 4884; x_wconf 75' lang='lat' dir='ltr'>merim,</span> <span class='ocrx_word' id='word_1_576' title='bbox 1597 4835 1684 4874; x_wconf 81' lang='lat' dir='ltr'>emsos</span> <span class='ocrx_word' id='word_1_577' title='bbox 1699 4822 1792 4885; x_wconf 81' lang='lat' dir='ltr'>utquts</span> <span class='ocrx_word' id='word_1_578' title='bbox 1806 4822 1848 4871; x_wconf 84' lang='lat' dir='ltr'>ad-</span> 
     </span>
     <span class='ocr_line' id='line_1_50' title="bbox 236 4909 1847 4981; baseline -0.004 -17"><span class='ocrx_word' id='word_1_579' title='bbox 236 4915 376 4977; x_wconf 78' lang='lat' dir='ltr'>ooutingere</span> <span class='ocrx_word' id='word_1_580' title='bbox 398 4914 469 4966; x_wconf 86' lang='lat' dir='ltr'>nobis</span> <span class='ocrx_word' id='word_1_581' title='bbox 487 4927 566 4977; x_wconf 78' lang='lat' dir='ltr'>neque</span> <span class='ocrx_word' id='word_1_582' title='bbox 583 4915 700 4979; x_wconf 81' lang='lat' dir='ltr'>prodesse</span> <span class='ocrx_word' id='word_1_583' title='bbox 725 4919 815 4981; x_wconf 81' lang='lat' dir='ltr'>potest</span> <span class='ocrx_word' id='word_1_584' title='bbox 849 4916 942 4981; x_wconf 78' lang='lat' dir='ltr'>eripiet</span> <span class='ocrx_word' id='word_1_585' title='bbox 955 4917 1019 4968; x_wconf 86' lang='lat' dir='ltr'>enlm</span> <span class='ocrx_word' id='word_1_586' title='bbox 1063 4913 1176 4977; x_wconf 82' lang='lat' dir='ltr'>su,stre</span> <span class='ocrx_word' id='word_1_587' title='bbox 1188 4917 1287 4966; x_wconf 86' lang='lat' dir='ltr'>secetur</span> <span class='ocrx_word' id='word_1_588' title='bbox 1300 4912 1552 4978; x_wconf 82' lang='lat' dir='ltr'>parsmembmrum‚</span> <span class='ocrx_word' id='word_1_589' title='bbox 1572 4911 1651 4962; x_wconf 86' lang='lat' dir='ltr'>sirea</span> <span class='ocrx_word' id='word_1_590' title='bbox 1665 4921 1770 4975; x_wconf 86' lang='lat' dir='ltr'>corpore</span> <span class='ocrx_word' id='word_1_591' title='bbox 1782 4909 1847 4958; x_wconf 86' lang='lat' dir='ltr'>arel·</span> 
     </span>
     <span class='ocr_line' id='line_1_51' title="bbox 236 4997 1846 5068; baseline -0.005 -15"><span class='ocrx_word' id='word_1_592' title='bbox 236 5001 305 5052; x_wconf 78' lang='lat' dir='ltr'>nobb</span> <span class='ocrx_word' id='word_1_593' title='bbox 319 5004 367 5054; x_wconf 82' lang='lat' dir='ltr'>ista</span> <span class='ocrx_word' id='word_1_594' title='bbox 377 5002 444 5054; x_wconf 88' lang='lat' dir='ltr'>illam</span> <span class='ocrx_word' id='word_1_595' title='bbox 463 5016 537 5068; x_wconf 84' lang='lat' dir='ltr'>quam</span> <span class='ocrx_word' id='word_1_596' title='bbox 548 5003 688 5054; x_wconf 83' lang='lat' dir='ltr'>conservari</span> <span class='ocrx_word' id='word_1_597' title='bbox 703 5003 809 5056; x_wconf 70' lang='lat' dir='ltr'>maxim</span> <span class='ocrx_word' id='word_1_598' title='bbox 822 5006 920 5068; x_wconf 83' lang='lat' dir='ltr'>opertet</span> <span class='ocrx_word' id='word_1_599' title='bbox 936 5017 1019 5056; x_wconf 86' lang='lat' dir='ltr'>ema·</span> <span class='ocrx_word' id='word_1_600' title='bbox 1063 5005 1135 5054; x_wconf 85' lang='lat' dir='ltr'>tatur.</span> <span class='ocrx_word' id='word_1_601' title='bbox 1168 5005 1229 5053; x_wconf 76' lang='lat' dir='ltr'>Nam</span> <span class='ocrx_word' id='word_1_602' title='bbox 1240 5001 1288 5053; x_wconf 86' lang='lat' dir='ltr'>ista</span> <span class='ocrx_word' id='word_1_603' title='bbox 1303 5001 1395 5053; x_wconf 85' lang='lat' dir='ltr'>doloris</span> <span class='ocrx_word' id='word_1_604' title='bbox 1413 4999 1524 5052; x_wconf 80' lang='lat' dir='ltr'>remites</span> <span class='ocrx_word' id='word_1_605' title='bbox 1538 5013 1587 5050; x_wconf 89' lang='lat' dir='ltr'>ooo</span> <span class='ocrx_word' id='word_1_606' title='bbox 1609 4997 1661 5048; x_wconf 88' lang='lat' dir='ltr'>sine</span> <span class='ocrx_word' id='word_1_607' title='bbox 1675 5009 1763 5060; x_wconf 68' lang='lat' dir='ltr'>magns</span> <span class='ocrx_word' id='word_1_608' title='bbox 1779 5007 1846 5045; x_wconf 86' lang='lat' dir='ltr'>mer-</span> 
     </span>
     <span class='ocr_line' id='line_1_52' title="bbox 236 5079 1846 5154; baseline -0.004 -14"><span class='ocrx_word' id='word_1_609' title='bbox 236 5093 373 5143; x_wconf 85' lang='lat' dir='ltr'>tuoamore</span> <span class='ocrx_word' id='word_1_610' title='bbox 391 5095 471 5144; x_wconf 80' lang='lat' dir='ltr'>ortam</span> <span class='ocrx_word' id='word_1_611' title='bbox 486 5089 690 5146; x_wconf 84' lang='lat' dir='ltr'>benevolentiam.</span> <span class='ocrx_word' id='word_1_612' title='bbox 734 5094 838 5144; x_wconf 80' lang='lat' dir='ltr'>ltoerore</span> <span class='ocrx_word' id='word_1_613' title='bbox 852 5096 935 5144; x_wconf 71' lang='lat' dir='ltr'>summ</span> <span class='ocrx_word' id='word_1_614' title='bbox 954 5094 1019 5144; x_wconf 87' lang='lat' dir='ltr'>ultra</span> <span class='ocrx_word' id='word_1_615' title='bbox 1062 5091 1122 5142; x_wconf 74' lang='lat' dir='ltr'>rede</span> <span class='ocrx_word' id='word_1_616' title='bbox 1146 5089 1240 5142; x_wconf 87' lang='lat' dir='ltr'>bomini</span> <span class='ocrx_word' id='word_1_617' title='bbox 1262 5089 1375 5154; x_wconf 79' lang='lat' dir='ltr'>obtingit.</span> <span class='ocrx_word' id='word_1_618' title='bbox 1408 5088 1505 5152; x_wconf 85' lang='lat' dir='ltr'>Quippe</span> <span class='ocrx_word' id='word_1_619' title='bbox 1532 5086 1665 5137; x_wconf 79' lang='lat' dir='ltr'>verisimile</span> <span class='ocrx_word' id='word_1_620' title='bbox 1692 5089 1745 5147; x_wconf 83' lang='lat' dir='ltr'>cst,</span> <span class='ocrx_word' id='word_1_621' title='bbox 1766 5087 1796 5134; x_wconf 90' lang='lat' dir='ltr'>ut</span> <span class='ocrx_word' id='word_1_622' title='bbox 1812 5079 1846 5133; x_wconf 84' lang='lat' dir='ltr'>lbi</span> 
     </span>
     <span class='ocr_line' id='line_1_53' title="bbox 236 5175 1738 5246; baseline -0.003 -18"><span class='ocrx_word' id='word_1_623' title='bbox 236 5178 336 5228; x_wconf 86' lang='lat' dir='ltr'>modam</span> <span class='ocrx_word' id='word_1_624' title='bbox 350 5178 416 5230; x_wconf 81' lang='lat' dir='ltr'>allici</span> <span class='ocrx_word' id='word_1_625' title='bbox 436 5180 461 5231; x_wconf 81' lang='lat' dir='ltr'>el</span> <span class='ocrx_word' id='word_1_626' title='bbox 480 5177 553 5231; x_wconf 87' lang='lat' dir='ltr'>nimis</span> <span class='ocrx_word' id='word_1_627' title='bbox 571 5193 661 5246; x_wconf 81' lang='lat' dir='ltr'>augere</span> <span class='ocrx_word' id='word_1_628' title='bbox 684 5181 778 5232; x_wconf 85' lang='lat' dir='ltr'>loetum</span> <span class='ocrx_word' id='word_1_629' title='bbox 799 5181 886 5232; x_wconf 78' lang='lat' dir='ltr'>mons</span> <span class='ocrx_word' id='word_1_630' title='bbox 903 5183 1018 5234; x_wconf 69' lang='lat' dir='ltr'>neutram</span> <span class='ocrx_word' id='word_1_631' title='bbox 1062 5190 1167 5242; x_wconf 70' lang='lat' dir='ltr'>oerum,</span> <span class='ocrx_word' id='word_1_632' title='bbox 1181 5177 1215 5229; x_wconf 80' lang='lat' dir='ltr'>ila</span> <span class='ocrx_word' id='word_1_633' title='bbox 1225 5177 1265 5229; x_wconf 89' lang='lat' dir='ltr'>hic</span> <span class='ocrx_word' id='word_1_634' title='bbox 1277 5177 1398 5242; x_wconf 83' lang='lat' dir='ltr'>ejusmodi</span> <span class='ocrx_word' id='word_1_635' title='bbox 1412 5179 1522 5228; x_wconf 82' lang='lat' dir='ltr'>animum</span> <span class='ocrx_word' id='word_1_636' title='bbox 1534 5189 1587 5226; x_wconf 88' lang='lat' dir='ltr'>esse</span> <span class='ocrx_word' id='word_1_637' title='bbox 1600 5175 1738 5225; x_wconf 76' lang='lat' dir='ltr'>efferatum.</span> 
     </span>
    </p>
   </div>
   <div class='ocr_carea' id='block_1_4' title="bbox 236 5266 1016 5337">
    <p class='ocr_par' dir='ltr' id='par_1_46' title="bbox 236 5266 1016 5337">
     <span class='ocr_line' id='line_1_54' title="bbox 236 5266 1016 5337; baseline 0.008 -21"><span class='ocrx_word' id='word_1_638' title='bbox 236 5278 291 5316; x_wconf 85' lang='lat' dir='ltr'>esse</span> <span class='ocrx_word' id='word_1_639' title='bbox 302 5266 409 5324; x_wconf 79' lang='lat' dir='ltr'>sturmo,</span> <span class='ocrx_word' id='word_1_640' title='bbox 432 5269 456 5316; x_wconf 87' lang='lat' dir='ltr'>et</span> <span class='ocrx_word' id='word_1_641' title='bbox 472 5280 503 5318; x_wconf 84' lang='lat' dir='ltr'>ex</span> <span class='ocrx_word' id='word_1_642' title='bbox 522 5281 598 5332; x_wconf 83' lang='lat' dir='ltr'>prava</span> <span class='ocrx_word' id='word_1_643' title='bbox 617 5269 693 5322; x_wconf 87' lang='lat' dir='ltr'>animl</span> <span class='ocrx_word' id='word_1_644' title='bbox 713 5271 794 5322; x_wconf 83' lang='lat' dir='ltr'>nostrl</span> <span class='ocrx_word' id='word_1_645' title='bbox 812 5269 925 5337; x_wconf 84' lang='lat' dir='ltr'>opinione</span> <span class='ocrx_word' id='word_1_646' title='bbox 938 5271 1016 5330; x_wconf 83' lang='lat' dir='ltr'>nasci,</span> 
     </span>
    </p>
   </div>
   <div class='ocr_carea' id='block_1_5' title="bbox 0 0 1994 5948">
    <p class='ocr_par' dir='ltr' id='par_1_47' title="bbox 0 0 1994 5948">
     <span class='ocr_line' id='line_1_55' title="bbox 0 0 1994 5948; baseline 0 0"><span class='ocrx_word' id='word_1_647' title='bbox 0 0 1994 5948; x_wconf 95' lang='lat' dir='ltr'> </span> 
     </span>
    </p>
   </div>
  </div>
 </body>
</html>
