3958 5942
245 389 304 449 θίθ
796 385 1014 448 atttsroctis
1037 385 1303 448 rttntt’trd‘rlct

249 519 392 591 ταθίσθαι,
409 519 453 576 καί
476 518 615 578 θπολαύεῖν
632 516 713 584 οθτως
736 517 805 598 &perr
826 518 897 578 αύτό.
942 519 976 578 Τί
994 517 1019 576 δὲ
1068 542 1134 594 των,
1148 521 1170 576 τί
1185 517 1221 592 μὴ
1234 519 1393 596 πεφύκειμεν
1408 513 1617 605 ὓπολαμράνεεν.
1630 515 1700 578 Ἀλλ’
1713 519 1799 596 ἔγωγε
1809 523 1848 578 ἐῶ

247 611 346 682 μᾶλλον
361 611 394 688 τῇ
409 607 484 687 φύσει
496 608 540 666 καλ
561 616 613 674 τοῖς
629 605 697 667 ἔθεσι
711 607 749 664 δεῖ
768 608 986 679 κατακολουθεῖν,
1003 605 1020 676 θ,
1065 599 1158 666 τάλλα.
1171 609 1196 666 Τ
1198 615 1234 672 οῖς
1253 607 1340 682 μέντοι
1355 605 1511 683 λεγομένοις
1525 605 1576 664 θπδ
1592 607 1689 664 τούτων
1703 608 1747 667 daia
1760 631 1796 666 rt·
1807 631 1849 664 πι-

247 697 275 752 ού
290 698 342 767 δεῖ,
358 695 394 772 μὴ
409 695 509 762 εἰδότας
526 719 555 774 γε
570 695 602 768 δλ,
616 695 710 768 μηδέν,
723 694 792 771 μηδὲ
807 697 914 773 ἔχοντός
931 719 956 752 τι
969 693 1020 767 drap
1067 687 1209 772 academica,
1221 695 1267 754 ἀάν
1278 719 1307 753 τε
1322 697 1483 770 ἀπιστῶμεν,
1497 695 1645 772 ἀναγκαίως
1663 697 1716 774 ἔχει
1733 692 1847 764 δοξάζειν

245 789 398 862 κρινοῦμενς
426 786 527 844 Ἐκεῖνο
553 784 599 860 μὲν
623 785 674 864 γὰρ
700 785 743 842 καί
764 782 932 844 παντάπασίν
952 785 1020 840 ἐστιν
1066 786 1153 857 πάντη
1164 809 1192 844 τε
1206 785 1249 844 καί
1265 785 1377 850 πάντως.
1392 781 1456 844 Ὀτι
1468 782 1516 862 μίν
1530 775 1574 843 ούν
1589 783 1724 863 ἀμήχανόν
1736 788 1794 844 ἐστι
1806 811 1849 844 οι.

246 872 344 940 ν’,λίθιον
354 917 361 946 ,
371 871 484 931 ’ἐπειδᾶν
501 871 629 952 λέγωσιν,
645 873 685 932 ότι
699 871 817 951 κσθάπερ
827 870 860 930 τὰ
875 871 1021 951 καθαρτικὰ
1066 877 1184 954 λοσοφεῖν
1195 873 1240 932 τδν
1251 875 1344 952 τρόπον
1355 878 1456 944 τοῦτον,
1469 871 1590 952 φανερόν.
1602 869 1669 932 Ὅτι
1678 873 1705 930 δὲ
1719 873 1848 954 καίσαρίι

244 965 371 1040 φάρμακα
396 960 557 1039 συνεκκρίνει
585 960 653 1039 μετδι
669 965 720 1020 τῶν
742 959 950 1040 περιττωμάτων
975 960 1019 1017 καί
1067 963 1157 1041 φύσιν,
1174 961 1218 1020 καὶ
1237 961 1309 1038 παρδι
1323 960 1383 1026 τοὺς
1398 961 1505 1034 νόμους,
1519 959 1568 1020 ὡδί
1582 961 1733 1036 κατίδοιμεν
1748 961 1793 1022 ἄν,
1814 964 1847 1020 Εἰ

243 1046 334 1124 ίαυτοί,
354 1048 395 1108 τόν
409 1049 486 1108 αύτθν
499 1049 594 1128 τρόπον
609 1050 654 1108 καί
671 1049 785 1110 ὑπόντα
801 1048 879 1116 ἀξιῶν
895 1039 959 1106 εἶναι
975 1046 1020 1106 'nc‘-
1067 1049 1179 1130 μὲνγὰρ
1195 1053 1232 1128 τῷ
1246 1049 1300 1108 όντι
1313 1048 1346 1126 τίι
1359 1049 1503 1129 πράγματα
1518 1054 1628 1108 τοιαῦτα
1640 1048 1696 1122 εἴη,
1709 1049 1735 1106 τί
1751 1051 1846 1109 λοιπὸν

243 1159 286 1212 γος
301 1137 405 1210 ἄδηλα,
421 1135 487 1213 μετδι
506 1137 658 1197 τῶνᾶλλων
675 1143 774 1216 ἀναιρεῖ
800 1137 845 1194 καί
858 1136 962 1195 ἑαυτόν.
984 1139 1018 1196 El
1069 1139 1128 1198 ἀλλ’
1142 1139 1159 1208 ἢ
1173 1140 1291 1216 καθάπερ
1313 1141 1339 1196 ἐν
1355 1137 1446 1216 ύπνῳ,
1464 1141 1510 1207 ζῆν
1521 1143 1593 1213 ἡμᾶς
1606 1134 1665 1206 εἰκῆ
1678 1134 1724 1194 καί
1748 1136 1851 1206 ἐμπλή-

245 1224 292 1302 γδιρ
319 1224 393 1290 αὐτὸς
418 1225 495 1284 αθτδν
519 1225 638 1304 ἐλέγχοι,
655 1229 759 1302 ληροῖεν
784 1222 814 1282 ἀν
833 1227 856 1282 ol
882 1223 1031 1302 χρώμενοι·
1066 1225 1392 1305 κτωςςὮστεφλυαροῖεν
1414 1226 1444 1282 διν
1459 1229 1482 1284 οἱ
1498 1225 1651 1300 νομοθέται,
1667 1222 1713 1282 καί
1732 1245 1850 1304 στρατη

243 1315 335 1392 τούτῳ.
380 1313 485 1372 littaei
501 1303 545 1370 οὖν
560 1313 673 1392 ἡσυχίαν
689 1313 760 1392 ἄγειν
775 1311 940 1386 αύτούς,καί
955 1309 1021 1386 μηδὲ
1067 1314 1182 1392 γυί,καί
1202 1317 1225 1373 οἱ
1245 1314 1420 1382 παιδεύοντες.
1472 1315 1542 1374 Ἀλλ’
1567 1313 1655 1390 ἔμοιγε
1681 1312 1849 1372 δοκοῦσινσί

242 1399 272 1456 τὸ
288 1399 373 1474 στόμα
390 1401 507 1480 διαίρειν.
553 1403 632 1460 'tiit
661 1400 713 1476 μὴν
736 1401 789 1460 οὐδ’
813 1397 902 1476 ὅμοιον
924 1399 1021 1477 ίγειτι
1068 1402 1114 1478 μίν
1132 1403 1206 1462 ἄλλοι
1231 1403 1327 1468 πάντες
1351 1401 1483 1482 ἀνθρωποι
1506 1404 1552 1472 ζῆν
1571 1399 1749 1480 κατὰφύσιν,
1771 1401 1848 1477 μύνοι

242 1487 272 1546 τὸ
285 1489 441 1566 καθαρτικὸν
454 1488 608 1569 φάρμακον,
624 1490 801 1549 καίδτούτων
816 1487 902 1564 λόγος.
916 1486 955 1547 Τό
973 1487 1019 1562 μὲν
1068 1489 1156 1566 μέντοι
1182 1494 1361 1571 τετυφῶσθαι,
1391 1493 1491 1566 μᾶλλον
1519 1490 1545 1547 δὲ
1576 1487 1722 1564 μεμηνέναι
1748 1489 1849 1560 μανίαν

242 1575 292 1654 γδρ
319 1575 458 1656 φοίρμακον
483 1577 643 1656 ἐκκρίνεται,
672 1581 721 1635 κάν
746 1585 799 1642 τοῖς
826 1575 946 1650 σώμασιν
972 1579 1021 1654 ούγ
1067 1581 1217 1660 ἐρρωμένην
1233 1585 1257 1638 οἱ
1270 1585 1353 1638 ταῦτα
1371 1581 1519 1658 ληρούντες.
1562 1580 1624 1655 Οὐχ
1637 1575 1737 1646 ἥκιστα
1755 1576 1846 1652 μέντοι

243 1665 376 1739 ὑπομένει·
391 1663 435 1720 τὸν
451 1661 539 1738 μέντοι
564 1663 639 1741 λόγον
663 1665 688 1722 ἒν
713 1671 769 1730 ταῖς
782 1667 878 1743 libitui<
894 1663 1020 1742 ὑπάρχειν
1067 1663 1778 1744 τοῦτοκαταμόθοιτιςθνκάκεῖθεν.Ἀντίγονοςγδερδ
1796 1670 1849 1724 Ka·

244 1749 517 1824 intellectivam,
531 1751 576 1810 καὶ
591 1752 777 1826 πιστευόμενον
793 1750 855 1810 αἰεί.
874 1750 957 1816 Μόνος
972 1751 1022 1830 γὰρ
1069 1756 1168 1834 priene<
1183 1755 1251 1814 κατὰ
1261 1756 1318 1820 τοὺς
1333 1753 1424 1820 αὐτοὺς
1444 1752 1581 1831 γενόμενος
1593 1751 1710 1832 χρόνους,
1723 1752 1770 1811 καί
1781 1755 1846 1809 ἀνα·

208 1909 213 1922 ,
244 1829 370 1911 οὗτοςείη
388 1837 448 1897 ἀνθ
469 1841 550 1898 ποιῶν
569 1840 809 1916 ἀσυγκαταθέτους.
851 1836 918 1898 Ὅτι
939 1839 1021 1903 δὀὐκ
1070 1844 1271 1924 γροίψαςαύτῶν
1298 1841 1341 1900 τὸν
1359 1843 1429 1914 θίον,
1454 1841 1517 1920 φησί
1534 1839 1578 1899 τὸν
1604 1838 1737 1920 Πύρρωνα
1757 1841 1849 1898 διωκύ·

243 1931 341 1992 οἴονται
357 1933 399 1992 τὸν
415 1931 550 2014 ἄνθρωπον
567 1931 709 2000 ἀδόξαστον
724 1923 809 2003 εἶναι,
822 1932 868 1990 καί
881 1931 929 1990 ὡδί
942 1955 1022 1992 κατα·
1068 1953 1143 2008 μενον
1160 1931 1209 1988 ert
1230 1929 1318 2004 κυνός,
1338 1931 1478 2009 ἀναφυγεῖν
1494 1927 1539 1985 ίπί
1555 1951 1579 1985 τι
1595 1927 1708 2006 δένδρον·
1724 1929 1846 1986 σκωπτό-

244 2021 322 2099 μάθοι
347 2045 384 2088 τις
400 2019 442 2081 ἀν.
497 2019 635 2080 Ἀδύνατον
657 2019 707 2100 γάρ
725 2020 767 2078 τθν
783 2019 968 2093 αἰσθανόμενον
984 2021 1021 2094 μὴ
1069 2043 1146 2096 μενον
1162 2018 1189 2076 δὲ
1206 2017 1255 2077 tet
1269 2021 1319 2078 τῶν
1336 2023 1485 2096 παρόντων,
1506 2019 1588 2074 εἰπεῖν
1605 2019 1641 2082 ὡς
1660 2016 1781 2096 χαλεπὸν
1802 2015 1843 2084 εἴη

245 2105 425 2168 αίσθάνεσθαι.
440 2107 479 2168 Tb
494 2107 521 2166 δέ
533 2107 699 2166 αἰσθάνεσθαι
715 2111 846 2187 γνωρίζειν
858 2131 883 2165 τι
898 2099 939 2179 ἦν.
952 2107 1018 2168 Ὀτι
1067 2105 1110 2164 τδν
1131 2105 1268 2186 ἄνθρωπον
1291 2106 1404 2165 ἐκδῦναι.
1457 2103 1587 2177 Φιλίστης
1610 2102 1635 2161 δέ
1663 2108 1708 2174 τῆς
1731 2105 1847 2181 ἀδελφῆς

90 2193 99 2200 ”
151 2207 205 2226 “”·
249 2197 276 2256 δὲ
289 2205 334 2255 καί
349 2196 464 2255 πιστεύει
490 2197 678 2274 τῇαίσθήσει,
704 2205 770 2256 πᾶσι
792 2195 910 2275 φανερόν.
932 2195 1019 2276 Ἀκρι-
1071 2195 1149 2251 αὐτοῦ
1173 2193 1300 2266 θυούσης,
1318 2191 1409 2251 ἔπειτα
1420 2197 1472 2251 τῶν
1487 2191 1569 2272 φίλων
1583 2191 1650 2257 τινὸς
1663 2191 1847 2268 ὑποσχομένου

246 2283 368 2363 όέστεφον
384 2283 432 2366 γάρ
446 2285 527 2343 θέλων
545 2287 607 2343 ἰδεῖν
623 2282 741 2362 ἀπέψησε
762 2282 799 2342 τὼ
816 2283 961 2363 ὀφθαλμόν,
977 2284 1022 2342 καλ
1066 2280 1101 2338 τάι
1114 2280 1178 2360 πρδς
1189 2279 1235 2352 τὴν
1251 2279 1358 2354 θυσίαν,
1375 2281 1419 2339 καί
1442 2280 1479 2356 μὴ
1494 2279 1706 2359 παρασχομένου·
1722 2283 1768 2337 τοῦ
1780 2278 1845 2354 μέν·

247 2376 393 2453 προσῆλθεν
417 2373 569 2452 ἐγγύτερον,
598 2373 641 2430 καί
670 2370 834 2433 ἐσιλλίσατο.
887 2373 939 2432 Καί
964 2371 1016 2446 μὴν
1067 2393 1107 2428 τοι
1122 2368 1262 2454 Πύρρωνος
1276 2369 1421 2446 πριαμένου
1437 2367 1481 2426 καλ
1499 2372 1722 2447 ἀγανακτοῦντος,
1739 2368 1846 2438 ἐπειδή-

246 2458 365 2536 ἡδόμενοί
386 2485 413 2540 γε
427 2461 470 2520 καί
486 2467 620 2528 πονοῦντες
640 2459 726 2537 ίσμεν.
768 2457 838 2520 Οὐδὲ
853 2458 904 2538 γὰρ
920 2450 972 2518 οἷόν
991 2483 1020 2518 τε
1067 2481 1117 2536 περ
1132 2461 1146 2516 θ
1169 2458 1239 2537 φίλος
1255 2457 1362 2534 ἔλεγεν,
1377 2461 1410 2524 ῶς
1433 2461 1462 2516 οὐ
1483 2457 1622 2527 ποιήσαιτο
1645 2457 1777 2536 σύμφωνοι
1792 2467 1848 2524 τοῖς

244 2550 287 2608 τδν
311 2549 448 2625 καιόμενον
469 2547 486 2618 ἢ
507 2547 663 2624 τεμνόμενον
690 2549 802 2623 ἀγνοεῖν.
859 2547 915 2614 Τὰς
939 2545 965 2604 δέ
990 2545 1022 2618 δὴ
1067 2545 1171 2622 λόγοις,
1187 2545 1240 2603 οὐδ’
1254 2543 1313 2612 ἀξια
1328 2549 1373 2615 τῆς
1390 2544 1525 2607 ἀπαθείας·
1542 2547 1624 2604 εἰπεῖν
1636 2545 1725 2618 αὐτόν,
1743 2547 1771 2604 ἐν
1787 2553 1847 2622 γοῦν

248 2636 355 2714 μνήμας
374 2637 417 2696 καλ
434 2635 592 2710 ἀναμνήσεις
606 2636 643 2703 τίς
659 2639 704 2695 οὐκ
719 2635 749 2694 θν
765 2635 828 2716 φαίη
848 2640 904 2709 μεθ’
920 2635 1017 2706 θπολή-
1067 2632 1171 2708 γυναικὶ
1185 2639 1214 2692 οὐ
1230 2635 1269 2691 δεῖ
1285 2639 1332 2706 τὴν
1346 2632 1476 2701 ἀπόδειξιν
1491 2635 1572 2704 αὐτῆς
1588 2641 1729 2693 ποιεῖσθαι.
1748 2635 1845 2694 Καίτοι

244 2729 312 2802 ψεως
323 2725 471 2802 γίγνεσθαι,
485 2724 551 2803 Περὶ
564 2725 611 2799 μίν
621 2723 671 2803 γὰρ
683 2728 735 2782 τῶν
749 2727 842 2783 κοινῶν
855 2727 969 2795 ἐννοιῶν,
981 2725 1020 2783 ὅτε
1069 2718 1175 2785 δικαίως
1191 2719 1221 2776 ἀν
1237 2711 1309 2777 εἶπεν
1324 2723 1338 2778 δ
1350 2718 1439 2800 φίλος,
1453 2721 1492 2779 ὅτι
1508 2723 1608 2799 ματαία
1620 2723 1668 2782 καὶ
1683 2726 1708 2781 ἐν
1725 2725 1850 2800 γυναικί,

246 2815 275 2870 τὸ
285 2819 400 2870 τοιοῦτον
413 2813 546 2890 ἅνθρωπός
555 2815 636 2884 ἐστιν,
649 2811 686 2870 ἔτι
698 2813 724 2870 δὲ
733 2811 851 2892 περὶτῶν
865 2814 1018 2886 ἐπιστημῶν
1068 2809 1112 2866 καί
1134 2807 1208 2879 κυνί,
1224 2808 1268 2865 καὶ
1285 2815 1374 2870 πᾶσιν.
1419 2811 1451 2870 Et
1468 2810 1499 2882 δή
1519 2833 1559 2870 σοι
1573 2814 1623 2870 τῶν
1639 2811 1724 2889 λόγων
1744 2811 1846 2870 τούτοιν

244 2901 289 2958 καὶ
305 2903 413 2978 τεχνῶν,
429 2898 453 2957 τί
467 2899 538 2977 λέγοι
550 2899 649 2972 τις,ἀν;
665 2899 747 2960 Ούδίν
760 2900 810 2978 γδιρ
832 2898 863 2958 ἀν
878 2891 910 2971 ’νίν
921 2907 940 2934 ¹²
959 2898 1019 2957 τού·
1070 2896 1140 2955 ἐστίν
1155 2895 1259 2976 ὄφελος,
1273 2897 1354 2976 ὀρθῶς
1368 2898 1393 2974 γ’
1408 2895 1463 2976 ἔχει
1483 2904 1590 2974 μαθεῖν,
1605 2899 1650 2957 καί
1674 2899 1743 2964 τίνες
1763 2901 1789 2956 οἱ
1806 2904 1850 2969 ζη-

244 3115 308 3166 sario
319 3115 405 3165 saltem
418 3115 479 3165 θεῖεν
491 3115 602 3166 habenda
618 3117 665 3170 εῖῑ.
680 3116 797 3180 planaque
813 3117 974 3166 statuendum
988 3115 1023 3165 ita
1068 3114 1206 3164 stimatione
1221 3115 1375 3178 conjunctam
1394 3129 1448 3166 case
1461 3114 1569 3166 dixerit?
1589 3117 1654 3174 Quid
1665 3117 1696 3166 de
1713 3091 1851 3168 communi-

244 3218 295 3253 roni
310 3203 447 3254 schahere.
481 3203 528 3253 Sed
543 3205 606 3254 enim
622 3218 666 3254 cnr
684 3207 798 3253 natrrmm
818 3207 842 3257 et
861 3203 1022 3266 moressequi
1069 3209 1117 3253 οιιε
1133 3201 1784 3276 enimiuoiiorrilms,qumejnsmodilromiucnreaea
1802 3207 1853 3256 cla-

244 3303 287 3338 ιιοε
300 3289 383 3352 potius
406 3291 532 3352 oporteat,
554 3303 629 3352 qnam
643 3289 674 3338 air
695 3289 725 3338 lis
745 3281 889 3352 discedere,
911 3289 953 3354 qui
973 3304 1017 3340 nar.
1067 3294 1148 3352 rrrant,
1162 3291 1280 3354 praeterea
1294 3291 1353 3354 quid
1366 3290 1395 3340 de
1406 3291 1494 3342 littoris
1511 3293 1536 3341 et
1549 3293 1647 3342 artilms
1661 3293 1781 3344 dicotur?
1796 3297 1847 3343 llo·

243 3377 349 3427 sciamus
368 3378 466 3426 omnino
486 3376 639 3440 quidquam,
661 3367 853 3440 necquidquam
872 3377 1021 3437 habeamus,
1067 3391 1121 3428 rum
1136 3380 1201 3429 enirn
1214 3379 1274 3429 uilril
1294 3381 1417 3440 exstaret,
1438 3380 1485 3430 uisi
1504 3381 1535 3431 ad
1552 3381 1743 3432 cxiniimandnru
1757 3383 1811 3432 nati
1824 3389 1851 3432 el

220 3465 222 3468 ’
244 3465 505 3528 quomajudicemns?
516 3444 579 3514 rtt'nst
593 3465 657 3514 cuim
678 3463 783 3514 hominis
796 3465 930 3514 admodum
954 3465 1022 3516 etulti
1066 3467 1117 3530 apti
1137 3481 1256 3518 essemus.
1293 3471 1322 3517 dt
1336 3468 1408 3518 mitta
1423 3471 1528 3529 caetera,
1550 3472 1609 3518 dum
1624 3471 1671 3520 troc
1686 3485 1764 3520 ιιιιιιιο
1787 3485 1850 3520 cora·

243 3557 293 3614 est,
305 3553 370 3616 quod
387 3551 496 3612 nutriunt,
510 3551 718 3616 quemadmodum
737 3553 915 3602 medicamenta
934 3565 1022 3617 pnrga-
1066 3557 1130 3616 stet,
1142 3554 1216 3604 sidem
1229 3557 1256 3604 ut
1271 3555 1368 3604 illorum
1382 3555 1461 3604 verbis
1477 3556 1527 3604 siro
1541 3556 1716 3619 adjungamus,
1733 3557 1786 3608 sive
1801 3559 1849 3608 de·

242 3641 293 3692 tiva
305 3641 377 3692 simul
396 3654 452 3690 cnm
474 3639 635 3690 excrementis
647 3644 823 3702 excernuntur,
839 3642 874 3689 sic
889 3642 963 3691 etiam
978 3655 1020 3690 ra·
1066 3651 1193 3700 rogemus,
1214 3638 1327 3700 opinandi
1349 3639 1490 3688 facultatem
1513 3639 1612 3688 omniuo
1626 3642 1651 3688 et
1670 3639 1756 3702 ntique
1778 3640 1854 3690 nobis

242 3730 344 3788 tionem.
355 3744 411 3796 quae
422 3729 502 3780 ornnia
514 3708 607 3778 incerta
622 3743 675 3778 esse
686 3728 789 3788 efficiat,
803 3742 873 3791 eaque
888 3743 917 3778 ac
928 3729 1021 3793 reliqua
1068 3738 1122 3774 esse
1135 3726 1329 3787 relinquendam.
1361 3727 1458 3776 Nullam
1480 3727 1556 3789 igitur
1580 3727 1720 3787 lrujrrsmodi
1741 3727 1854 3789 praitaur-

242 3816 304 3866 tolli.
341 3815 434 3864 tiamsi
450 3828 475 3862 so
490 3815 542 3876 ipsa
558 3812 702 3874 redarguat,
718 3812 891 3876 ineptiantqni
907 3827 935 3863 ea
949 3818 1021 3862 rrtnn-
1066 3811 1157 3875 plrandi
1180 3813 1298 3862 rationem
1313 3826 1368 3862 esse
1383 3825 1453 3876 posse
1472 3817 1581 3877 apparet.
1615 3817 1676 3871 Quat
1694 3817 1853 3877 quanqum

240 3904 289 3951 tur.
302 3901 436 3958 eriescant
457 3901 530 3962 igitur
541 3899 596 3958 leti,
613 3913 641 3948 ac
655 3913 685 3948 ne
701 3897 797 3948 hiscant
813 3900 922 3962 quidem.
937 3902 1021 3963 Neque
1065 3900 1139 3950 eliam
1153 3903 1247 3950 naturae
1257 3903 1281 3950 et
1292 3900 1388 3964 legibus
1399 3904 1530 3965 repugnet,
1546 3915 1611 3951 nunc
1622 3901 1760 3951 rideamus.
1784 3906 1850 3951 Nam

242 4003 300 4038 vern
319 3989 447 4052 purgativo
469 3987 648 4037 medicamento
666 3986 801 4050 quidquam
816 3988 896 4037 simile
915 3989 1021 4037 istomm
1066 3988 1087 4037 si
1099 3995 1157 4039 iere
1175 3989 1211 4038 lta
1225 4001 1253 4039 ae
1271 4003 1311 4039 ree
1322 3989 1439 4048 hatuant,
1455 3989 1515 4054 quid
1529 3989 1593 4040 aliud
1617 3995 1746 4053 superest,
1760 3990 1806 4039 nisi
1819 3993 1854 4039 ul

241 4075 304 4122 ratio
313 4073 395 4122 trabat.
410 4074 505 4137 Quippe
514 4074 720 4124 medicamentum
738 4076 772 4126 ita
785 4078 940 4135 excernitur,
954 4080 983 4126 ιιι
995 4077 1021 4127 in
1065 4076 1101 4124 εἰσ
1112 4079 1227 4141 tanquam
1237 4077 1261 4124 in
1272 4091 1359 4126 sorano
1369 4081 1460 4128 temere
1467 4077 1603 4142 stolidoque
1612 4078 1726 4129 vivamus
1736 4081 1747 4127 ‚²
1758 4081 1849 4136 Quane-

241 4171 342 4222 corpore
361 4161 460 4209 minime
481 4161 588 4211 resideat
607 4165 650 4212 :et
669 4163 721 4214 aaa
739 4165 802 4214 ratio
822 4165 908 4216 eadem
922 4168 1019 4214 maneat
1065 4163 1148 4214 obrem
1177 4169 1300 4228 nugentur
1322 4164 1517 4227 legumlatores,
1550 4165 1642 4229 duces,
1674 4170 1843 4228 prorupturae

241 4247 383 4308 harenaque
404 4248 427 4295 in
446 4249 527 4296 animo
539 4248 649 4310 fidesque
659 4251 680 4299 ci
694 4264 789 4314 sempor
807 4252 956 4317 adjungatur
972 4266 1019 4302 nc·
1064 4256 1112 4308 sed
1124 4258 1184 4307 mihi
1198 4257 1313 4308 videnlur
1325 4258 1409 4309 caeteri
1420 4269 1506 4309 omnes
1516 4257 1627 4308 homines
1641 4262 1737 4310 naturae
1749 4273 1849 4309 coiere-

240 4339 364 4386 ceascesl.
399 4334 454 4383 Sola
470 4335 534 4384 euim
546 4337 600 4385 aliis
611 4351 655 4386 nos
664 4339 778 4388 assentiri
796 4339 932 4402 prohibeat.
971 4343 1021 4392 scd
1064 4346 1157 4396 nienter
1177 4348 1276 4408 vivere,
1295 4347 1391 4411 solique
1405 4348 1544 4411 plrilnanplri
1559 4347 1595 4398 illi
1609 4348 1651 4411 qui
1666 4353 1717 4398 iam
1736 4348 1852 4398 absurda

240 4424 272 4473 ab
291 4423 339 4472 iltis
357 4423 467 4472 homines
492 4424 683 4488 haudquaquam
710 4438 755 4490 pro
776 4427 835 4477 nilril
861 4429 1020 4492 opinantibus
1064 4434 1201 4498 loquantur,
1215 4436 1324 4499 desipere
1336 4436 1374 4485 vat
1385 4437 1467 4500 potins
1484 4436 1643 4488 vehunenter
1661 4438 1750 4488 lnrcre.
1768 4437 1848 4494 Quod

241 4511 341 4573 balred,
359 4511 397 4560 rel
415 4524 447 4560 cx
459 4510 507 4560 hoc
522 4511 651 4575 intelligas.
671 4513 721 4570 Qui
737 4515 826 4568 sentit.
847 4514 913 4565 ldcm
926 4519 954 4566 ut
972 4531 1019 4568 noa
1063 4522 1145 4585 ipsum
1163 4524 1270 4574 maxime
1286 4524 1324 4572 vcl
1346 4539 1377 4576 aa
1392 4525 1439 4575 troc
1456 4525 1583 4590 intelligar.
1621 4525 1760 4589 Antigonus
1779 4525 1851 4574 enirn

240 4601 340 4650 sentiat·
352 4599 405 4649 lieri
425 4599 585 4650 nullomodo
607 4603 688 4664 potest
703 4620 709 4650 :
725 4603 815 4653 sentire
831 4607 915 4656 autom
934 4617 1020 4668 cogro-
1063 4609 1202 4674 (tarystias‚
1218 4611 1261 4674 qui
1283 4611 1369 4662 iisdem
1391 4613 1540 4677 temporibus
1556 4613 1619 4664 vixit
1640 4614 1790 4675 illorumque
1811 4614 1854 4662 ri-

238 4701 307 4739 scerc
317 4689 362 4739 eat.
387 4687 634 4739 ttlrominessensni
651 4689 725 4740 ddcm
741 4689 872 4754 adjungere
887 4707 1019 4744 rrcnronnu
1063 4699 1113 4748 tarn
1133 4698 1245 4762 scripsit,
1271 4701 1423 4762 Pyrrhonem¹
1443 4701 1492 4763 ait,
1519 4705 1547 4752 ut
1566 4701 1737 4766 insequentum
1759 4715 1852 4753 canem

237 4777 313 4827 ridet.
348 4779 408 4828 Nam
426 4778 455 4827 nt
466 4767 605 4840 diligentius
622 4777 715 4841 aliquid
732 4779 887 4831 considerare
907 4781 1017 4844 possint,
1062 4786 1194 4851 affligeret,
1208 4787 1233 4837 in
1244 4789 1356 4840 arborem
1369 4789 1500 4851 aliquando
1509 4789 1618 4842 erasisse
1629 4790 1733 4852 qdeinde
1744 4803 1806 4840 vero
1816 4791 1852 4842 ab

239 4881 296 4916 cum
314 4866 453 4930 abstergere
473 4866 558 4916 oculos
569 4906 575 4926 ,
585 4869 640 4916 tum
653 4866 726 4917 ctiam
746 4869 845 4931 propina
863 4869 978 4919 accedere
990 4883 1019 4918 ac
1061 4873 1093 4926 lle
1104 4875 1148 4937 qul
1160 4875 1261 4926 aderant
1273 4890 1302 4926 aa
1314 4877 1345 4926 ale
1365 4890 1440 4928 eausa
1451 4878 1558 4930 quaml-10
1579 4879 1706 4940 papicum,
1725 4879 1852 4943 amhn.

238 4953 762 5006 §alindetticiassd⁰0⁰¹1⁵fflssrtre⁵0¹⁰ssi
796 4955 861 5013 Quin
880 4957 953 5006 ellim
972 4957 1018 5020 ὶθδὶ
1062 4961 1152 5013 minem
1166 4965 1223 5014 exui
1241 4965 1403 5028 reapondisse.
1444 4968 1567 5018 Praeterea
1578 4983 1655 5032 «quum
1675 4967 1780 5018 Philisto
1792 4971 1851 5032 ejus

242 5045 353 5092 arnstrum
362 5045 414 5092 tarn
427 5043 518 5093 laetitiae
532 5057 607 5106 quiam
620 5043 709 5093 doloris
722 5057 823 5094 εοοεειιιι
834 5044 957 5096 norimus.
971 5047 1018 5096 Nc·
1062 5066 1132 5102 soror
1143 5053 1290 5106 sacrificinm
1306 5059 1422 5117 pararat,
1438 5057 1560 5120 quendam
1578 5071 1610 5108 ex
1631 5058 1717 5108 amicis
1737 5058 1782 5120 qui
1806 5072 1851 5108 roa

238 5145 284 5193 qne
298 5131 362 5178 enim
372 5131 424 5180 lieri
439 5133 529 5194 pateat,
538 5133 630 5195 utqais
641 5133 750 5183 nesciens
762 5135 848 5183 uratur
857 5136 899 5184 aut
911 5139 1015 5188 secetur.
1062 5139 1094 5188 ed
1108 5140 1169 5190 illud
1183 5151 1333 5192 necessarias
1351 5144 1473 5207 pollicitus
1493 5149 1562 5208 orat,
1577 5147 1706 5210 pmrniseta
1724 5161 1773 5196 non
1791 5149 1847 5197 etc

239 5218 380 5269 llemorlam
389 5217 501 5278 seniliter
513 5233 546 5270 ac
560 5222 754 5273 recordationem
766 5221 822 5284 quia
834 5236 883 5273 non
895 5237 952 5274 cam
969 5225 1018 5275 exi·
1032 5264 1034 5272 ,
1063 5227 1131 5279 tissc.
1145 5213 1295 5294 Pynhoaeur
1311 5231 1385 5295 lgttnr
1399 5245 1447 5284 eos
1462 5237 1559 5292 sumtus
1577 5235 1668 5294 [apere]
1681 5239 1798 5290 pomum
1812 5236 1847 5288 οη.
