3958 5942
783 423 1035 503 FRAGMENTA.
1644 451 1704 512 τοι

107 571 141 630 Ἡ
155 569 207 648 γάρ
219 570 266 629 οὑκ
278 567 305 638 ἐξ
314 568 487 646 ὑποκειμένου
499 571 534 636 εἰς
543 566 579 646 μὴ
593 569 763 647 ὑποκείμενον
772 573 818 630 οὔκ
829 571 884 631 ἔστι
936 579 1080 644 κινεῖσθαι,
1096 575 1272 657 κατὰχρόνον
1285 575 1332 653 μέν
1349 578 1378 636 έκ
1392 581 1437 637 τοὺ
1450 579 1658 656 παρεληλυθότος
1672 586 1708 652 εἰς

107 657 243 734 μιταῦολδΙ
259 657 302 717 διδ
325 657 355 716 τὸ
378 656 416 736 μὴ
440 648 504 716 εἶναι
519 659 576 716 κατ’
596 657 733 718 άντίθεσιν·
750 659 809 719 οὔτε
834 662 885 740 γάρ
930 661 960 720 τὸ
970 661 1139 738 μέλλον,κὺν
1158 660 1195 741 μὴ
1210 662 1304 742 κυρίως
1321 655 1338 743 ᾖ
1354 663 1463 722 ἐναντία
1476 669 1581 739 ταῦτα,
1598 667 1662 747 ὑπερ
1678 671 1709 730 τό

107 745 223 820 ἐναντία,
236 745 295 805 οὔτε
305 745 441 824 οῖντίρασίς
454 748 533 804 ἐστιν.
931 748 978 825 μὲν
1001 752 1178 830 παρεληλυθὸς
1200 755 1236 818 εἰς
1257 753 1286 810 τὸ
1311 752 1412 828 μέλλον
1436 753 1614 833 μεταόοίλλει,
1635 758 1663 815 τὸ
1682 760 1708 817 δέ

146 835 336 914 (Aristoteles
354 836 442 913 Phys.
459 835 512 893 lib.
527 836 564 911 V,
581 856 645 916 cap.
666 839 733 896 225.
749 859 774 897 a.
793 859 819 900 1.
835 840 882 897 ed.
931 839 1025 915 μελλον
1040 837 1410 920 οὑκέτιεῖςτδπαρεληλυθός.
1432 840 1507 899 Κατὰ
1522 840 1591 900 δὲτὸ
1604 851 1707 906 κεῖσθαι

108 925 230 988 Bekker.
246 925 416 1004 Simplicius
438 926 488 984 sol.
516 947 579 1003 19²·
597 926 626 982 b.
650 927 707 1002 ici.
731 927 839 986 Scholl.
855 929 886 987 in
930 926 976 984 καὶ
990 927 1136 999 ἐναντιότης
1155 927 1274 1007 φαίνεται
1293 933 1339 1000 τῆς
1361 928 1477 994 στάσεως
1491 929 1555 1008 πρὸς
1569 931 1616 1003 τὴν
1631 935 1710 994 καθέ-

108 1013 198 1071 Arist.
213 1035 242 1092 p.
260 1015 317 1090 396
333 1017 380 1073 ed.
402 1015 558 1093 BrandiS.)
574 1013 624 1073 κᾶν
647 1005 718 1074 είπεν
735 1007 779 1074 οὔν
794 1039 887 1096 τετρα·
931 1017 994 1094 δραν
1014 1013 1060 1074 καῖ
1081 1021 1124 1074 τοῦ
1149 1021 1261 1096 πρηνοῦς
1276 1017 1340 1093 πρθς
1363 1015 1392 1074 τὸ
1417 1015 1519 1078 ὕπτιον.
1545 1019 1599 1078 Καί
1625 1023 1652 1080 έν
1672 1027 1710 1102 τῷ

107 1103 162 1180 χῶς
175 1101 353 1178 μεταόαίλλειν
366 1102 397 1161 ἰθ
409 1101 593 1179 μεταόοίλλον,
609 1105 658 1183 οὔχ
673 1106 708 1170 ὑις
722 1106 747 1162 ἐν
757 1114 823 1164 πᾶσι
834 1113 886 1172 τοῖς
931 1100 1002 1182 ἔχειν
1017 1102 1044 1161 δέ
1061 1102 1196 1180 μετοιόολή
1218 1107 1273 1164 ἐστι
1294 1110 1339 1163 τοῦ
1354 1103 1526 1180 ὑποκειμένου
1544 1105 1597 1165 ἀπὸ
1613 1111 1710 1190 στερή-

107 1191 230 1267 τμήμασι
242 1197 289 1264 τῆς
308 1195 459 1272 διαιρέσεως
481 1192 560 1266 οὔσης
580 1199 625 1266 τῆς
637 1195 785 1273 μεταόολῆς
799 1195 884 1276 λέγει,
930 1211 996 1256 σεως
1010 1193 1057 1260 τῆς
1071 1191 1218 1270 mvi&
1241 1190 1403 1268 δηλουμένην
1426 1195 1461 1258 εἷς
1475 1191 1538 1262 gitt-
1556 1193 1636 1255 Ἀλλὰ
1653 1199 1706 1275 μή·

108 1279 166 1339 ἀλλ’
177 1279 217 1338 ὅτι
231 1283 257 1339 ἐν
272 1287 304 1362 τῇ
319 1282 445 1362 διαιρέσει
457 1282 540 1362 ταότῃ
554 1293 628 1342 πᾶσα
645 1285 780 1360 μεταῦολὴ
792 1285 881 1366 περιέ·
930 1299 993 1334 πννν
1007 1281 1021 1334 ὅ
1033 1277 1212 1354 ’Ᾱρνντνῖέλης
1222 1279 1322 1350 ntem
1332 1283 1367 1349 ὡς
1378 1280 1529 1356 μέτνὸθλνλν
1543 1291 1588 1343 ννῧ
1603 1289 1710 1344 ‘immt-

106 1389 192 1446 χεται·
206 1372 223 1439 ἡ
239 1367 289 1448 γδιρ
305 1367 354 1448 μία
369 1373 422 1428 τῶν
437 1371 586 1452 τεσσάρων,
605 1376 622 1443 ἡ
638 1371 664 1441 ἐξ
679 1375 729 1452 οὐχ
742 1373 886 1451 ὑποχμμέ.
931 1363 1010 1440 μένου
1030 1364 1100 1424 κατδι
1115 1367 1228 1425 διάθεσιν
1248 1367 1409 1444 θεασάμενος
1429 1371 1521 1427 πασῶν
1540 1371 1620 1442 αὐτὴν
1643 1373 1710 1432 άπέ-

109 1479 152 1515 νου
176 1461 212 1524 εἰς
237 1460 285 1536 οὔχ
306 1460 477 1535 ὑποκείμενον
493 1463 539 1519 οὔκ
562 1459 618 1520 ἔστι
639 1461 785 1538 μεταόολή.
802 1461 837 1524 Ὁ
859 1463 886 1521 δὲ
930 1475 997 1532 φηνῑ
1020 1458 1073 1512 τῶν
1095 1459 1224 1533 ‘Amisit
1247 1460 1410 1537 κανηννρῑῶν
1435 1456 1480 1515 καὶ
1507 1461 1643 1534 ἀμενηνῶν
1663 1464 1709 1522 καί

109 1543 235 1623 Εὔδημος
259 1545 305 1605 καί
329 1547 376 1615 τθις
409 1551 543 1629 στερήσεις
571 1549 750 1623 ὑποκειμένοις
774 1552 886 1612 ἐοικέναι
929 1541 1002 1600 οὐδέν
1023 1544 1141 1622 ἐκφανῶς
1163 1544 1195 1602 τὸ
1217 1543 1388 1622 ὑποκείμενον
1412 1547 1587 1608 διατιθεισῶν.
1604 1549 1644 1609 Τό
1659 1551 1710 1631 γάρ

109 1632 200 1712 φησίν.
225 1637 265 1694 Οὔ
283 1633 333 1715 γάρ
347 1636 441 1713 ὁμοίως
462 1637 568 1716 λέγεται
583 1637 613 1697 τὸ
632 1639 726 1718 τυρλὺν
740 1637 785 1697 καί
800 1638 831 1698 τὺ
847 1639 884 1717 μὴ
930 1636 1031 1690 κεῖσθαι
1045 1633 1090 1690 καὶ
1110 1632 1141 1692 τδ
1161 1632 1230 1712 ἔχειν
1252 1633 1374 1712 οὐδεμίαν
1399 1635 1470 1694 δοκεῖ
1492 1639 1529 1716 τῷ
1544 1640 1709 1721 ὑποκειμένῳ

110 1721 170 1800 έχον
182 1723 345 1798 ὀφθαλμούς,
366 1722 423 1782 οὐδὲ
449 1724 477 1782 τὸ
498 1725 634 1806 φαλακρὸν
654 1725 745 1785 καὶτὸ
762 1725 798 1802 μὴ
822 1725 884 1807 ἔχου
930 1719 1078 1780 δευσοποιὸν
1096 1721 1211 1780 διάθεσιν
1229 1725 1355 1796 ἐμποιεῖν·
1372 1721 1397 1780 τί
1410 1724 1460 1801 γδιρ
1472 1725 1589 1806 διαφέρει
1602 1731 1639 1806 τῷ
1654 1731 1710 1788 σώ-

105 1806 208 1887 τρίχας·
234 1809 391 1888 ὑποκείμενα
413 1805 457 1870 οὔν
481 1811 576 1870 καὶτὰ
599 1812 708 1870 τοιαῦτά
723 1835 817 1893 φησιν,
837 1815 886 1893 οὔχ
930 1832 995 1882 μαπι
1008 1815 1104 1890 πρηνεῖ
1116 1812 1217 1870 κεῖσθαι
1230 1810 1247 1883 ἢ
1262 1812 1363 1892 ὑπτίῳ,
1378 1812 1423 1871 καί
1434 1815 1596 1892 περικεῖσθαι
1613 1817 1709 1877 δακτῦ-

105 1896 201 1973 ὁμοίως
216 1896 242 1956 δέ
265 1903 320 1966 ταῖς
334 1899 544 1981 καταράσεσιν.)
928 1899 1014 1972 λιονῆ
1030 1901 1067 1978 μή
1076 1926 1084 1972 ;
1100 1900 1145 1959 καῖ
1160 1899 1203 1958 τόν
1225 1900 1318 1980 χρόνον
1342 1899 1370 1959 δέ
1391 1905 1426 1969 ὡς
1447 1903 1547 1983 ἀδρανῆ
1562 1905 1632 1964 δοκεῖ
1646 1906 1709 1966 θεοί-

144 2007 182 2046 ιιιι.
205 1987 283 2048 Ἐπεί
305 1988 332 2046 δὲ
352 1987 411 2048 οὔτε
429 1987 531 2064 οὔσίας,
550 1989 610 2049 οὔτε
627 1995 672 2049 τοῦ
694 1997 758 2070 πρός
772 2013 807 2064 τι,
823 1989 884 2051 οὔτε
931 1993 1037 2050 σασθαι.
1064 1987 1181 2061 Τοιαῦτη
1198 1989 1225 2048 δέ
1248 1989 1293 2047 καί
1316 1992 1417 2061 ἡκατδι
1433 1990 1463 2050 τδ
1485 1991 1548 2071 πρός
1562 2016 1587 2050 τι
1602 1996 1710 2075 σχέσις,

104 2081 150 2134 τοῦ
159 2077 242 2134 ποιεῖν
252 2075 299 2134 καί
314 2075 441 2155 πάσχειν,
454 2075 573 2137 λείπεται
585 2075 698 2136 κατδιτῖι
710 2075 783 2137 ποιδν
796 2076 841 2136 καί
855 2075 885 2135 τδ
930 2076 962 2134 δι’
978 2069 1018 2152 ἧς,
1034 2067 1117 2154 οἶμαι,
1129 2077 1211 2136 καίτθ
1227 2077 1308 2136 αἴτιον
1321 2078 1463 2148 ἐνεδείξατο
1474 2085 1520 2140 τοὺ
1536 2080 1573 2156 μὴ
1586 2072 1652 2142 εἶναι
1667 2085 1708 2144 κέ·

102 2161 185 2222 ποσὸν
197 2164 242 2222 καὶ
256 2163 286 2222 τδ
298 2169 349 2224 ποῦ
368 2164 471 2238 κίνησιν
487 2155 553 2225 ε’ίναι
569 2165 655 2244 μόνον·
673 2166 699 2224 έν
715 2165 820 2246 ἑκάστῳ
834 2163 885 2244 γάρ
929 2187 1003 2236 νησιν
1019 2168 1045 2222 ἐν
1060 2175 1116 2232 ταῖς
1137 2173 1269 2244 σχετικαῑς
1288 2165 1458 2246 κατηγορίαις
1470 2167 1500 2227 τὸ
1518 2167 1554 2245 μὴ
1569 2172 1710 2232 διατιθέναι

103 2253 161 2309 ἐστι
175 2251 273 2310 τούτων
290 2252 450 2320 ἐναντίωσις.
929 2251 959 2310 τθ
973 2252 1156 2330 ὑποκείμενον,
1170 2253 1232 2312 όταν
1248 2253 1322 2334 λέγῃ·
1337 2255 1527 2335 ένδέχεταιγθρ
1539 2258 1648 2337 θατέρου
1663 2283 1710 2336 μι-

146 2338 334 2418 (Aristotelcs
348 2341 433 2419 Phys.
452 2341 503 2400 lib.
514 2339 550 2415 V,
564 2361 628 2420 cap.
643 2363 659 2400 α
672 2362 704 2420 p.
721 2344 791 2402 226.
804 2361 830 2401 ιι.
847 2342 884 2398 23
929 2339 1104 2408 ταῦοίλλοντος
1118 2340 1289 2411 ἀληθεύεσθαι
1303 2341 1410 2422 θάτερον
1427 2343 1509 2420 μηδὲν
1526 2346 1704 2419 μεταόοίλλον.

101 2429 152 2488 ed.
170 2429 292 2487 bekker.
310 2431 477 2509 Simplicius
493 2431 546 2488 fol.
562 2430 666 2492 κοιλ)
697 2431 756 2510 (cf.
773 2430 883 2488 Schoil.
930 2429 1035 2505 (Arist.
1052 2429 1141 2505 Phys.
1158 2428 1211 2487 lib.
1229 2429 1266 2502 V,
1281 2449 1344 2508 cap.
1366 2451 1382 2488 ο
1400 2451 1430 2510 p.
1449 2433 1518 2492 225.
1533 2433 1565 2493 b.
1591 2457 1622 2492 11
1634 2437 1643 2512 γ
1657 2436 1709 2495 Διὰ

99 2517 134 2576 in
147 2517 269 2576 Aristot.
287 2539 318 2596 p.
334 2520 391 2595 399
405 2520 451 2580 cd.
472 2519 594 2578 Braudis
605 2517 625 2599 ).
648 2517 813 2597 Προθέμενος
828 2520 882 2576 δεῖ·
929 2515 975 2584 τθις
990 2515 1128 2596 εἰρημένας
1142 2507 1186 2576 οὔν
1202 2515 1265 2585 ἴσως
1281 2517 1406 2597 διαφορὰς
1421 2521 1435 2577 δ
1449 2518 1627 2599 Ἀριστοτελης
1638 2527 1711 2582 ἀπα-

99 2605 161 2677 ξιιι,
180 2605 220 2664 δτι
234 2607 280 2664 οὔκ
297 2608 324 2664 ἐν
347 2607 444 2674 πείσαις
460 2606 631 2688 κατηγορίαις
651 2608 720 2666 ἐστίν
741 2611 758 2678 ἡ
774 2605 885 2680 κίνησις,
929 2604 1030 2685 γορεῦει
1051 2605 1153 2680 κίνησιν
1169 2597 1237 2665 εῖναι
1263 2607 1289 2664 ἐν
1304 2607 1360 2673 ταῖς
1375 2607 1526 2686 εἰρημέναις
1539 2610 1710 2691 κατηγορίαις

99 2695 163 2753 ἀλλ’
178 2697 204 2753 έν
220 2692 310 2770 μόναις
324 2695 407 2774 τρισί,
417 2700 454 2776 τῷ
464 2699 552 2775 ποσῷ,
572 2700 609 2777 τῷ
622 2701 690 2778 ποιῷ
705 2695 750 2754 καλ
762 2698 800 2776 τῷ
816 2701 883 2770 ποῦ,
930 2689 1079 2770 μεταόολὴν
1095 2692 1200 2761 πάντως
1217 2685 1283 2752 ε’ίναι
1302 2698 1446 2774 συγχωρῶν
1461 2697 1487 2754 έν
1504 2699 1613 2771 αὑταῖς,
1629 2697 1704 2781 εἴπερ

102 2781 152 2840 καῖ
170 2781 254 2850 δείξας
274 2781 314 2840 ὅτι
331 2781 389 2842 οὔτε
412 2787 437 2842 έν
463 2783 557 2864 οὔσίορ,
577 2784 637 2844 οὔτε
663 2788 689 2844 ἐν
710 2787 747 2864 τῷ
764 2783 828 2862 πρός
843 2809 884 2858 τι,
930 2779 967 2856 μή
992 2783 1055 2840 εἰσιν
1078 2778 1166 2844 οῖῖδιοι.
1192 2781 1227 2844 Ὁ
1241 2783 1329 2862 μέντοι
1355 2785 1476 2860 Εὔδημος
1498 2787 1524 2842 έν
1543 2787 1596 2852 τοῖς
1614 2789 1710 2847 ἑαυτοῦ

102 2870 164 2930 οὔτε
178 2874 203 2929 έν
217 2874 256 2950 τῷ
276 2879 358 2932 ποιεῖν
381 2872 426 2930 καὶ
443 2873 580 2954 πάσχειν,
597 2872 688 2946 ἐπειδὴ
710 2871 824 2944 κινήσεις
837 2873 884 2950 μὲν
930 2870 1059 2937 Φυσικοῖς
1068 2870 1246 2953 παρνφρᾶίννν
1256 2871 1288 2929 τὰ
1302 2877 1345 2930 τοῦ
1358 2871 1547 2946 ’Ᾱρῑστννὲλονι
1559 2875 1602 2932 καί
1618 2874 1710 2948 εἶπόν,

105 2952 187 3019 αὔτα(
202 2959 269 3027 τινές
290 2963 355 3033 εἶσι,
381 2959 481 3033 κίνησις
501 2961 527 3018 δὲ
549 2959 677 3032 κινήσεως
695 2963 742 3019 οὔκ
756 2959 812 3018 ἔστι
827 2963 885 3019 καθ’
929 2955 969 3016 ὅτι
984 2959 1009 3016 έν
1022 2962 1060 3039 τῷ
1073 2958 1137 3041 πρός
1155 2983 1180 3018 τι
1194 2961 1242 3020 οὑκ
1256 2959 1312 3018 ἔστι
1326 2959 1426 3032 κίνησις
1439 2960 1508 3032 πλὴν
1525 2962 1593 3020 κοιτδι
1609 2962 1710 3037 συμόε-

105 3048 172 3108 αὑτὸ
188 3045 253 3128 ὅπερ
268 3048 310 3106 διδι
324 3047 450 3106 πλειόνων
463 3047 596 3117 ἀπέδειξε·
615 3047 821 3128 συμπεραίνεται
832 3050 886 3106 λοι·
930 3045 1024 3119 δηκός,
1053 3047 1098 3106 καλ
1118 3045 1164 3118 τὴν
1180 3047 1265 3107 αῖτίαν
1280 3049 1408 3126 προσθείς·
1428 3047 1530 3127 γίνεται
1548 3050 1613 3130 γάρ,
1629 3051 1708 3132 ρησί,

104 3139 158 3199 πὺν
173 3135 212 3196 δτι
232 3136 269 3214 μὴ
294 3137 374 3208 οὔσης
384 3135 510 3208 κινήσεως
534 3138 559 3195 έν
575 3145 633 3204 ταῖς
652 3136 743 3204 άλλαις
769 3159 885 3216 κατηγο·
929 3138 973 3191 καί
986 3135 1040 3194 ἔστι
1054 3137 1084 3194 πθ
1099 3134 1197 3216 δίπηχυ
1212 3137 1347 3197 διπλάσιον
1362 3137 1482 3211 ἀκίνητον
1491 3137 1519 3198 θν
1534 3141 1621 3210 πάντη
1634 3139 1706 3198 ποίν-

104 3227 187 3308 ρίαις,
202 3225 321 3284 λείπεται
335 3224 404 3286 κατά
419 3225 449 3285 τὺ
463 3225 552 3299 ποιόν,
571 3225 659 3284 καὶτὸ
679 3225 778 3298 ποσόν,
792 3227 837 3284 καὶ
853 3225 883 3285 τθ
929 3245 979 3288 τως
994 3222 1130 3300 γινομένου
1154 3225 1314 3304 πηχυαίου),
1331 3225 1376 3284 καί
1392 3226 1488 3301 είπιίιν,
1510 3225 1551 3286 δτι
1569 3228 1613 3286 τὸν
1630 3228 1709 3287 αὐτὸν

102 3320 157 3374 ποῦ
173 3313 274 3388 κίνησιν
289 3303 356 3373 εἶναι
374 3313 471 3392 μόνον,
486 3313 532 3374 καλ
549 3313 598 3387 τὴν
613 3312 700 3372 αἰτίαν
714 3319 759 3371 τοῦ
776 3316 803 3374 έν
815 3312 880 3372 τοῦ-
929 3309 1023 3390 τρόπον
1049 3310 1094 3370 καί
1119 3312 1227 3372 ἐπὶτῶν
1252 3313 1338 3373 ἄλλων
1358 3316 1410 3372 τῶν
1433 3315 1497 3395 πρός
1514 3339 1540 3375 τι
1554 3316 1708 3393 συμόαίνει,

99 3427 157 3471 τοις
173 3393 240 3462 εἶναι
255 3401 356 3476 κίνησιν
380 3405 550 3482 προστίθησιν
564 3401 654 3461 είπών·
670 3405 696 3461 ἐν
712 3402 816 3483 ἑκάστῳ
833 3403 884 3482 γάρ
930 3397 1069 3476 ἐπήγαγεν·
1083 3425 1094 3451 ι
1109 3403 1132 3458 εἰ
1147 3403 1173 3458 ἓν
1187 3400 1273 3482 χρόνῳ
1285 3400 1312 3459 δέ
1324 3402 1332 3482 i
1342 3404 1396 3478 leg.
1412 3401 1476 3480 μὲν)
1489 3402 1575 3462 πάντα
1591 3405 1709 3481 κινεῖται,

101 3495 160 3551 ἐστι
183 3491 282 3549 τούτων
306 3491 463 3557 ἐναντίωσις.
524 3490 559 3551 ‘ii
585 3491 636 3574 γὰρ
655 3490 755 3563 κίνησις
770 3490 795 3560 ἐξ
811 3495 885 3551 ἐναν-
929 3484 1024 3564 τρόπον
1041 3486 1179 3567 δὲᾶλλον,
1197 3494 1316 3564 ντοῖιτο,
1336 3481 1707 3572 οἶμαι,ἐνδεικνῦμενος,ὔτι

99 3581 162 3640 τίου
176 3583 212 3646 εἷς
231 3579 347 3640 έναντίον
361 3571 393 3651 ἦν
410 3578 553 3657 μεταόολή.
571 3582 605 3639 Et
619 3569 663 3637 οὔν
678 3579 746 3637 ἔστιν
762 3580 884 3640 ἐναντίω·
929 3574 1029 3647 κίνησις
1048 3574 1094 3654 μέν
1109 3579 1161 3635 τῶν
1181 3575 1358 3654 ὑποκειμένων
1374 3579 1443 3638 ἐστὶν
1460 3585 1478 3652 ἡ
1498 3579 1566 3639 κατά
1581 3579 1626 3647 τὰς
1643 3583 1708 3661 σχέ·

102 3693 144 3736 σις
158 3670 186 3726 ἐν
199 3674 233 3748 τῇ
245 3667 308 3748 πρός
328 3691 354 3727 τι
378 3668 542 3747 κατηγορία,
567 3671 601 3734 ὑς
622 3667 699 3735 αὔτθς
715 3671 741 3726 έν
761 3693 880 3748 κατηγο-
930 3687 998 3743 σεις,
1012 3665 1089 3724 άλλον
1105 3664 1132 3723 δὲ
1153 3663 1252 3745 τρόπον
1267 3666 1334 3745 ἥπερ
1347 3665 1416 3725 κατά
1429 3667 1476 3733 τάς
1493 3667 1635 3741 διαθέσεις,
1655 3668 1709 3728 ὑίσ-

103 3758 172 3837 ρίαις
195 3755 275 3836 (cap.
293 3779 308 3829 7
333 3778 365 3833 p.
382 3759 412 3814 6.
437 3756 468 3816 b.
489 3757 523 3814 15
541 3756 585 3814 ed.
603 3757 735 3831 Βαθεῖαν)
749 3759 881 3828 ἐδήλωσεν
929 3774 978 3830 περ
995 3751 1073 3810 ἄλλον
1087 3755 1181 3830 τρόπον
1200 3753 1268 3812 κατὰ
1281 3752 1329 3826 τὴν
1352 3754 1458 3827 οὐσίαν,
1475 3753 1515 3813 ὅτι
1529 3755 1586 3812 οὐδέ
1607 3755 1710 3826 κίνησιν

102 3845 185 3906 εῖπιίιν
203 3871 214 3897 ι
229 3845 343 3926 ὑπάρχει
358 3843 384 3902 δέ
400 3845 445 3904 καλ
466 3844 614 3918 ἐναντιότης
630 3849 656 3905 έν
668 3855 721 3913 τοῖς
741 3847 805 3925 πρός
821 3871 858 3921 τι,
873 3876 884 3902 ι
930 3841 1019 3899 καλεῖν
1033 3839 1148 3908 ἀξιοῦσιν
1164 3845 1187 3900 σί
1207 3840 1258 3900 ἀπὸ
1273 3846 1317 3900 τοῦ
1337 3843 1504 3920 Περιπάτου,
1522 3844 1590 3900 ἀλλὰ
1609 3843 1708 3920 γένεσιν

102 3934 181 3994 οὐδὲν
196 3932 293 3990 κωλόει
308 3933 353 3992 καί
372 3932 441 3992 κατὰ
456 3931 554 4004 ταύτην
571 3923 637 3991 εῖναι
652 3932 765 4006 κίνησιν.
780 3935 821 3996 Τὸ
835 3937 883 4013 μὲν
930 3927 976 3986 καί
988 3925 1085 4007 φθοράν
1102 3927 1144 3985 διθ
1157 3926 1188 3986 τδ
1210 3928 1248 4005 μὴ
1270 3927 1406 4006 ὑπομένειν
1431 3929 1462 3988 τδ
1480 3929 1654 4006 μεταόοίλλον.
1672 3928 1709 3991 ‘0

102 4019 318 4101 γδιρκινοόμενον
334 4021 563 4094 ένταὺθαὴοὔσία
577 4021 640 4094 ἔστί,
650 4022 758 4080 κινεῖται
774 4023 801 4080 δὲ
817 4025 884 4083 κατὰ
932 4014 1020 4092 μέντοι
1039 4015 1208 4096 Θεόφραστος
1227 4019 1252 4074 ἔν
1267 4019 1304 4096 τῷ
1318 4016 1415 4097 πρώτῳ
1432 4021 1484 4077 τῶν
1510 4021 1601 4076 invto&
1618 4019 1707 4078 Φυσι·

102 4105 248 4187 τὴνσχίσιν
259 4106 349 4189 ὥσπερ
364 4107 433 4168 κατθι
443 4108 570 4182 ποιότητα
584 4108 629 4168 καί
640 4107 774 4182 ποσότητα
783 4110 828 4171 καί
840 4120 884 4172 τοὺ
930 4103 983 4159 κῶν
999 4097 1044 4158 χαλ
1059 4103 1118 4158 καθ’
1133 4099 1242 4159 ἕκαστον
1264 4101 1336 4180 γένος
1349 4106 1400 4161 τῶν
1416 4106 1578 4184 κνῖηἵνρῑῶν
1599 4103 1647 4176 T’ii'
1668 4105 1710 4165 κί’

103 4203 158 4257 ποῦ
170 4198 340 4276 κατηγορίαν·
354 4197 399 4256 καλ
409 4196 477 4256 κατά
487 4197 518 4256 τθ
533 4199 615 4256 ποιεῖν
626 4196 654 4255 δὲ
669 4196 756 4257 καὶτὸ
771 4199 884 4282 πάσχειν
929 4211 1004 4261 ”tw
1021 4189 1173 4268 θεωρεῖσθαί
1185 4213 1248 4270 W*
1260 4191 1366 4274 ΥΡνίφννν
1380 4192 1471 4261 Οὕτως·
1491 4220 1503 4246 ν
1516 4192 1576 4272 mii
1594 4192 1621 4252 δέ
1635 4194 1711 4266 ’‘ffli-

103 4289 204 4344 κινοῖτο
219 4285 249 4343 ἂν
262 4285 292 4344 τὸ
307 4284 487 4362 ὑποκείμενον·
504 4284 647 4344 ἀντίκειται
658 4283 686 4344 δὲ
700 4283 730 4345 τό
742 4292 826 4344 ποιεῖν
839 4281 885 4342 καί
932 4303 996 4346 σεως
1008 4278 1052 4338 τὸν
1069 4277 1116 4358 μέν
1134 4278 1244 4340 καθόλου
1263 4281 1308 4340 καῖ
1331 4279 1415 4340 κοινῦν
1438 4281 1514 4360 λόγον
1537 4283 1565 4341 οὔ
1593 4283 1709 4362 χαλεπὸν

103 4374 136 4432 τὸ
159 4374 271 4457 πάσχειν
286 4373 367 4442 ὑςτθ
383 4373 447 4452 πρός
466 4397 499 4434 τι.
534 4371 730 4440 Καίκατθιτθις
748 4371 840 4441 λοιπθς
857 4373 884 4432 δὲ
934 4368 1076 4427 ἀποδοῦναι
1102 4367 1148 4427 καῖ
1172 4370 1270 4444 εἰπεῖν,
1286 4372 1321 4436 ὡς
1335 4367 1450 4449 ίνέργειοί
1472 4368 1510 4436 τίς
1531 4371 1599 4428 ἐστιν
1616 4373 1711 4443 ἀτελὴς

102 4469 265 4545 κατηγορίας
289 4468 306 4536 ἡ
323 4463 498 4541 ὑποκειμένη,
520 4453 607 4539 οἶμαι,
629 4462 705 4522 οὔσία
726 4462 829 4542 λέγοιτο
850 4463 882 4523 ἂν
932 4460 977 4514 τοῦ
993 4455 1102 4534 δυνάμει
1116 4456 1186 4524 ὄντος
1206 4448 1350 4536 ᾕτοιοῦτον
1363 4456 1420 4517 καθ’
1442 4456 1553 4516 ἕκαστον
1568 4457 1641 4534 γένος
1658 4460 1709 4514 τῶν

99 4771 169 4834 lecto
187 4770 212 4819 in
231 4769 383 4834 subjeetum,
404 4773 449 4821 eut
467 4769 604 4834 esubjccto
618 4769 643 4820 in
657 4783 706 4821 ιιοιι
727 4771 885 4837 subiectum,
932 4778 993 4833 Quoe
1009 4774 1073 4825 enim
1094 4776 1134 4825 cst
1155 4787 1169 4824 c
1184 4788 1232 4824 non
1253 4773 1365 4838 subjecto
1382 4772 1406 4820 in
1427 4785 1473 4820 non
1489 4770 1643 4833 subjectum,
1663 4783 1711 4818 non

102 4861 238 4910 cotenon
254 4859 364 4922 subjecto
381 4859 406 4909 in
422 4859 574 4924 subjectum,
590 4863 658 4912 aute
676 4875 725 4911 non
738 4861 887 4924 sublectoin
932 4865 971 4912 est
988 4863 1105 4925 mutatio,
1133 4862 1191 4926 quia
1211 4863 1318 4912 nonest
1339 4873 1382 4924 per
1403 4859 1597 4922 oppositionem
1621 4858 1712 4922 quippe

102 4958 154 4997 non
171 4945 310 5010 subiectum
330 4951 449 4999 mutatur.
461 4947 523 4998 Dico
533 4951 616 4998 autem
629 4949 656 4999 id
669 4950 808 5015 subjectum
821 4951 887 5014 quod
932 4964 988 5016 quoe
1001 4963 1080 5014 neque
1097 4950 1217 5002 contraria
1224 4985 1232 5012 ‚
1250 4962 1330 5014 noque
1342 4947 1501 4998 contradictio
1513 4947 1554 4997 sit.

103 5034 270 5086 affirmatione
282 5035 441 5100 significetur.
472 5037 638 5096 Quamobrem
657 5051 688 5088 ex
703 5038 734 5088 its
751 5052 808 5102 ηοω
822 5038 888 5089 dicte
963 5045 1002 5092 55.
1019 5041 1103 5102 Quum
1115 5043 1197 5091 autem
1210 5052 1289 5102 nequo
1304 5038 1329 5088 ἰιι
1346 5037 1497 5100 substantie,
1514 5035 1631 5099 coqueio
1644 5036 1711 5087 rela-

104 5125 164 5174 sunt
177 5127 229 5175 tres
244 5124 394 5176 mutationes
410 5139 464 5176 osse
477 5139 577 5177 necesso
598 5129 649 5189 τοῖς
670 5139 724 5178 eam
741 5140 798 5190 quc
815 5128 853 5177 est
875 5141 889 5178 e
932 5129 1012 5192 tione,
1024 5141 1104 5192 neque
1120 5128 1146 5178 tn
1158 5127 1253 5178 actione
1263 5125 1451 5191 perpessionem
1467 5124 1500 5175 sit
1511 5127 1710 5188 memoresto,

106 5211 220 5276 subiecto
228 5213 255 5262 in
269 5213 415 5278 subjectum,
428 5218 453 5266 et
460 5229 514 5266 eom
526 5229 583 5279 quo
593 5230 605 5266 c
616 5216 759 5281 subjectoin
772 5231 820 5266 non
831 5217 889 5267 sub·
934 5219 963 5268 ut
982 5216 1007 5266 in
1027 5217 1160 5280 quailtate,
1178 5215 1315 5279 quontitate
1333 5217 1358 5265 ct
1379 5215 1425 5266 ebt
1441 5213 1610 5265 tantummodo
1628 5217 1711 5266 motus

104 5299 208 5365 jectum,
222 5305 248 5352 et
268 5317 323 5354 eam
343 5317 400 5368 quo
421 5317 436 5356 c
451 5317 500 5355 non
509 5303 619 5367 subjecto
636 5307 676 5356 oet
691 5304 716 5354 in
738 5305 887 5368 subjectum.
933 5305 966 5356 sit
979 5321 985 5354 ε
1000 5315 1107 5368 namquo
1118 5304 1299 5368 inunoqnoque
1311 5301 1415 5354 istorum
1431 5302 1590 5356 commictae
1602 5306 1648 5356 est.
