3976 5948
781 395 1029 458 FRAGMENTA.
1656 401 1714 460 lli

104 524 150 602 οὐχ
164 522 188 580 οἱ
205 521 267 592 δύο,
287 523 346 582 ἀλλ’
363 521 554 601 δἈρκεσίλαος
567 524 612 583 τὸν
628 524 746 596 Ζήνωνα.
789 526 822 588 Ὁ
836 527 887 607 γθιρ
933 530 1020 592 κακῶς
1028 549 1058 586 τε
1073 525 1118 584 καί
1138 523 1286 603 αἰδημόνως
1300 527 1419 602 οὐδαμῶς
1438 527 1658 607 νεωτερισθέντων
1673 531 1715 588 εἰ·

104 611 195 680 Ζήνων
209 600 265 690 εἶχε
286 607 317 679 δή
345 633 371 668 τι
394 611 517 691 τῇμάχη
543 613 636 690 σεμνδν
661 613 706 672 καί
731 613 815 693 βαριί,
840 615 886 674 καί
932 613 1039 696 ρήσεταί
1053 638 1097 690 μοι
1112 608 1182 680 olai<
1197 637 1275 686 ποτε,
1292 615 1336 675 ἐὰν
1354 615 1508 695 φιλοσοφίας
1527 615 1627 696 σχολήν
1646 618 1714 694 ἀγά-

104 696 292 778 Κηφισοδυίρου
312 704 358 757 τοῦ
372 696 481 778 ῥήτορος
495 701 542 758 οὐκ
557 700 676 778 ἄμεινον·
690 702 718 769 t<
732 702 763 772 δή
779 704 813 780 [θ
830 707 885 776 Κη·
930 726 977 780 γω.
1019 701 1066 772 Μή
1081 724 1136 768 πως
1151 713 1163 737 ⁰
1178 701 1268 778 μέντοι
1289 701 1416 780 ἀγάγοιμι
1430 703 1529 782 σχολήν
1546 725 1609 761 ποτε
1624 707 1715 764 coned-

103 787 271 866 φισόδωροςί,
307 785 398 856 ἐπειδὴ
432 789 477 844 ὑπ’
503 787 695 866 Ἀριστοτέλους
725 789 886 869 βαλλόμενον
930 811 993 860 την,
1009 788 1106 848 τοθτων
1119 794 1181 866 γοῦν
1200 788 1297 864 ἕνεκεν,
1312 792 1335 848 εἰ
1350 789 1388 866 μὴ
1403 789 1455 850 tet
1468 792 1583 858 παιδιᾶς.
1626 790 1678 850 Tic
1692 793 1715 848 δ’

103 878 185 956 ἑαυτῷ
208 875 254 934 τὸν
270 875 427 934 διδάσκαλον
449 875 605 956 Ἰσοκράτην
629 879 709 959 έάιρα,
733 880 813 938 αὐτοῦ
838 879 886 957 μέν
930 868 974 935 οὖν
987 877 1099 948 Ζήνωνα
1122 880 1136 936 δ
1156 877 1324 958 Ἀρκεσίλαος
1348 879 1497 958 ἀντίτεχνον
1518 879 1564 938 καί
1589 876 1714 947 ἀξιόνικον

103 962 295 1041 Ἀριστοτέλους
309 955 341 1036 ήν
354 962 457 1039 ἀμαθής
471 964 517 1023 καί
531 964 654 1046 άπειρος,
667 967 718 1026 θπδ
732 966 758 1024 δέ
774 971 820 1024 τοῦ
835 990 883 1024 κα·
931 965 1083 1045 ὑπάρχοντα
1104 969 1220 1044 θεωρῶν,
1239 965 1298 1034 τοὺς
1312 969 1375 1048 παρ’
1393 965 1491 1026 ἐκείνου
1506 964 1715 1047 ἀποφερομένους

102 1059 178 1130 θορᾷν
194 1049 285 1120 ἔνδοξα
300 1051 333 1111 τά
357 1049 499 1120 Πλάτωνος
513 1054 684 1134 ὑπάρχοντα,
706 1053 799 1127 οἰηθείς
817 1056 886 1116 κατὰ
930 1053 1022 1131 λόγους
1044 1051 1170 1135 καθῄρει,
1190 1053 1262 1113 seta
1280 1053 1351 1113 οὐδέν
1375 1054 1461 1116 ὤκνει.
1506 1054 1573 1137 Περί
1599 1051 1646 1130 μέν
1670 1045 1714 1111 οθν

103 1141 234 1201 Πλάτωνα
248 1139 292 1199 τδν
307 1140 487 1218 Ἀριστοτέλην
510 1145 668 1224 φιλοσοφεῖν,
694 1141 818 1220 ἐπολέμει
838 1143 886 1218 μέν
930 1145 981 1200 τῶν
997 1141 1084 1201 ἀλλων
1098 1141 1114 1200 ἀ
1130 1143 1284 1221 έμεμάχητο
1295 1144 1396 1224 ἐκείνῳ,
1413 1142 1467 1202 οὔτ’
1477 1141 1540 1208 ἰσως
1554 1145 1635 1201 εἰπεῖν
1650 1142 1714 1220 έχω,

102 1229 289 1308 Ἀριστοτέλει,
306 1227 403 1288 έθαλλε
418 1227 446 1288 δί
461 1229 610 1304 Πλάτωνα,
625 1231 671 1292 καί
681 1232 822 1312 κατηγόρει
837 1225 887 1311 ἀρ·
930 1230 981 1288 εἴτε
993 1229 1038 1288 καί
1054 1219 1144 1308 εἰχον,
1162 1230 1235 1289 οὐδέν
1246 1229 1297 1288 έδει
1309 1225 1354 1288 νῦν
1369 1232 1454 1288 αὐτῶν
1471 1234 1631 1306 μνησθῆναι.
1674 1229 1714 1288 Tb

102 1315 208 1392 ξάμενος
223 1314 278 1376 tub
290 1318 342 1374 τῶν
358 1316 450 1388 ἰδεῶν,
464 1318 592 1375 τελευτῶν
609 1319 644 1383 εἰς
661 1317 694 1374 τά
706 1319 784 1390 ἀλλα,
799 1317 817 1374 ἀ
831 1321 885 1376 οὐδ’
930 1317 958 1376 δέ
970 1317 1055 1395 δόγμα
1069 1321 1145 1376 τοῦτο
1157 1319 1235 1377 αὐτοῦ
1249 1317 1353 1396 πρώτου
1364 1316 1515 1397 εὑρομένου,
1526 1317 1570 1375 καί
1586 1317 1648 1375 αὐτὸ
1662 1317 1715 1376 qrb

103 1405 177 1470 αὐτὸς
189 1405 264 1484 lter,
278 1404 346 1464 ἀλλά
358 1403 393 1462 τά
404 1405 562 1482 νομιζόμενα
577 1408 644 1484 ἀμφ’
657 1407 742 1464 αὐτῶν
752 1397 770 1486 ᾗ
781 1407 886 1484 λέγεται
932 1404 1015 1481 όνομα
1032 1403 1138 1483 βλέπων
1158 1405 1309 1482 εὐδοκιμοῦν
1330 1407 1356 1464 ἐν
1371 1415 1428 1472 ταῖς
1449 1403 1582 1476 Ἀθήναις,
1603 1403 1650 1473 τὴν
1665 1427 1713 1462 κα-

102 1496 227 1554 θπονοῶν.
280 1493 358 1564 Πλήν
374 1484 447 1560 οὗτος
467 1493 514 1571 μέν
533 1497 547 1552 θ
565 1493 769 1576 Κηφισόδωρος,
785 1486 806 1575 ᾧ
821 1498 884 1554 έπο-
932 1493 1099 1565 ταληπτικήν
1113 1492 1361 1573 φαντασίαν,πάση
1383 1497 1491 1572 μηχανῇ
1506 1496 1603 1570 ἐχρῆτο
1614 1490 1655 1550 ἐπ’
1669 1494 1715 1551 αθ-

102 1583 177 1660 λέμει
201 1583 238 1658 μή
253 1583 418 1662 μαχόμενος,
437 1573 589 1662 ἐμάχετοῷ
606 1582 642 1661 μὴ
662 1586 789 1659 πολεμεῖν
809 1583 885 1644 έὸοθ-
930 1581 988 1653 τήν.
1031 1580 1065 1641 ‘0
1082 1582 1104 1639 δ’
1126 1584 1152 1639 ἐν
1168 1583 1206 1661 τῷ
1228 1581 1403 1661 ἀσθενεστέρῳ
1418 1590 1429 1616 ¹
1444 1579 1558 1658 ἡσυχίαν
1577 1579 1661 1656 ἀγων,
1684 1581 1713 1637 σθ

102 1671 173 1730 λετο.
216 1667 251 1730 Ὅ
266 1669 354 1746 μέντοι
369 1669 461 1740 Ζήνων
476 1671 521 1728 καί
541 1669 636 1740 αὐτός,
653 1669 744 1740 ἐπειδὴ
767 1676 813 1730 τοῦ
827 1671 885 1749 Ἀρ·
930 1670 1071 1746 δυνάμενος
1086 1670 1244 1746 ἀδικεῖσθαι,
1257 1668 1425 1750 Ἀρκεσιλάου
1441 1669 1487 1744 μὲν
1498 1667 1589 1748 ἀφίετο
1603 1676 1613 1702 “
1627 1665 1714 1726 πολλά

101 1757 223 1817 κεσιλάου
247 1757 365 1833 μεθίετο,
390 1761 413 1816 εἰ
438 1757 485 1834 μέν
509 1758 575 1833 μηδέ
606 1757 730 1818 Πλάτωνι
749 1759 884 1832 ἐπολέμει,
931 1756 963 1814 ἀν
979 1759 1060 1816 εἰπεῖν
1071 1757 1155 1836 ἔχων,
1170 1757 1228 1814 ἀλλ’
1244 1759 1291 1816 οὐκ
1310 1755 1407 1829 ἤθελε,
1423 1756 1493 1834 τάχα
1505 1755 1532 1812 δὲ
1549 1755 1648 1829 μᾶλλον
1664 1753 1713 1812 άλ-

101 1843 249 1925 ἒφιλοσόφει
263 1844 346 1916 δήπου
362 1844 420 1920 ἐμοὶ
432 1849 508 1924 κριτῇ
523 1845 646 1905 πλείστου
659 1845 753 1917 ἀξίως,
766 1845 841 1904 ἕνεκά
855 1870 885 1925 γε
929 1848 988 1910 λως·
1004 1845 1067 1924 πρὸς
1077 1845 1105 1902 δὲ
1119 1844 1164 1903 τδν
1176 1843 1262 1902 οὐκέτι
1272 1847 1298 1903 ἐν
1311 1847 1388 1912 ζῶσιν
1401 1843 1465 1902 ὄντα
1478 1844 1609 1901 Πλάτωνα
1623 1844 1711 1900 ἐσκια-

100 1937 144 2004 τῆς
159 1933 263 2013 εἰρήνης
277 1941 297 1968 ¹¹¹
310 1931 417 2005 ταύτης.
472 1935 505 1992 Εἰ
522 1932 608 1992 δὀὐκ
632 1935 734 2011 ἀγνοῶν
751 1934 798 2010 μέν
822 1934 886 2003 ἰσως
931 1933 1025 2010 μάχει,
1047 1932 1092 1991 καὶ
1113 1932 1161 2002 τήν
1181 1933 1233 1992 ἀπδ
1248 1931 1350 2008 ἁμάξης
1366 1931 1499 2008 πομπείαν
1521 1940 1611 1990 πᾶσαν
1636 1953 1714 1990 κατε-

100 2021 131 2078 τδι
146 2021 332 2099 Ἀρκεσιλάου,
347 2023 381 2080 τά
397 2020 486 2096 μέντοι
512 2021 655 2088 Πλάτωνος
675 2023 791 2098 ἀγνοῶν,
809 2026 843 2090 ὡς
859 2021 885 2091 ἐξ
931 2019 1052 2100 θορύὸει,
1065 2019 1148 2098 λέγων
1162 2023 1197 2086 ὡς
1207 2018 1261 2078 οὔτ’
1275 2019 1305 2078 ἀν
1316 2024 1363 2077 τοῦ
1380 2021 1521 2087 Πλάτωνος
1536 2018 1713 2097 ἀμυνομένου,
1751 2027 1753 2032 “

100 2099 134 2167 ῶν
149 2111 223 2188 αὐτῷ
234 2109 380 2188 ἀνέγραψεν
394 2109 547 2188 ἐλέγχεται,
569 2108 608 2169 ἔτι
619 2115 633 2143 ¹¹
649 2109 770 2180 ἐποίησεν
784 2108 885 2168 ἐναντία
929 2111 1076 2190 θπερδικεῑν
1088 2131 1119 2167 τε
1133 2110 1212 2168 αὐτοῦ
1225 2109 1297 2190 ἄλλῳ
1313 2109 1397 2168 οθδινί
1409 2107 1496 2186 μέλον·
1511 2109 1563 2166 εἶτε
1576 2107 1715 2185 μιλήσειεν

99 2197 211 2276 καύτός,
228 2197 295 2274 μήτε
310 2196 338 2256 δν
353 2197 412 2278 ᾔδει
422 2197 563 2273 πλήττων,
579 2197 607 2256 όν
619 2220 648 2256 τε
660 2199 708 2256 οὐκ
719 2199 814 2276 ἐχρῆν,
831 2201 885 2256 ἀτι-
931 2199 1108 2278 Ἀρκεσιλάῳ,
1124 2199 1199 2264 αθτός
1221 2221 1252 2277 γε
1271 2199 1403 2276 κερδανεῖν
1420 2196 1486 2278 ᾤετο
1501 2195 1715 2274 ἀποτρεψάμενος

99 2287 204 2362 μότατα
224 2286 269 2344 καί
283 2284 408 2365 αἰσχιστα
431 2285 624 2368 περιυάρικάις,
639 2286 684 2344 καί
705 2292 788 2345 ταῦτα
808 2285 880 2344 πολὺ
931 2289 975 2366 ἀφ’
999 2290 1092 2345 ἑαυτοῦ
1113 2287 1156 2345 τδν
1178 2285 1357 2364 Ἀρκεσίλαον.
1411 2288 1497 2344 Τοῦτο
1518 2285 1545 2342 δέ
1564 2283 1645 2361 ᾔδειι
1669 2271 1726 2340 καίΙ

98 2375 191 2432 κάκιον
212 2373 230 2445 ἢ
246 2374 374 2453 προσήκει
388 2373 457 2434 κυνί.
513 2375 589 2446 Πλὴν
605 2373 711 2442 διέδειξέ
725 2397 755 2452 γε
770 2373 822 2450 μήν
838 2397 885 2450 με·
932 2371 1089 2450 ’Ἀγαθοκλέα
1109 2373 1154 2430 τδν
1170 2371 1351 2452 Συρακούσιον
1372 2371 1520 2442 ποιήσαντα
1542 2371 1572 2430 τδ
1597 2369 1714 2449 σόφισμα

30 2491 32 2496 ·
97 2463 282 2545 γαλοφροσύνη
303 2462 485 2543 ἀποσχόμενος
501 2467 547 2524 τοῦ
567 2463 751 2542 Ἀρκεσιλάου.
807 2459 885 2522 Ἤτοι
931 2460 975 2519 ἐπί
996 2459 1055 2526 τοὺς
1082 2459 1286 2540 Καρχηδονίους.
1328 2463 1364 2520 0t
1388 2459 1503 2519 Στωϊκοί
1529 2459 1556 2518 δὲ
1583 2457 1716 2528 θπήκονον

97 2552 146 2631 γάρ
155 2552 253 2632 ἀγνοίφ
265 2555 317 2612 τῶν
329 2551 429 2612 ἐκείνου
444 2551 462 2624 ἢ
477 2550 530 2612 δίει
547 2553 599 2610 τῶν
616 2551 750 2626 Στωϊκῶν,
760 2549 888 2627 πολέμοιο
932 2547 1154 2626 ἐκπεπληγμένοι.
1207 2547 1241 2608 Ἡ
1266 2553 1352 2626 μοῦσα
1367 2547 1418 2628 γάρ
1433 2549 1521 2613 αὐτοῖς
1535 2546 1594 2604 obet
1609 2544 1667 2604 τότε
1684 2537 1715 2616 ήν

97 2641 163 2720 μέγα
178 2641 269 2718 στόμα
285 2644 454 2700 πευκεδανοῖο
475 2639 645 2720 ἀπετρέψατο
670 2639 737 2718 ἀλλῃ
762 2642 796 2706 εἰς
811 2639 886 2698 Ῐίλά·
932 2639 1084 2718 φιλόλογος,
1107 2637 1277 2717 οὐδ’ίργάτις
1298 2636 1431 2717 χαρίτων,
1452 2636 1494 2716 ὑφ’
1518 2629 1554 2694 ῶν
1570 2639 1583 2693 θ
1597 2633 1716 2714 Ἀρκεσί-

96 2751 175 2790 τωνα.
226 2727 312 2788 Ἀλλὰ
327 2729 371 2788 καί
380 2727 441 2808 περί
458 2727 505 2806 μέν
516 2731 568 2786 τῶν
585 2727 687 2800 Ζήνωνι
702 2729 737 2796 εἰς
749 2726 886 2786 Πλάτωνα
931 2727 1009 2802 λαος,
1022 2725 1056 2784 τθ
1070 2724 1117 2804 μέν
1140 2726 1319 2806 περικροάων,
1333 2723 1367 2784 τὰ
1381 2725 1407 2784 δέ
1429 2722 1592 2798 ὑποτέμνων,
1607 2721 1675 2782 ἀλλα
1692 2722 1716 2780 δ’

98 2952 181 3000 contra
200 2948 312 3001 Platonis
325 2948 440 3014 dogmata
454 2948 574 2999 disserere
587 2947 728 2998 ostenderet
744 2961 750 2991 ι
765 2946 888 3012 pugnandi
933 2947 1061 2998 rulneruto
1075 2947 1175 2998 bomine
1186 2961 1261 3015 quem
1273 2949 1355 3009 noret,
1370 2947 1397 2997 et
1409 2959 1439 2996 eo
1448 2958 1523 3010 quem
1533 2944 1637 2995 minime
1645 2942 1715 2994 dece·

99 3053 157 3090 rero
168 3040 294 3090 ansatum
313 3037 343 3088 iis
357 3037 452 3101 reliqua
464 3037 531 3088 nulla
543 3037 615 3100 leret,
629 3036 650 3086 si
660 3035 698 3086 rel
710 3049 787 3086 unum
796 3035 889 3099 aliquid
933 3036 983 3098 bat,
1000 3036 1170 3100 indignissime
1189 3049 1220 3086 ac
1239 3035 1379 3100 turpissime
1391 3071 1397 3094 ,
1410 3034 1515 3098 ideoque
1535 3033 1609 3098 longe
1628 3032 1718 3082 lmdius

99 3133 226 3194 praecepto
244 3127 278 3178 illi
298 3141 345 3178 suo
373 3126 549 3188 detreberent,
575 3125 642 3190 quod
662 3125 694 3174 de
717 3124 889 3188 imaginatione
933 3138 1008 3188 qrram
1034 3125 1090 3176 cani
1115 3125 1243 3186 convenit,
1270 3123 1425 3174 coutumeliis
1449 3125 1546 3173 renato.
1595 3122 1718 3173 (interum

99 3215 325 3281 comprehensionis
339 3228 430 3280 capace
440 3215 508 3266 dant.
541 3213 589 3266 sed
603 3213 890 3276 hancremtempestire
933 3216 1100 3280 magnitudine
1114 3215 1222 3280 quatern
1236 3215 1312 3266 animi
1330 3215 1454 3266 abstinere
1467 3213 1537 3266 seab
1558 3213 1665 3264 Arcesile
1681 3225 1719 3262 os·

102 3305 228 3356 declarare
242 3303 382 3354 mibinunc
396 3315 446 3354 non
459 3302 535 3364 liret;
553 3301 625 3352 deca
641 3303 723 3351 autem
740 3315 828 3352 rursus
839 3303 889 3352 erit
934 3304 1021 3354 tendit.
1054 3306 1115 3354 Nem
1137 3318 1182 3354 seu
1196 3301 1265 3368 qood
1278 3303 1385 3354 bominis
1399 3316 1500 3354 sensum
1512 3302 1653 3365 ignoraret,
1674 3313 1719 3351 seu

100 3395 197 3446 dicendi
212 3395 293 3456 locus,
315 3407 393 3458 quum
409 3394 442 3444 ed
464 3393 528 3443 hanc
540 3392 700 3458 potissimum
720 3405 772 3442 rem
791 3405 887 3442 renero.
933 3394 999 3458 quod
1011 3394 1108 3444 Stoicos
1119 3397 1263 3455 vereretur,
1283 3393 1366 3444 tmen
1380 3405 1429 3444 oro
1446 3394 1567 3456 tripertito
1580 3390 1640 3440 belli
1653 3388 1717 3450 alic,

100 3485 185 3535 Palam
196 3481 534 3548 igitnrembodiesidentilli
547 3480 659 3544 quidem,
683 3481 727 3530 sed
741 3483 824 3531 tamen
844 3483 889 3530 hr-
934 3483 981 3559 hoc
997 3485 1045 3545 est,
1064 3484 1089 3532 ln
1102 3482 1228 3533 l‘latonem
1246 3483 1330 3534 rectit.
1364 3482 1411 3532 sed
1425 3480 1574 3531 enimdeiis
1587 3492 1643 3542 qum
1660 3489 1717 3541 per·

100 3574 192 3624 cecitas
214 3585 281 3622 unus
302 3573 424 3623 zenonem
446 3571 518 3635 petit.
564 3569 677 3620 ilabebat
696 3551 761 3621 enim
787 3570 891 3620 zencmis
934 3585 1019 3636 peram
1032 3571 1236 3623 etinrerecunde
1251 3572 1277 3622 in
1295 3571 1407 3622 Platonis
1421 3571 1514 3620 ratione
1530 3572 1594 3618 zeno
1607 3565 1716 3629 novarit,

98 3676 184 3727 pugna
204 3659 362 3726 magnificum
377 3660 495 3724 quiddam
513 3661 538 3710 et
551 3671 643 3724 gnare,
668 3671 712 3708 nec
729 3657 891 3722 cephisodori
934 3663 986 3711 turn
998 3675 1012 3712 a
1023 3674 1063 3713 mc
1074 3673 1161 3712 rursus
1175 3659 1307 3724 aliqnando
1319 3658 1502 3724 disputabitur,
1518 3669 1595 3722 qnnm
1611 3653 1717 3718 ophilo·

100 3749 208 3802 rhetoris
224 3750 379 3802 contentione
394 3748 567 3814 praestabilius.
602 3748 648 3797 llic
663 3747 816 3811 enimqunm
829 3751 885 3798 Iso·
934 3750 1162 3815 sophiaracarero.
1197 3751 1292 3799 chm
1303 3748 1398 3798 utinam
1417 3758 1546 3808 nunqnam
1568 3745 1665 3792 mnium
1687 3741 1719 3790 ab

101 3843 209 3902 cratem,
230 3841 411 3903 preceptorem
432 3849 515 3899 snum,
530 3835 562 3886 ab
581 3835 713 3886 Aristotele
735 3835 820 3886 reneri
834 3834 890 3885 ani·
934 3853 963 3888 ea
977 3851 1081 3898 racem,
1097 3843 1125 3888 ut
1142 3839 1190 3889 hoc
1203 3836 1341 3902 argumenti
1359 3848 1437 3899 genus
1459 3833 1531 3883 aliter
1548 3845 1576 3881 ac
1594 3832 1650 3893 loco
1666 3829 1717 3878 tra·

100 3923 699 3990 madverteret,inAristoteleedisciplinaquod
713 3923 785 3988 plane
798 3923 890 3988 hospes
936 3927 1052 3977 standum
1068 3926 1208 3991 suscipiam.
1241 3928 1312 3976 Nunc
1324 3925 1353 3973 ut
1363 3921 1460 3972 redeam
1479 3920 1511 3970 ad
1534 3915 1719 3978 Arcesilam,is

100 4030 130 4068 ac
145 4018 292 4082 peregrinus
303 4019 385 4076 esset,
406 4027 572 4079 magnamque
586 4013 718 4064 Platonicae
734 4014 891 4064 lamamesse
935 4019 1056 4066 zenonem
1070 4015 1168 4065 ctartis
1191 4012 1321 4063 contraries
1344 4007 1489 4074 magistrum
1514 4011 1540 4058 ct
1558 4019 1603 4058 sua
1617 4003 1719 4070 dignunr

101 4107 210 4172 rideret,
232 4107 392 4158 Aristotelem
405 4119 462 4156 cnm
476 4105 577 4156 Platone
594 4105 685 4155 sent‘rra
702 4106 782 4165 retus,
798 4104 890 4154 bellum
935 4104 1038 4156 victorin
1049 4117 1126 4168 quum
1134 4101 1239 4162 rideret,
1251 4097 1545 4161 bominisdisputeticnes
1556 4093 1720 4158 convellebat,

100 4196 202 4258 quidem
223 4195 327 4262 gerebat
341 4209 397 4246 cum
413 4194 555 4257 Aristotele,
569 4193 613 4244 sed
634 4193 715 4257 ipsum
734 4196 817 4244 tamen
836 4194 892 4242 Pla·
935 4195 1010 4258 idque
1020 4193 1073 4244 sine
1088 4205 1157 4242 mora
1170 4189 1284 4240 iaciebat.
1319 4188 1453 4238 hccaetere
1467 4183 1566 4248 quidem
1579 4183 1675 4243 omnia,
1688 4181 1720 4232 do

100 4285 181 4336 ionem
202 4283 378 4351 percutiebat,
392 4283 657 4346 reprehensionemque
680 4294 751 4330 suam
776 4280 808 4331 ab
829 4281 890 4332 ideis
935 4284 1095 4348 quibuscum
1110 4295 1140 4332 eo
1153 4277 1324 4338 contendebat,
1343 4289 1389 4326 nec
1407 4274 1512 4326 lortnssa
1530 4273 1641 4338 pmlerre
1658 4285 1718 4336 pos·

99 4375 232 4436 repetitam
245 4373 278 4422 ad
291 4372 340 4422 alia
353 4371 460 4434 denique
482 4370 640 4435 perducebat,
652 4383 708 4432 quae
723 4381 754 4419 no
771 4369 823 4432 ipsa
840 4367 889 4434 qui·
935 4375 983 4424 sim
993 4411 999 4436 ,
1011 4385 1057 4424 nec
1070 4373 1098 4422 ut
1110 4368 1218 4436 possim,
1236 4380 1302 4416 nnnc
1314 4367 1382 4417 certe
1395 4378 1424 4415 ea
1439 4375 1631 4415 commemorare
1645 4374 1717 4428 opor·

100 4461 157 4512 dern
168 4465 254 4524 noret,
272 4459 318 4512 sed
334 4473 391 4523 qnce
405 4460 436 4510 de
455 4458 504 4508 illis
520 4459 707 4517 statuerentur,
722 4471 753 4508 ex
763 4455 846 4507 rsrble
863 4469 892 4506 nc
937 4465 996 4513 test,
1030 4463 1062 4510 At
1075 4459 1203 4510 decretum
1225 4455 1303 4517 illud,
1325 4455 1396 4518 errius
1408 4455 1474 4504 Zeno
1494 4452 1547 4517 ipse
1560 4451 1673 4516 princeps
1694 4453 1720 4500 ct

99 4553 205 4605 'wlbut
228 4551 384 4615 conjiciebat·
418 4553 543 4602 &vitrum
561 4549 654 4600 omissa
668 4561 725 4598 cum
749 4561 778 4598 αθ
795 4560 892 4612 pugna.
937 4555 1023 4604 euctcr
1038 4551 1099 4610 crat,
1113 4547 1228 4613 qnodque
1241 4544 1331 4596 celebri
1345 4543 1504 4594 nominetnm
1518 4539 1619 4590 Athenis
1633 4538 1718 4602 appel-

100 4657 175 4707 quem
192 4643 264 4696 hello
275 4643 421 4706 persecutus
432 4640 496 4700 erat,
514 4638 640 4704 pugnabat
650 4651 708 4688 cum
724 4650 754 4688 οο
769 4636 811 4686 cul
822 4649 894 4686 arma
937 4641 984 4692 lari
1000 4641 1026 4688 et
1041 4637 1130 4704 iactari
1149 4635 1262 4694 ridebat,
1284 4633 1368 4694 illem,
1392 4631 1509 4693 inquam,
1524 4627 1718 4691 imaginationem

100 4731 190 4783 inicere
201 4731 314 4784 nolebat.
349 4732 441 4782 Verum
456 4726 667 4791 zenoetipse,si
681 4725 767 4778 relicto
782 4723 894 4776 Arcesila
937 4726 1160 4793 comprehensionis
1174 4737 1290 4788 rapacem
1305 4719 1425 4773 machinis
1439 4718 1486 4768 sihi
1505 4717 1619 4766 omnibus
1632 4717 1720 4779 peten-

101 4822 243 4872 nePlatoni
255 4819 356 4884 quidem
367 4819 460 4870 bellum
470 4814 605 4876 intulisset,
618 4815 716 4879 egregie
729 4813 842 4878 proiecto
854 4825 895 4862 me
938 4816 994 4866 dnm
1008 4817 1034 4866 et
1052 4814 1237 4866 concutiendam
1258 4810 1362 4876 putarit.
1403 4807 1472 4856 alter
1488 4805 1581 4856 interea
1601 4802 1721 4852 adversus

99 4910 197 4975 jndice,
209 4907 441 4973 certepuclshujue
455 4921 545 4966 causa,
561 4904 748 4970 philosophatus
761 4905 834 4953 esset.
864 4904 893 4951 at
938 4903 1104 4964 infirmiorem,
1118 4902 1188 4966 quasi
1203 4900 1234 4950 ab
1246 4913 1275 4950 eo
1292 4895 1348 4948 ledi
1362 4908 1411 4946 uon
1427 4893 1519 4960 posset,
1539 4890 1598 4942 nihil
1615 4887 1719 4939 coneha-

100 5001 120 5050 si
138 5001 204 5051 torte
223 5013 277 5050 non
290 4997 405 5062 ignorans
417 5009 473 5059 quae
484 4995 587 5046 docebat
601 4993 738 5055 Arcesilas,
752 4995 891 5042 contraac-
939 4997 981 5044 tur
997 4992 1085 5043 :idem
1099 4993 1182 5042 temen
1195 4989 1272 5040 misso
1286 4982 1443 5048 Arcesila,in
1457 4994 1532 5046 quem
1550 4975 1721 5029 multndicerc

100 5091 209 5154 septena
222 5087 326 5138 Platone
343 5083 534 5150 philosophandi
550 5081 654 5132 rationis
668 5080 811 5145 imperitus,
826 5081 895 5130 ntex
941 5081 1044 5144 poteret,
1061 5079 1129 5144 (sire
1146 5077 1269 5126 hominem
1289 5085 1375 5136 urgere
1393 5069 1484 5129 nollet,
1504 5066 1558 5116 sire
1573 5062 1634 5128 qnid
1654 5062 1721 5114 allud

100 5177 132 5227 iis
144 5190 204 5241 quae
219 5174 318 5225 Plntcni
332 5173 433 5242 ascribit
446 5171 590 5232 coniicitur,
610 5169 660 5220 hoc
670 5169 728 5219 belli
746 5182 823 5233 genus
839 5181 893 5217 sns-
940 5167 1112 5232 sequeretur,)
1123 5179 1181 5216 curn
1197 5166 1297 5214 Platone
1308 5161 1370 5224 ipso,
1386 5158 1429 5220 qrri
1442 5157 1525 5206 rivere
1534 5156 1587 5220 jam
1607 5151 1722 5214 desierat,

102 5267 180 5330 cepit,
196 5263 385 5316 senosomntnc
404 5275 480 5324 qnam
498 5263 626 5324 parerat,
649 5259 746 5322 etipse
767 5257 835 5318 lecit,
850 5269 896 5306 nec
940 5258 1057 5317 tanquam
1073 5267 1131 5302 cum
1152 5250 1239 5301 umbra
1253 5245 1386 5311 pugnabat.
1420 5242 1486 5302 Quin
1499 5241 1572 5292 εθειιι
1591 5237 1651 5289 nihil
1672 5249 1720 5287 non
