3976 5948
870 407 1117 474 rasennam.
1263 367 1266 374 ’
1732 433 1767 496 9,

166 543 337 610 zadoram
373 543 435 604 κτλ.
482 541 578 613 Quum
608 543 789 623 Speusippus
815 545 948 605 Platonis
995 545 1078 620 velit,
1095 563 1161 604 eum
1183 559 1293 606 naturae
1316 561 1508 624 congruenter
1531 557 1630 614 vivere
1645 574 1769 636 oportet.

164 634 291 694 scholam
309 631 406 711 primo
422 631 607 710 Olympiadis
624 633 678 692 108
695 653 773 692 anno
788 636 944 711 regendam
980 635 1102 705 'Quodsi
1130 635 1165 693 ud
1189 636 1276 695 talem
1303 639 1392 696 vitam
1416 651 1445 697 et
1467 640 1590 701 virtutes
1617 645 1772 726 adjecerit,

164 723 341 802 susceperit,
357 721 413 781 Dio
433 732 529 780 autem
552 719 709 799 Syracusas
722 737 826 800 quarto
841 723 947 802 Olym·
994 722 1094 782 heatus
1109 721 1182 800 liet.)

164 811 262 889 pindis
290 810 342 868 105
356 828 433 870 anno
452 812 484 867 in
499 809 664 869 libertatem
688 811 904 887 vindicaverit,
920 825 949 871 et
1033 829 1081 872 trs.
1112 810 1294 891 Πιθανώτερον
1314 813 1336 870 δ’
1356 811 1470 873 ἐοίκασιν
1490 817 1514 874 σί
1538 818 1712 901 Πυθαγόρειοι
1726 823 1771 883 λέ.

165 910 273 976 quarto
288 916 365 956 anno
376 909 461 975 post,
477 896 650 977 Olympiade
676 903 731 959 106
745 914 888 976 exeunte,
904 901 949 960 in·
992 921 1046 980 μιν
1058 897 1118 1044 περὶ
1132 902 1227 974 αὐτοῦ,
1239 901 1349 969 τιθέντες
1364 904 1391 960 ἐν
1405 905 1438 980 τῇ
1457 905 1507 961 τῶν
1520 907 1623 985 ἀγαθῶν
1636 914 1773 994 συστοιχίᾳ

166 985 301 1046 terfeetus
313 979 400 1044 fuerit
412 1003 419 1043 :
432 1003 548 1045 necesse
557 999 611 1058 est,
628 986 780 1064 epistolam
792 989 867 1048 banc
877 991 948 1048 vivo
992 985 1022 1046 τὸ
1031 984 1068 1046 έν·
1083 1011 1120 1055 ος
1135 987 1167 1060 δὴ
1183 988 1228 1048 καὶ
1244 989 1414 1058 Σπεύσιππος
1429 993 1639 1068 ἐπακολουθῆσαι
1649 999 1731 1062 δοκεῖ.

166 1073 261 1132 adhuc
286 1073 407 1132 Platone
426 1091 444 1131 a
463 1072 628 1152 Speusippo
648 1073 684 1132 ad
711 1075 835 1135 Dionem
850 1077 946 1136 datam
1035 1076 1222 1154 (Aristoteles
1244 1078 1336 1138 Ethic.
1366 1078 1533 1142 Nicomach.
1558 1083 1612 1145 lib.
1634 1085 1648 1144 l
1673 1107 1734 1168 cap.
1756 1101 1772 1161 t,

167 1161 267 1223 fuisse.
283 1161 425 1221 Ceterum
439 1162 547 1242 scripsi
567 1163 589 1220 τί
602 1159 683 1230 πολὺς
697 1162 758 1245 περὶ
768 1167 847 1224 αὐτοῦ
860 1165 948 1246 λόγος,
994 1184 1025 1243 p.
1045 1167 1129 1242 1096.
1153 1167 1185 1226 B.
1208 1166 1254 1225 ed.
1272 1167 1393 1226 Bekher.
1415 1168 1572 1230 Sumebant
1595 1173 1771 1253 Pythagorei

85 1269 88 1273 ·
164 1270 254 1328 quum
271 1254 301 1309 in
317 1250 496 1312 membranis
511 1264 623 1310 tantum
642 1251 754 1328 legatur
768 1254 791 1311 rt
806 1251 885 1320 πολὺς
903 1257 950 1314 οὐ·
994 1251 1091 1311 decem
1117 1271 1180 1312 esse
1193 1273 1289 1312 rerum
1313 1256 1481 1336 principia,
1509 1260 1616 1336 quibus
1639 1268 1773 1344 opposita

165 1346 209 1398 τοῦ
220 1337 325 1421 λόγος.)
994 1339 1092 1400 decern
1108 1343 1198 1402 altera
1213 1362 1250 1401 ex
1270 1357 1351 1422 parte
1367 1347 1593 1423 responderent,
1611 1351 1651 1410 ita
1671 1365 1704 1410 ut
1717 1355 1774 1414 clu-

207 1447 257 1488 ινι.
274 1419 360 1496 Οὗτος
374 1429 397 1487 δ’
415 1426 470 1488 ἐστὶ
491 1426 624 1501 Πλάτων,
647 1427 675 1486 ὃν
698 1425 871 1496 Σπεύσιππός
884 1451 949 1510 φησι
993 1430 1061 1508 plex
1070 1430 1139 1490 inde
1153 1433 1369 1510 principiorum
1379 1434 1453 1492 ordo
1464 1435 1526 1493 sire
1534 1439 1670 1517 eustorgio
1677 1445 1773 1502 orire-

167 1513 293 1594 ρίδοοοον
321 1514 557 1596 δίτοἏρχοδοίίρ,
584 1513 717 1596 Φιλίππῳ
741 1518 788 1587 τῆς
816 1515 950 1596 βασιλείας
994 1536 1051 1582 tur.
1078 1525 1204 1595 Quade
1225 1545 1256 1584 re
1271 1527 1314 1585 sic
1339 1526 1511 1586 Aristoteles
1537 1530 1662 1608 llctaph.
1679 1533 1705 1606 l,
1731 1537 1773 1594 5:

168 1601 251 1662 αίτιον
269 1603 396 1682 γενέσθαι.
421 1601 520 1683 Γράφει
533 1610 593 1682 γοῦν
610 1602 758 1682 Καρύστιος
777 1604 951 1684 δΠιργιιμη·
995 1608 1077 1692 ἕτεροι
1087 1611 1114 1670 δὲ
1127 1615 1177 1671 τῶν
1196 1615 1282 1672 αὐτῶν
1298 1613 1398 1674 τούτων
1413 1613 1461 1682 τὰς
1477 1614 1562 1695 ἀρχὰς
1578 1617 1640 1676 δέκα
1657 1621 1775 1698 λέγουσιν

168 1689 212 1758 tit
222 1693 249 1750 ίο
260 1699 313 1760 τοῖς
322 1693 461 1768 ίοτορικοῖς
471 1689 658 1770 δοίοροῆροοίί
666 1689 747 1758 otro<
758 1689 949 1759 *Σοοδοιππος
995 1693 1060 1760 εἶναι
1070 1701 1116 1774 τὰς
1127 1698 1196 1760 κατὰ
1209 1701 1365 1782 συστοιχίαν
1378 1702 1536 1783 λεγομένας,
1548 1703 1628 1782 πέρας
1641 1705 1685 1763 καὶ
1699 1707 1777 1768 cinsi-

166 1781 359 1859 materteras<
373 1783 510 1841 Φθίίπποο
534 1783 701 1864 βδοορηροῖί
721 1781 783 1862 πορί
806 1781 951 1850 Πδοίοίοίοί
997 1811 1050 1868 ρον,
1066 1789 1186 1870 περιττὸν
1204 1790 1249 1849 καλ
1264 1790 1369 1871 ἄρτιον,
1392 1789 1478 1850 ἓνκαὶ
1500 1793 1611 1865 πλῆθος,
1629 1792 1712 1862 δεξιὸν
1730 1799 1776 1857 καλ

168 1871 205 1936 sl<
223 1869 364 1942 intersitis
379 1868 478 1952 ἔγραψέ
494 1893 520 1927 τι
535 1875 666 1945 τοιοῦτον,
689 1867 780 1951 ὥσπερ
794 1871 951 1949 ἀγνοοῦντος
996 1877 1149 1958 ἀριστερόν,
1166 1879 1243 1961 ἄρρεν
1258 1880 1304 1939 καί
1319 1883 1399 1954 θῆλυ,
1414 1883 1530 1960 ἠριμοῢν
1545 1882 1589 1938 καὶ
1600 1882 1771 1960 κινούμενον,

166 1957 225 2026 τοδί
253 1959 406 2041 ἀνθρώπους
427 1958 467 2018 δτι
490 1958 535 2018 οίοδ
552 1957 600 2030 fit
630 1958 715 2038 δρχολί
738 1961 785 2032 *ht
815 1960 951 2038 βοοίλοίος
995 1965 1054 2025 stat
1079 1965 1124 2025 uui
1153 1965 1307 2045 καμπύλον,
1331 1971 1385 2050 φῶς
1410 1969 1456 2027 καὶ
1476 1967 1583 2042 σκότος,
1610 1971 1706 2050 ἀγαθὸν
1730 1975 1775 2034 καί

168 2045 304 2114 Φίλιππος
323 2046 366 2108 διδ
386 2047 528 2114 Πλάτωνος
546 2047 635 2128 ίσχεν.
661 2048 791 2127 Εὐφραῖον
810 2045 861 2127 γὰρ
885 2048 951 2108 dati·
996 2053 1094 2134 κακόν,
1107 2054 1267 2134 τετράγωνον
1284 2055 1329 2114 καὶ
1343 2055 1512 2137 ἑτερόμηκες.
1536 2057 1664 2137 Propius
1679 2075 1773 2123 sutem

168 2137 254 2196 οτοίλο
265 2137 310 2196 'tit
325 2135 448 2217 Ὠρείτην
463 2137 527 2217 πρὸς
542 2136 690 2217 Πορδίονίον
703 2135 950 2214 Πδοίτοιν,δςίποι·
996 2146 1031 2202 ad
1055 2163 1157 2203 verum
1180 2145 1427 2222 Pythagoreorum
1451 2147 1619 2224 opinionem
1641 2151 1778 2211 accedere

169 2247 213 2284 σιν
229 2224 391 2306 ἀπομερίσαι
410 2225 471 2286 τινὰ
489 2224 579 2306 χώραν
594 2223 737 2304 Φιλίππῳ.
759 2223 912 2306 Διατρέριον
927 2226 952 2284 δ’
993 2233 1105 2310 judicat
1120 2233 1287 2309 Stagirites,
1304 2233 1383 2310 quod
1396 2235 1521 2313 speciem
1534 2237 1604 2292 boni
1621 2255 1682 2295 non
1695 2258 1778 2318 sepa·

169 2313 280 2372 ίιτοῧδο
294 2313 424 2390 δύναμιν,
438 2315 474 2380 ὣς
489 2314 602 2373 &nitate
619 2311 785 2393 Περδίκκος,
802 2311 829 2381 il
844 2312 950 2391 δτοίμον
996 2335 1087 2379 ratam
1102 2342 1119 2380 a
1140 2321 1250 2378 caeteris
1265 2320 1402 2379 omnibus
1421 2322 1571 2381 elementis
1587 2324 1650 2382 sire
1663 2311 1778 2404 prinoi-

170 2401 305 2480 δννίριωτ
328 2403 510 2482 ὑπαρχούσης,
538 2403 649 2462 tatum
677 2409 729 2470 τοῖς
757 2401 907 2481 πράγμασι.
935 2427 947 2458 ³
997 2413 1054 2490 pits
1076 2431 1138 2470 esse
1164 2410 1330 2484 voluerim,
1346 2410 1396 2468 sed
1410 2431 1475 2468 curn
1490 2412 1551 2469 illis
1565 2412 1773 2491 conjunctam,

170 2491 195 2549 Τ
195 2497 254 2549 οδτο
268 2491 291 2549 δ’
305 2490 378 2573 simp
387 2489 469 2559 οδτοις
485 2489 608 2564 δίηδοίοι
618 2489 688 2570 ίχοον
703 2489 757 2557 tad<
772 2487 803 2548 δν
819 2489 909 2564 strete.
996 2512 1095 2580 utpote
1109 2497 1209 2559 eodem
1222 2500 1252 2557 in
1263 2498 1367 2556 ordine
1376 2499 1510 2560 locatam.
1523 2498 1667 2560 Nimirum
1678 2521 1777 2582 quam-

211 2578 380 2655 ίδῑίοοίίοοιίο
393 2577 447 2640 lib·
464 2577 502 2636 Xl
517 2583 546 2658 ρ·
565 2579 632 2640 506·
650 2580 693 2658 e.)
998 2593 1041 2649 vis
1064 2587 1238 2666 Pythagorei
1261 2599 1290 2646 et
1311 2586 1369 2664 ipsi
1389 2587 1530 2646 unitatem
1548 2607 1602 2651 sno
1621 2587 1700 2649 bono
1724 2596 1778 2653 tri-

209 2685 259 2726 ¹⁹³·
280 2666 450 2734 Σπίίοσίππθί
464 2664 515 2744 iii
528 2667 554 2723 δ”
568 2667 606 2742 τῷ
624 2665 688 2746 Pii<
703 2667 864 2746 Κδῑθίῶίία
876 2667 950 2746 πρῶ·
997 2678 1122 2739 haereat
1137 2699 1145 2737 ι
1162 2695 1252 2736 unum
1264 2677 1342 2735 enim
1357 2689 1401 2734 est
1418 2675 1451 2734 in
1465 2677 1565 2735 eodem
1580 2678 1704 2753 ordine,
1720 2700 1777 2759 quo

168 2753 346 2834 τοροδδροίο
366 2753 628 2836 spiramentum
653 2753 696 2812 διδ
722 2752 815 2815 τοδοου
832 2756 949 2836 γρδροο·
996 2770 1122 2838 bonum;
1148 2779 1243 2822 tamen
1261 2763 1332 2822 boni
1349 2763 1496 2822 notionem
1520 2783 1579 2822 non
1602 2763 1778 2827 lrabebanta

168 2843 191 2899 οί
204 2841 285 2923 tiri
301 2842 421 2922 βοοίδοίο
441 2844 599 2917 οποοδοῖοο,
613 2839 671 2901 δτι
686 2841 764 2924 οορδς
781 2842 857 2920 tuito<
873 2847 952 2923 βοοι·
997 2856 1120 2934 reliquis
1139 2853 1228 2911 bonis
1252 2865 1407 2924 secretam,
1429 2869 1519 2930 quum
1535 2856 1631 2910 omnia
1649 2851 1777 2930 cjnsrlem

167 2928 227 2998 λιδς
238 2930 283 2990 καί
295 2932 393 3012 ἅρχων·
407 2935 422 2991 ὁ
435 2931 534 3010 νόμοι,
550 2931 625 3011 λόγος
645 2927 680 2990 ὢν
697 2930 784 3012 δρίίτ,
802 2934 950 3000 σπουδαῖοι·
996 2942 1109 3001 ordinis
1126 2941 1272 3020 principia
1286 2941 1322 2999 ad
1336 2940 1445 3002 bonum
1466 2930 1655 3018 pertinerent.
1680 2939 1778 3012 Quid?
1857 2981 1862 2990 ·

167 3017 243 3078 δοιοί
258 3025 337 3083 ίοιιο.
997 3031 1076 3108 quod
1104 3031 1225 3088 omnino
1256 3029 1404 3109 principia
1431 3029 1608 3106 Pythagorei
1638 3049 1718 3104 non,
1749 3048 1780 3092 ut

208 3107 359 3184 (Clemens
382 3109 597 3169 Alexandrinus
617 3111 723 3168 Strom.
750 3109 805 3170 lib.
829 3109 857 3168 ll
883 3131 949 3189 pag.
997 3116 1096 3190 Plato,
1116 3118 1178 3176 sola
1192 3128 1288 3176 mente
1300 3115 1435 3192 intelligi,
1452 3115 1503 3174 sed
1516 3115 1649 3176 sensibus
1664 3119 1776 3198 percipi

169 3199 224 3270 367
241 3217 268 3259 a.
287 3197 510 3277 ed.Sylburg.)
647 3202 656 3250 ·'
997 3223 1082 3283 posse
1111 3217 1296 3265 censuerunt.
1325 3203 1392 3263 Vid.
1422 3203 1550 3282 Metaph.
1576 3203 1602 3276 I,
1627 3203 1655 3264 6.
1680 3204 1778 3265 Placet

207 3306 257 3348 ιοι.
278 3286 448 3354 Σπεύσιππός
460 3308 505 3363 τί,
528 3289 541 3344 ί
561 3285 701 3353 Πλάτωνος
718 3287 886 3366 ἀδελφιδοῦς,
902 3286 950 3359 τὴν
998 3293 1087 3370 igitur
1102 3292 1312 3371 Pythagoreis,
1327 3291 1436 3351 bonum
1454 3311 1513 3350 non
1530 3309 1594 3350 esse
1609 3311 1672 3350 rem
1687 3294 1776 3352 solam

128 3379 131 3387 '
165 3377 331 3453 εὐδαιμονίαν
347 3375 426 3458 ρησίν
441 3373 491 3446 ἕξιν
507 3365 575 3433 εἶναι
598 3374 698 3434 τελείαν
712 3375 739 3432 ἐν
754 3377 806 3441 τοῖς
822 3373 949 3456 κατὰφύ·
995 3399 1112 3460 perse,
1137 3381 1188 3440 sed
1222 3399 1318 3439 rerum
1345 3380 1559 3439 multitudinem
1584 3381 1646 3454 ejus
1669 3382 1779 3440 unitate

166 3485 207 3522 σιν
219 3462 337 3542 ἔχουσιν,
350 3463 367 3535 ἢ
382 3461 434 3532 tto
446 3465 559 3541 ἀγαθῶν·
575 3453 606 3534 i<
621 3459 850 3533 theorasticae<
863 3460 949 3520 ἅπαν·
996 3461 1149 3527 contineri.
1159 3466 1304 3537 Quocirca
1312 3467 1561 3545 Pythagoreorum
1573 3466 1679 3542 dogma
1689 3465 1780 3545 Speu-

165 3573 213 3620 τος
229 3550 276 3628 μίν
293 3551 442 3631 δνδρίιπονι
452 3551 535 3630 δριξιν
550 3550 638 3630 ἔχειν,
655 3548 829 3630 στοχάζεσθαι
850 3550 877 3609 δὲ
890 3549 949 3618 τοδί
996 3555 1082 3634 sippo
1096 3555 1249 3634 probatum
1263 3556 1395 3614 Platonis
1410 3559 1525 3614 decreto
1542 3556 1691 3632 anteponit
1709 3557 1778 3613 hri-

165 3640 281 3720 ἀγαθοὺς
298 3645 343 3713 τῆς
355 3642 510 3720 σἰοχλησίας.
527 3631 588 3700 Εἶεν
601 3641 625 3699 δ’
641 3639 672 3698 ἂν
688 3642 715 3698 αἱ
734 3639 827 3720 ἀρεταὶ
839 3645 886 3714 τῆς
904 3645 947 3700 oi·
997 3644 1122 3718 stoteles,
1131 3644 1200 3722 quia
1214 3644 1312 3703 omnia
1321 3643 1400 3702 bona
1413 3644 1449 3701 ad
1459 3663 1550 3701 unum
1562 3642 1685 3713 bonum,
1698 3643 1776 3718 quod

165 3729 301 3807 δαιμονίας
315 3728 518 3810 ἀπεργαστικαί.
994 3745 1038 3791 est
1060 3732 1091 3790 in
1106 3734 1192 3791 rebus
1205 3732 1340 3790 humanis
1362 3731 1543 3802 referebant,
1560 3749 1618 3787 non
1634 3729 1670 3786 ad
1688 3747 1774 3788 unam

205 3818 357 3892 (Clemens
383 3818 598 3877 Alexandrinus
623 3817 730 3876 Strom.
759 3818 811 3878 lib.
836 3817 862 3875 ll
881 3838 947 3897 pag.
994 3817 1076 3877 illam
1092 3817 1165 3877 boni
1180 3819 1324 3895 speciem,
1350 3837 1414 3894 quae
1438 3816 1474 3874 ab
1497 3816 1577 3874 omni
1593 3815 1777 3874 concretione

167 3907 234 3974 tad.
252 3906 282 3966 d.
299 3907 448 3966 Sententia
467 3905 530 3965 haec
551 3919 602 3965 est.
623 3905 654 3964 si
673 3906 740 3981 quis
763 3905 866 3964 beatus
885 3924 948 3966 esse
997 3906 1113 3965 mortali
1128 3920 1276 3983 segregata
1289 3907 1363 3981 est.)

197 4197 249 4243 tas.
270 4191 317 4242 llic
333 4192 374 4243 ltle
393 4195 431 4244 est
444 4191 528 4255 Plato,
550 4205 622 4256 quem
643 4191 756 4242 Archelai
773 4191 949 4243 amicissimum
995 4189 1092 4240 videtur
1108 4189 1189 4240 dicere
1212 4189 1301 4240 similia
1317 4185 1428 4250 Platani,
1451 4187 1487 4238 sic
1511 4186 1620 4238 scribens
1641 4203 1648 4234 a
1673 4185 1695 4237 si
1709 4185 1774 4237 enim

165 4283 243 4334 tuisse
254 4283 338 4333 narrat
350 4283 515 4348 Speusippus,
528 4283 603 4347 atque
622 4281 715 4333 idcirco
728 4269 839 4346 Philippo
851 4294 949 4332 causam
995 4292 1096 4343 regnum
1110 4291 1150 4329 res
1164 4279 1228 4329 bona
1239 4283 1285 4339 est,
1297 4281 1322 4328 et
1332 4277 1429 4342 sapiens
1442 4276 1509 4328 solus
1518 4278 1556 4327 est
1564 4289 1607 4326 rex
1618 4277 1644 4326 ot
1652 4275 1776 4340 princeps.

164 4372 233 4436 regni
253 4370 391 4436 occupandi
413 4371 535 4422 attulisse.
569 4369 610 4420 Sic
629 4369 704 4435 igitur
715 4369 843 4433 carystius
857 4371 949 4434 Perga·
994 4367 1035 4419 lex
1048 4381 1125 4431 quum
1137 4369 1168 4418 sit
1181 4371 1249 4419 recta
1262 4368 1339 4430 ratio,
1355 4367 1420 4418 hona
1433 4365 1517 4418 luent.
1550 4369 1613 4425 Qus
1625 4365 1725 4428 quidem
1743 4364 1778 4415 ita

163 4468 251 4508 menos
263 4456 289 4506 in
308 4457 490 4508 commentariis
506 4457 630 4508 historicis
641 4458 728 4508 scribit
742 4478 748 4508 :
763 4471 861 4522 «mrum
875 4460 950 4524 Speu·
995 4469 1022 4508 se
1036 4456 1135 4508 hahent.

163 4545 250 4610 cippus
259 4545 402 4610 Philippum
411 4545 508 4596 Platoni
514 4547 655 4598 obtrectare
665 4547 810 4611 audivisset,
820 4547 870 4599 tale
878 4548 947 4612 quid,
1029 4549 1080 4596 tsi.
1096 4545 1127 4596 st
1138 4547 1302 4612 speusippus,
1316 4544 1422 4598 Plutonis
1434 4557 1465 4594 ex
1475 4555 1559 4593 sorore
1574 4554 1665 4605 nepos,
1676 4539 1711 4590 ait
1720 4537 1779 4590 bes·

164 4633 237 4698 quast
250 4633 421 4698 ignorantibus
433 4635 572 4687 hominihus
590 4635 733 4701 Philippum
750 4636 861 4688 Platonis
879 4636 950 4688 hene·
995 4633 1125 4685 titudinem
1140 4648 1195 4686 esse
1206 4636 1302 4700 plenam
1323 4647 1410 4685 sorum
1424 4644 1483 4696 que
1499 4632 1596 4680 nature
1615 4631 1778 4678 consentanea

165 4721 221 4771 ticio
238 4721 270 4772 sd
289 4735 392 4787 regnum
408 4723 565 4788 pervenisse,
586 4724 612 4776 iu
630 4724 735 4790 epistola
756 4725 862 4791 scripsit.
880 4724 951 4776 Plato
995 4723 1241 4787 suntcouritionem,
1257 4725 1301 4774 aut
1315 4720 1428 4772 habitum
1450 4719 1585 4778 bonorum,
1598 4727 1672 4778 quem
1685 4713 1778 4763 statum

167 4809 232 4860 enim
248 4810 400 4874 itnphruum
418 4811 547 4863 oritanum
566 4812 598 4864 sd
613 4813 757 4864 Perdiccam
773 4813 854 4876 misit,
869 4814 913 4878 qut
927 4815 950 4864 oi
995 4825 1081 4864 omnes
1096 4813 1195 4876 quidem
1210 4811 1321 4863 homhaes
1341 4811 1470 4875 appetere,
1485 4805 1586 4858 tendere
1599 4803 1682 4852 sutem
1701 4798 1779 4850 honos

165 4896 296 4961 pcmuasit,
317 4901 346 4950 nt
369 4899 495 4964 regionem
517 4899 641 4963 quandam
666 4899 780 4966 Phutppo
804 4899 948 4965 assignaret.
996 4897 1028 4948 ad
1039 4898 1159 4949 molestie
1172 4899 1329 4950 vacuitatem.
1362 4896 1474 4946 Virtutes
1486 4897 1545 4942 'vero
1560 4887 1701 4940 felicitatem
1715 4887 1779 4937 ette-

165 4984 215 5042 Qui
224 4998 299 5050 quun
313 4986 347 5038 ihi
358 4987 497 5040 nucitum
510 4987 625 5053 aluisset,
638 4991 695 5054 post
711 4988 838 5040 Perdiccas
852 4986 948 5039 obitum
996 4988 1082 5039 cenat.

163 5073 241 5139 copiis
253 5075 344 5139 peratis
355 5089 438 5127 rernm
449 5077 542 5142 potitus
561 5079 608 5130 est.
621 5096 633 5122 ι
661 5077 735 5136 Quod
750 5091 826 5141 quam
838 5087 896 5129 rere
909 5077 947 5128 di·
1028 5079 1082 5127 ttts.
1106 5073 1260 5126 Probabilius
1279 5075 1362 5124 autem
1379 5072 1410 5122 do
1429 5083 1458 5121 eo
1476 5065 1623 5132 Pythagorei
1636 5065 1717 5118 dicere
1737 5065 1775 5115 ri·

163 5164 231 5213 ίίοῐο
243 5163 285 5226 Sil,
296 5163 358 5214 δοοο
372 5165 477 5218 mittit·
995 5163 1093 5228 dentur,
1103 5177 1181 5228 quum
1195 5176 1271 5214 unum
1280 5161 1431 5212 inhonorum
1443 5171 1545 5208 numero
1560 5159 1694 5224 reponant3
1710 5167 1775 5222 qaus
1824 5207 1827 5214 ,

199 5251 250 5299 19³.
267 5249 417 5316 Speusippus
428 5251 493 5302 enim
505 5253 529 5302 in
544 5251 624 5316 primo
636 5251 756 5304 adversus
773 5252 949 5316 cleophontem
995 5237 1021 5302 et
1030 5252 1180 5316 Speusippus
1190 5251 1287 5300 ridetur
1299 5261 1353 5301 esss
1364 5251 1470 5300 secutus.
