3958 5942
788 419 1039 484 FRAGMENTA.
1650 433 1709 494 233

112 549 154 612 εἰν
168 549 214 611 καί
229 552 264 618 εἰς
277 549 306 607 τὸ
322 547 434 627 πλάγιον
448 546 490 629 ὑφ’
506 545 611 628 έτέρου,
628 543 701 605 κάτω
720 543 747 604 δέ
759 543 802 626 ὑφ’
820 547 885 604 έαυ-
933 545 985 626 γάρ
997 543 1123 618 κινήσεως
1135 554 1206 605 δοκεῖ
1221 538 1287 606 εἰναι
1301 551 1347 608 καί
1360 553 1378 622 ή
1393 547 1443 622 ύλη
1467 552 1513 610 καί
1532 552 1562 612 τδ
1575 547 1606 613 οῦ
1618 555 1709 614 ένεκα·

110 645 167 700 τοῦ·
181 641 212 700 τὸ
234 639 262 698 δέ
277 643 331 719 πῦρ
352 637 425 696 κάτω
449 635 496 714 μέν
520 636 562 718 ὑφ’
579 636 684 716 ἑτέρου,
708 635 763 694 ιίνω
782 634 810 692 δέ
829 635 889 691 καθ’
934 639 971 715 τῷ
991 635 1042 716 γάρ
1065 633 1150 696 ἵεσθαι
1167 636 1243 696 κάτω
1260 637 1305 696 τδν
1320 636 1444 714 μόλιθδον
1468 639 1516 711 τήν
1538 643 1712 720 ὑποκειμένην

114 734 199 803 σαυτό,
218 727 263 788 καί
276 728 308 787 τὸ
323 724 372 804 μὲν
389 726 463 796 ξύλον
477 730 537 786 καθ’
558 726 623 786 αὑτὸ
638 734 749 786 κινεῖται
763 724 853 798 κάτω,
870 726 886 793 ἡ
933 724 998 798 ὕλην
1012 725 1173 803 αἰτιώμεθα·
1187 724 1228 785 ὅτι
1242 725 1293 805 γάρ
1308 728 1338 785 ἰκ
1351 727 1474 800 τοιαύτης
1486 728 1556 805 ἐστί,
1572 729 1645 789 κάτω
1666 731 1713 810 φέ-

108 816 134 874 δὲ
158 816 235 888 κλίνη
252 807 271 894 ᾗ
286 813 395 888 ξυλίνη,
413 805 496 896 ούχή
516 815 607 886 κλίνη·
629 819 737 896 πτερίνη
752 813 803 894 γάρ
818 836 887 892 γινο-
934 837 1018 894 ρεται.
1041 812 1121 894 Ἔχει
1142 815 1174 887 δή
1199 815 1328 888 κινήσεως
1343 815 1429 896 ἀρχὴν
1447 819 1473 876 ἐν
1491 821 1576 899 έαυτῷ
1592 820 1637 878 καί
1653 823 1712 878 καθ’

111 905 173 978 οίνη
190 907 238 966 ούκ
257 905 408 978 οἰσθήσεται
429 905 513 966 κάτω.
531 931 543 957 ν
565 907 600 965 Εἰ
615 903 647 976 δὴ
662 903 696 963 τθι
713 903 760 982 μέν
775 900 889 983 τεχνητὰ
933 901 1041 980 ἑαυτόν,
1056 894 1135 983 ήγδρ
1150 903 1272 978 μόλιῦδός
1285 907 1350 966 ἔστι.
1364 905 1404 964 Τὸ
1420 905 1446 964 δὲ
1461 897 1527 976 εἰδος
1542 906 1611 986 ἀρχή
1628 907 1659 966 θν
1672 908 1713 981 εἰη

108 997 136 1054 οὐ
150 999 260 1054 κινεῖται
272 996 331 1055 καθ’
347 992 429 1067 αὑτά,
440 995 498 1054 ἀλλ’
511 987 529 1074 ή
543 996 574 1054 ἐκ
587 993 711 1054 τοιούτων
726 991 798 1066 έστί,
812 991 846 1052 τά
859 988 887 1048 δὲ
933 988 1025 1058 καλῶς
1041 992 1129 1060 τέλος·
1142 994 1178 1060 εἰς
1192 998 1270 1052 τοῦτο
1281 992 1332 1073 γάρ
1349 994 1484 1074 βλέπουσα
1500 998 1516 1066 ἡ
1532 976 1607 1076 φύσίς
1626 996 1715 1057 πάντα

109 1085 223 1166 φυσικά,
239 1089 325 1144 ταῦτα
345 1081 373 1142 δέ
393 1082 439 1148 τὰς
456 1083 503 1159 μὲν
527 1085 572 1165 ὕφ’
588 1081 677 1163 ἰτέρου
691 1087 743 1142 τῶν
762 1080 888 1152 κινήσεων
933 1080 1148 1160 πραγματεύεται
1162 1081 1196 1140 τδι
1211 1083 1238 1140 ἰν
1251 1085 1306 1150 τοῖς
1319 1086 1466 1162 φυσικοῖς.)

108 1175 231 1248 κινεῖται,
246 1171 292 1240 τάς
311 1170 339 1230 δέ
360 1172 420 1230 καθ’
433 1169 529 1240 έαυτά,
546 1171 592 1230 καί
606 1170 653 1238 τὰς
674 1167 720 1248 μέν
742 1171 785 1250 ὑφ’
801 1169 888 1248 ἐτέρου
973 1189 1012 1230 ου.
1034 1168 1155 1231 Ἀπαντα
1168 1171 1196 1231 δὲ
1210 1171 1244 1233 τά
1257 1178 1301 1232 νῦν
1317 1172 1443 1252 εἰρημένα
1459 1171 1531 1234 αἰτια
1543 1176 1578 1241 εἰς
1587 1175 1717 1257 τέτταρας

107 1260 179 1341 παρδι
203 1259 279 1342 φύσιν
299 1258 385 1342 φαμέν
407 1259 493 1325 αὐτοῖς
513 1246 597 1334 εἰναι,
615 1258 661 1324 τὰς
683 1257 710 1317 δέ
737 1260 780 1338 ὑφ’
803 1259 888 1316 αἰετῶν
933 1258 1025 1318 πίπτει
1037 1244 1148 1341 τρόπους
1160 1260 1218 1328 τοθς
1230 1262 1438 1342 φανερωτάτους.
1452 1261 1495 1323 Ti
1518 1261 1564 1339 μίν
1577 1263 1628 1346 γθρ
1642 1289 1715 1326 στος.

110 1350 176 1410 κατά
187 1349 282 1432 φύσιν,
296 1349 327 1408 τὸ
339 1349 370 1422 δὴ
384 1355 513 1408 κινεῖσθαι
523 1347 592 1408 κατὰ
605 1347 681 1430 φύσιν
693 1348 781 1414 αύτοῖς
792 1345 823 1406 θν
838 1345 888 1418 εἰη,
933 1355 994 1428 χεῖα
1007 1353 1061 1408 τῶν
1077 1349 1215 1408 συλλαθῶν
1230 1349 1275 1408 καί
1291 1354 1308 1421 ἡ
1325 1348 1375 1422 ύλη
1393 1353 1445 1408 τῶν
1458 1355 1611 1412 σκευαστῶν
1626 1355 1672 1413 καί
1687 1355 1717 1414 τὸ

108 1437 146 1515 μὴ
163 1439 212 1496 οἰνκ
231 1435 324 1506 ἔξωθεν
345 1441 390 1496 τοῦ
406 1436 492 1496 αἰτίου
506 1434 579 1504 όντος
593 1437 651 1495 ἀλλ’
667 1437 693 1494 έν
708 1437 804 1504 αὐτοῖς.
821 1425 889 1514 Ἆρα
933 1441 986 1518 πῦρ
1003 1435 1048 1496 καί
1069 1437 1103 1498 vi
1123 1443 1233 1498 τοιαῦτα
1248 1441 1300 1497 τῶν
1315 1438 1446 1516 σωμάτων
1469 1440 1515 1499 καί
1533 1441 1567 1500 τίι
1589 1442 1656 1522 μέρη
1671 1447 1717 1501 τοῦ

106 1515 151 1585 σύν
165 1525 214 1596 τήν
228 1524 351 1598 τοιαύτην
366 1525 452 1607 ἀρχὴν
467 1529 512 1597 τῆς
527 1523 654 1596 κινήσεως
666 1523 762 1606 φατέον
775 1521 822 1594 τήν
839 1521 889 1602 φύ-
934 1526 994 1586 δλου
1007 1526 1053 1586 καί
1068 1529 1097 1586 αἰ
1111 1526 1245 1595 ύποθέσεις
1255 1531 1301 1585 τοῦ
1314 1528 1540 1609 συμπεράσματος
1554 1533 1590 1597 ῶς
1601 1529 1631 1588 τὸ
1646 1529 1673 1598 ii
1687 1521 1716 1589 οῦ

107 1639 148 1674 σιν
173 1603 264 1686 εἰναι,Ι
277 1612 367 1684 ἐπειδὴ
387 1623 453 1673 πᾶσι
473 1621 527 1682 τοῖς
548 1613 618 1674 κατδι
633 1613 710 1694 φύσιν
732 1611 888 1692 ὑπάρχουσα
934 1616 1006 1676 αἰτιά
1031 1619 1118 1677 ἰστιν·
1136 1615 1234 1675 τούτων
1256 1617 1283 1675 δὲ
1305 1617 1338 1676 τίι
1359 1617 1407 1694 μέν
1428 1621 1463 1684 ὡς
1481 1617 1511 1675 τὸ
1527 1616 1716 1694 ὑποκείμενον,

105 1702 248 1783 τυγχάνεις
263 1705 286 1761 εί
300 1701 327 1762 δὲ
342 1701 435 1775 οὕτως,
448 1707 466 1775 ἠ
481 1702 557 1785 φύσις
568 1703 668 1782 γίνεται
681 1700 751 1783 ἀρχὴ
764 1699 889 1772 κινήσεως
934 1697 986 1764 οἷον
999 1705 1032 1763 τά
1046 1704 1129 1786 μέρη,
1146 1703 1180 1764 τδι
1196 1705 1222 1764 δὲ
1239 1709 1274 1772 ῶς
1288 1707 1318 1764 τὸ
1332 1705 1358 1764 τί
1371 1697 1403 1778 ήν
1416 1696 1496 1783 εἰναι,
1508 1705 1539 1766 τό
1551 1730 1580 1765 τε
1599 1705 1717 1767 ὅλουκαὶ

105 1795 132 1852 ἰν
148 1792 237 1858 αὐτοῖς
251 1792 295 1851 καί
307 1791 366 1851 καθ’
383 1791 475 1870 αὑτά.)
933 1801 950 1868 ἡ
966 1794 1084 1862 σύνθεσις
1100 1793 1145 1853 καί
1158 1794 1189 1853 τὸ
1211 1785 1286 1862 τίδος.
1303 1796 1328 1854 Τ
1329 1793 1343 1852 δ
1358 1792 1386 1852 δέ
1408 1795 1516 1874 σπέρμα
1531 1795 1576 1853 καί
1599 1800 1612 1854 ό
1630 1796 1718 1875 ἰατρὸς

147 1903 182 1944 Ιι.
207 1881 285 1943 Ἐπεί
302 1881 329 1941 δί
344 1879 496 1962 διώρισται,
511 1885 637 1960 mxii<
651 1886 668 1952 ἦ
684 1880 760 1961 φῦοις
774 1878 888 1959 λέγεται,
933 1885 979 1946 καί
996 1889 1011 1944 ὁ
1028 1883 1171 1966 βουλεύσας
1194 1885 1239 1943 καί
1254 1885 1321 1951 ὅλως
1336 1883 1366 1943 τδ
1387 1890 1494 1958 ποιοῦν,
1517 1884 1604 1944 πάντα
1629 1885 1685 1945 ὅθεν
1700 1893 1717 1960 ἠ

105 1971 176 2048 μετά
192 1975 271 2030 τοῦτο
289 1971 450 2050 θεωρητέον,
467 1967 518 2028 τίνι
543 1968 659 2050 διαφέρει
676 1971 690 2026 ὁ
707 1963 890 2046 μαθηματικὸς
934 1973 1004 2055 ἀρχὴ
1018 1977 1066 2046 τῆς
1081 1971 1232 2052 μεςαὸολῆς
1245 1972 1264 2044 ἢ
1276 1972 1393 2040 στάσεως
1404 1972 1422 2044 ἰ,
1434 1973 1572 2046 κινήσεως.
1587 1973 1629 2033 Ti
1642 1973 1670 2032 δέ
1683 1979 1718 2044 ῶς

103 2066 151 2120 τοῦ
165 2063 286 2142 φυσικοῦ.
934 2063 963 2122 τδ
983 2063 1056 2130 τέλος
1079 2061 1125 2120 καί
1138 2061 1252 2138 τάγαθὸν
1276 2064 1328 2120 τῶν
1347 2061 1450 2120 άλλων·
1466 2061 1496 2120 τδ
1518 2061 1569 2141 γθρ
1586 2053 1616 2120 ού
1641 2063 1718 2122 ἕνεκα

146 2153 334 2230 (Aristoteles
351 2149 440 2227 Phys,
453 2147 506 2209 lib.
524 2147 552 2206 il
569 2167 634 2226 cap.
656 2166 673 2203 ο
692 2164 757 2224 pag·
779 2145 845 2221 193·
859 2143 888 2200 b·
936 2150 1070 2230 βέλτιστον
1082 2147 1128 2209 καί
1140 2151 1213 2217 τέλος
1226 2152 1278 2208 τῶν
1289 2148 1375 2208 άλλων
1386 2148 1468 2208 ἐθέλει
1477 2139 1560 2208 εἰναι·
1574 2150 1718 2230 διαφερέτω

107 2255 150 2298 22'
164 2241 211 2302 ed.
229 2240 349 2298 Βαλίον·-
370 2237 543 2316 Simplicius
563 2236 614 2298 fol.
630 2235 678 2292 63·
690 2235 828 2312 away-iic
843 2229 887 2291 δί-
935 2239 962 2299 ii
978 2239 1059 2315 μηδὲν
1075 2239 1156 2298 εἰπεῖν
1172 2237 1234 2296 αὐτὸ
1249 2237 1374 2314 οῖγαθθνῆ
1389 2235 1545 2317 φαινόμενον
1558 2240 1664 2313 ἀγαθόν.
1676 2239 1719 2298 Tit

102 2332 213 2406 γοτσιῆ
228 2328 321 2406 φύσις,
336 2326 394 2386 καθ’
408 2325 454 2385 ἕνα
468 2325 515 2402 μέν
527 2323 622 2406 τρόπον
633 2328 650 2396 ἡ
663 2324 689 2381 έν
706 2323 810 2402 ἑκάστῳ
821 2319 888 2391 ῦλη·
936 2327 983 2406 μὲν
1000 2316 1042 2384 σύν
1059 2324 1131 2383 αἰτια
1147 2329 1232 2382 ταῦτα
1247 2323 1292 2383 καί
1307 2324 1423 2384 τοσαῦτά
1438 2325 1494 2383 ε’στι
1512 2327 1550 2404 τῷ
1565 2323 1637 2385 εῖδει.

101 2416 176 2476 κατὰ
191 2417 261 2476 δεύτε
281 2438 309 2474 ον
325 2413 352 2474 δὲ
368 2413 561 2491 σημαινόμενον
577 2411 654 2494 φύσις
670 2409 776 2488 λέγεται
787 2407 816 2467 τὸ
829 2408 890 2488 περὶ
977 2413 1170 2490 (Aristoteles
1184 2413 1274 2490 Phys.
1288 2411 1342 2472 lib.
1360 2411 1388 2470 ΙΙ
1402 2432 1467 2491 cap,
1484 2414 1499 2470 3
1519 2431 1585 2490 pag.
1609 2413 1676 2490 195,
1693 2435 1717 2472 η,

99 2505 154 2578 τὴν
176 2504 240 2578 ὕλην
255 2438 335 2571 εἰδικ-
351 2503 420 2561 νατθ
445 2501 474 2562 δὲ
495 2500 582 2580 τρίτον
603 2497 796 2576 σημαινόμενον
815 2496 889 2577 φύσα
939 2505 973 2562 15
991 2503 1036 2562 ed.
1059 2501 1179 2560 Βελίαν.
1206 2501 1372 2579 Simplicius
1388 2501 1439 2562 fol.
1466 2521 1502 2574 7²
1521 2498 1652 2559 τοσούτων
1674 2491 1718 2559 οῦν

103 2593 217 2673 λέγεται
230 2594 261 2654 τὸ
281 2597 312 2654 ἐκ
326 2596 372 2665 τῆς
391 2591 456 2663 ἰίλης
478 2588 523 2649 mi
537 2594 582 2649 τοῦ
602 2587 685 2654 εἴδους
706 2586 889 2664 συγκείμενον·
935 2590 1016 2652 όντων
1039 2592 1092 2649 τῶν
1109 2589 1200 2648 αἰτέων
1224 2586 1295 2666 λέγει
1309 2591 1324 2647 θ
1338 2587 1475 2666 Εὔδημος,
1492 2587 1532 2646 δτι
1547 2587 1576 2646 τίν
1591 2586 1639 2665 μέν
1654 2592 1718 2648 θπο-

101 2683 179 2743 κατὰ
200 2682 325 2762 τέταρτον
341 2681 367 2740 δέ
383 2678 575 2757 σημαινόμενον
590 2677 695 2755 λέγεται
715 2674 790 2757 φύσις
804 2679 821 2746 ιλ
837 2663 890 2733 οἷον
936 2680 1056 2757 κείμενον
1071 2679 1116 2738 καί
1134 2679 1163 2737 τδ
1184 2683 1271 2738 κινοῦν
1288 2675 1400 2757 πρώτοις
1415 2679 1511 2745 πάντες
1526 2681 1655 2757 ᾐτιῶντο,
1671 2676 1718 2748 τήν

100 2772 213 2854 ἔκφυσις
230 2771 274 2829 καὶ
289 2769 388 2848 γένεσις
402 2768 447 2827 καὶ
462 2769 563 2840 κίνησις
577 2770 637 2826 καθ’
650 2766 681 2840 ἣν
694 2763 745 2822 ὑπὸ
756 2766 802 2822 τοῦ
814 2761 891 2842 φίνν·
936 2767 964 2828 δί
987 2768 1091 2849 μορφὴν
1106 2767 1215 2842 πολλοί,
1230 2767 1297 2826 τὸδ’
1313 2757 1342 2825 οῖ
1357 2765 1433 2825 ἕνεκα
1458 2766 1590 2834 ἐλάττονες
1610 2765 1655 2825 καί
1675 2767 1718 2825 ἐπὶ

98 2882 149 2928 τος
171 2859 265 2940 φύεται
284 2859 314 2919 τό
328 2857 469 2939 φυόμενον·
485 2855 557 2916 κατδι
577 2855 698 2934 πέμπτον
713 2851 740 2912 δέ
761 2850 890 2927 σημαινό·
938 2857 1042 2938 μικρόν.
1055 2855 1137 2933 Ἡμῖν
1153 2855 1180 2914 δὲ
1194 2859 1246 2914 τῶν
1260 2853 1390 2913 πλείστων
1403 2860 1478 2915 τοῦτο
1488 2853 1608 2935 φαίνεται
1620 2853 1719 2914 αἴτιον·

101 2972 185 3026 μενον
200 2947 230 3008 ti
244 2947 404 3029 κυριώτατον
429 2947 506 3028 φύσις
522 2943 577 3004 έστί
591 2943 621 3004 τθ
636 2948 682 3003 τοῦ
698 2947 825 3001 κινεῖσθαι
839 2947 891 3006 τοίς
936 2945 1056 3028 φαίνεται
1074 2945 1125 3025 γὰρ
1146 2944 1280 3024 πολύχουν
1303 2935 1384 3003 εἶναι·
1407 2943 1452 3002 χαί,
1468 2944 1520 3022 γὰρ
1542 2943 1569 3000 αἰ
1592 2942 1720 3021 ἡμέτεραι

101 3047 228 3121 φυσικοῖς
244 3038 340 3097 αἴτιον·
359 3038 464 3096 πολλῶν
484 3033 512 3095 δί
525 3032 606 3093 ὄντων
621 3036 674 3090 τῶν
690 3027 891 3107 φιλίιιιιιφμὲιωι
937 3033 1044 3114 πράξεις
1069 3032 1162 3112 σχεδὸν
1185 3031 1288 3090 ἅπασαι
1301 3033 1370 3098 τινὸς
1385 3030 1462 3091 ἕνεκα
1477 3033 1591 3110 γίνονται
1610 3032 1656 3090 καί
1675 3037 1720 3090 τοῦ

99 3135 154 3201 τῆς
169 3128 268 3209 φύσεως
282 3127 312 3186 τδ
326 3124 374 3202 μέν
395 3123 479 3202 ὄνομα
492 3122 648 3204 κυριώτερον
663 3125 698 3203 τῇ
711 3118 833 3202 φύσειτῇ
858 3119 892 3182 ὥς
938 3125 1048 3201 ἀγαθοῦ.
1067 3124 1101 3182 Εἰ
1114 3121 1165 3200 γάρ
1180 3144 1244 3180 ποτε
1258 3119 1370 3201 πυρετδν
1388 3123 1402 3178 ὁ
1424 3119 1512 3200 ἰατρὸς
1526 3119 1721 3199 παρασκευάζει

100 3217 210 3290 κινήσει
226 3217 273 3278 καί
287 3215 394 3297 έκφύσιι
407 3213 544 3294 προσήκει.
581 3215 625 3292 Τῇ
638 3208 690 3291 γθρ
703 3207 833 3287 ἶστροιίσιι
846 3203 892 3263 mi
936 3210 1017 3270 κακὸν
1035 3211 1125 3277 ἁπλῶς
1139 3209 1181 3282 όν,
1197 3211 1257 3268 ἀλλ’
1269 3207 1311 3268 ὅτε
1327 3231 1357 3286 γε
1370 3211 1565 3286 παρασκευάζει
1574 3211 1610 3276 ῶς
1623 3207 1720 3286 άγαθδν

100 3309 218 3388 ύφάνσει
242 3305 288 3366 καί
303 3303 369 3372 έίλως
392 3301 495 3375 κινήσει
512 3301 649 3379 ἀναλογεῖ·
664 3303 682 3370 ἡ
698 3298 725 3358 δὲ
746 3295 830 3355 ἔννοια
847 3298 892 3353 τοῦ
937 3306 1018 3359 ποιεῖ.
1034 3296 1151 3376 Ὁμοίως
1164 3295 1191 3356 δέ
1203 3295 1248 3356 καί
1264 3299 1278 3356 ὁ
1292 3297 1324 3354 δι’
1339 3293 1478 3356 εὐλάάειαν
1492 3295 1616 3372 μειζόνων
1632 3301 1721 3356 κακῶν

101 3397 234 3476 ὀνόματος
258 3399 291 3475 τῇ
309 3393 405 3474 κυρίως
429 3391 505 3473 φύσει
529 3392 629 3466 μᾶλλον
652 3384 783 3468 προσήκει
801 3407 841 3464 τη
859 3387 893 3450 ῶς
939 3385 1047 3445 ἔλαττον
1070 3385 1223 3464 αἱρούμενος
1238 3385 1350 3462 τάγαθὸν
1372 3385 1526 3463 πορίζεται,
1540 3383 1631 3462 ὥσπερ
1648 3384 1721 3444 δτδν

102 3489 234 3566 ποιητικῇ
248 3487 301 3544 τῶν
323 3485 451 3564 φυσικῶν.
475 3477 511 3541 ‘0
527 3479 617 3556 μέντοι
631 3476 738 3560 ὁρισμὸς
760 3483 827 3534 πᾶσι
840 3474 893 3539 τοῖς
938 3476 1050 3537 θάνατον
1066 3476 1121 3533 ἀνθ’
1144 3475 1238 3555 έτέρων
1254 3477 1344 3533 κακῶν
1360 3472 1530 3552 αἰρούμενος·
1545 3478 1654 3532 τοιαῦτα
1670 3471 1721 3551 γάρ

102 3573 313 3652 σημαινομένοις
327 3568 472 3654 ἐφαρμόσει
489 3569 591 3635 οἰκείως
604 3567 645 3645 ἰφ’
660 3563 773 3645 ἑκάτερα
787 3561 892 3639 λαμῦα-
938 3589 1006 3633 τινες
1029 3563 1188 3641 σοφίζονται.
1213 3561 1293 3624 Λύειν
1317 3561 1345 3621 δὲ
1367 3562 1433 3621 αὖτθι
1459 3560 1582 3642 βέλτιον,
1598 3561 1661 3628 ἴσως
1679 3562 1723 3620 καὶ

102 3665 224 3742 νόμενος.
245 3661 299 3722 Καί
312 3660 364 3740 γθιρ
379 3664 397 3732 ή
414 3657 460 3737 μέν
475 3655 571 3738 κυρίως
585 3653 662 3734 φύσις
675 3652 746 3734 ἀρχὴ
760 3652 807 3713 καί
822 3651 893 3712 αἰτία
940 3652 1027 3736 ῥᾴδιόν
1042 3653 1110 3712 ἰστι.
1595 3709 1597 3714 ,

102 3752 235 3826 κινήσεώς
249 3755 306 3812 ἔστι
320 3749 365 3810 καί
381 3747 507 3828 ἠρεμίας,
521 3751 538 3819 ἡ
553 3743 580 3806 δί
600 3749 635 3812 ῶς
649 3744 749 3817 κίνησις
764 3743 839 3824 φύσις
859 3745 895 3810 ῶς
980 3763 1018 3803 τι.
1042 3743 1156 3820 Λέγεται
1171 3739 1198 3798 δέ
1219 3741 1297 3811 καλή
1314 3736 1383 3817 τύχη
1404 3736 1448 3796 καί
1464 3737 1493 3796 τὸ
1507 3735 1656 3808 αὐτόματον
1671 3739 1722 3793 τῶν

103 3842 251 3924 ὀργανική·
274 3839 317 3899 διὰ
331 3837 385 3918 γάρ
399 3836 498 3910 ταύτης
522 3832 681 3910 ήποιητικὴ
705 3832 780 3914 φύσις
797 3831 846 3904 τήν
867 3833 894 3890 έν
940 3831 1048 3910 αἰτίαιν,
1064 3829 1211 3892 καὶπολλὰ
1231 3822 1286 3886 καίΙ
1299 3816 1366 3886 εἰναι
1387 3825 1433 3884 καί
1449 3825 1565 3900 γίνεσθαι
1581 3823 1624 3882 διδι
1639 3822 1722 3903 τύχην

104 3941 162 4000 τοῖς
185 3931 304 4013 φυσικοῖς
327 3926 429 4001 κίνησιν
452 3925 498 3985 καί
522 3921 637 4004 ἠρεμίαν
664 3924 803 3994 ἀποτελεῖ,
822 3921 894 3987 ῶςύ
940 3920 985 3980 καί
998 3920 1043 3981 διὰ
1056 3920 1086 3979 τδ
1102 3917 1260 3995 αὐτόματον.
1361 3907 1363 3915 ⁴
1696 3922 1698 3926 ’

106 4022 200 4100 ἰατρδς
212 4021 256 4080 διὰ
268 4023 316 4090 τῆς
327 4015 485 4096 ἰατρεύσεως
498 4011 545 4084 τήν
560 4011 671 4090 ίιγίειαν.
684 4009 721 4070 ‘H
739 4007 766 4069 δέ
779 4008 830 4082 ῦλη
843 4006 892 4067 καλ
992 4006 1182 4088 (Aristoteles
1193 4004 1283 4082 Phys.
1296 4002 1350 4063 lib.
1365 3999 1392 4058 ἰί
1407 4021 1468 4079 cap.
1487 4009 1503 4070 t.
1522 4019 1588 4080 pag.
1606 4001 1673 4076 195.
1694 4001 1723 4062 ἰν.

106 4110 140 4170 τὸ
159 4099 228 4176 εἰδος
244 4105 324 4188 ἀρχαί
347 4109 395 4177 τῆς
416 4101 487 4163 κατέι
502 4100 580 4183 φύσιν
606 4097 798 4175 ἀποδιδομένης
822 4102 894 4180 ἐνερ-
942 4103 976 4160 31
995 4099 1042 4160 ed.
1061 4098 1179 4156 Βελίαν.
1193 4095 1368 4173 Simplicius
1382 4091 1434 4154 fol.
1452 4093 1502 4166 73.
1521 4091 1550 4152 b.
1566 4089 1648 4150 εἰπὼν
1666 4091 1725 4152 τίνα

108 4199 183 4278 γείας
197 4196 262 4256 τίαἰν
276 4199 311 4263 ῶς
326 4188 577 4274 στοιχειώδεις,καί
591 4187 662 4267 λέγει
676 4185 839 4264 ὁΕύδημος,
855 4185 896 4246 ότι
940 4209 969 4245 τε
984 4184 1030 4246 καί
1046 4183 1117 4246 πόσα
1134 4181 1169 4242 τά
1184 4181 1258 4243 αἰτια
1278 4180 1324 4241 καί
1343 4180 1411 4249 τίνες
1426 4179 1518 4261 τρόποι
1532 4180 1577 4240 καί
1600 4179 1724 4260 διαφοραὶ

109 4287 262 4367 ἐπιδέχεται
283 4283 329 4344 καί
345 4287 430 4342 ταῦτα
452 4280 496 4340 τδν
519 4278 597 4358 λόγον
619 4281 664 4349 τῆς
685 4275 800 4358 φύσεως·
825 4275 895 4358 άρχή
943 4279 1100 4356 θεωροῦνται
1117 4275 1175 4332 καθ’
1192 4272 1319 4345 ἕκαστον,
1335 4269 1425 4341 ἐπειδὴ
1447 4269 1552 4349 λέγεται
1564 4269 1641 4341 καίή
1654 4269 1725 4348 τύχη

120 4429 223 4444 ...m-

146 4511 183 4558 ιν.
198 4511 260 4558 cum
272 4507 356 4556 ουίειιι
367 4503 495 4556 definitum
506 4501 554 4564 εῖί,
565 4501 627 4564 quot
638 4498 717 4549 modis
729 4499 817 4549 αοίαεα
830 4496 894 4547 dica·
942 4498 1053 4549 medicus
1073 4499 1098 4548 et
1118 4497 1246 4548 consultor
1269 4496 1294 4546 οῖ
1316 4494 1416 4545 omnino
1441 4489 1627 4553 συνεσκίασε,
1645 4489 1727 4539 omnia

111 4603 163 4658 tur,
178 4595 282 4662 ροείἰιαο
299 4591 507 4646 οοαεῖθετοαιίιιια
531 4592 583 4653 εει,
606 4602 656 4654 quo
671 4586 861 4639 mathematicus
882 4600 897 4636 ει
943 4589 1002 4640 ενοι.
1014 4585 1239 4650 causoe‚aquibus
1253 4581 1400 4650 principium
1409 4577 1624 4635 mammilliani
1636 4576 1728 4641 φαίεἰίι

109 4699 196 4740 rerum
209 4683 359 4737 naturalium
374 4679 548 4744 investigante
557 4677 664 4729 diflerat.
942 4676 983 4728 vel
995 4677 1081 4726 motus
1094 4673 1265 4739 repetendum.
1281 4671 1403 4730 Quaedam
1423 4671 1509 4718 ευῑεια
1521 4679 1605 4717 σαοσω
1625 4667 1685 4714 sunt
1700 4665 1727 4714 ut

144 4780 185 4827 ου.
203 4776 295 4825 omnes
318 4773 417 4834 autem,
431 4782 495 4836 quas
508 4781 574 4820 nunc
594 4765 804 4828 memoravimus,
816 4777 898 4815 οειιειο
943 4759 998 4815 finii
1009 4765 1152 4828 bonumque
1165 4765 1311 4814 caeterorum
1327 4777 1333 4809 ι
1350 4758 1376 4808 id
1393 4757 1458 4808 enim
1474 4757 1545 4819 cujus
1556 4752 1633 4819 gratia
1647 4753 1727 4801 σείετο

109 4863 138 4918 in
148 4865 267 4929 ηυειίυοτ
277 4872 367 4927 genera
375 4856 576 4910 ιοεαῖίιειίεεῖιοε
588 4853 688 4906 ωθυοι.
699 4852 898 4904 Είεαιεοίοοσῖυι
944 4854 1024 4915 flunt,
1040 4851 1162 4918 optimum
1174 4863 1229 4902 εεεο
1247 4847 1311 4900 solet
1322 4859 1352 4898 οε
1366 4844 1424 4897 fluis
1436 4843 1534 4895 illorum
1550 4837 1631 4893 :nihii
1643 4839 1727 4890 autem

110 4953 280 5019 syllabarum,
302 4948 419 5000 materies
439 4946 562 4996 sactorum
580 4955 699 5008 οροτυιει,
720 4939 782 5006 ignis
798 4941 825 4991 et
840 4939 899 4990 talia
944 4941 1054 5006 intersit,
1066 4941 1159 4993 bonum
1174 4940 1256 5005 ipsum
1267 4951 1298 4988 ευ
1314 4948 1435 5000 apparens
1447 4933 1540 4983 bonum
1556 4929 1661 4980 dicatur.
1676 4929 1725 4977 Τι-

112 5053 263 5106 corporum,
276 5039 360 5104 ρατίεε
377 5037 472 5098 totius,
484 5032 621 5088 ειιοιιῖυοοε
636 5030 744 5095 denique
757 5029 897 5080 conclusio·
944 5031 981 5084 10⁸
993 5031 1070 5097 igitur
1082 5043 1164 5083 aum
1176 5043 1207 5081 ae
1222 5028 1261 5080 ισι
1275 5039 1362 5078 aarum
1373 5021 1468 5088 species
1478 5023 1544 5071 εσσε

111 5128 170 5192 πίε,
183 5131 213 5180 ιιι
222 5128 249 5180 ld
261 5139 293 5180 ει
305 5139 356 5192 quo
368 5124 398 5176 nt
411 5121 523 5188 aliquid,
540 5133 626 5172 σουεω
638 5121 704 5170 εστι.
716 5119 797 5182 Atque
809 5117 899 5168 horum
975 5126 1014 5172 τι.
1032 5121 1140 5172 Fortuna
1162 5129 1262 5184 quoqne
1287 5117 1313 5166 αι
1329 5125 1403 5165 casus
1421 5109 1504 5162 οευεῖε
1525 5105 1727 5169 annumerantur,

112 5217 163 5271 aila
184 5219 243 5270 εστι
258 5218 288 5268 αι
301 5213 461 5280 subjectum,
475 5209 546 5262 volut
566 5210 663 5275 partes,
676 5207 724 5258 alia
738 5209 768 5258 ut
786 5205 848 5272 quid
861 5205 897 5254 rei
946 5209 1140 5276 αισιίαςυοεεεε
1152 5203 1243 5260 οιθοτί
1256 5203 1320 5254 rorte
1335 5203 1436 5254 fortuna
1449 5203 1545 5252 εῖοοεα
1557 5196 1680 5250 dicuntur.

113 5305 163 5372 dt,
182 5299 569 5371 ιοίυαι,1οςοουι,οοαεροεῖίἰο
587 5301 613 5351 ει
636 5298 724 5349 torma.
747 5297 780 5346 Αι
798 5305 898 5356 umen,
