3934 5956
336 455 387 516 DE
408 453 645 517 scissuram
668 453 842 532 EJUSQUE
865 435 1079 521 DlSClPULlS
1102 461 1153 521 ΕΤ
1175 460 1497 526 SUCCESSORlBUS.
1661 470 1720 529 299

30 667 33 672 Ι
112 613 203 674 quum
225 592 276 652 alir
292 609 411 670 quoque
433 590 597 650 Aristotelis
619 592 795 670 interpretes
819 612 893 672 saepe
941 615 1000 653 non
1015 589 1129 672 ingrata
1143 596 1199 654 erit
1210 595 1299 675 hujus
1313 599 1502 676 paraphrasis
1520 618 1586 658 cum
1601 600 1667 660 aliis
1679 605 1720 660 in·

108 683 293 760 erraverint,
308 683 370 760 ipse
385 693 480 738 autem
495 681 547 738 ille
559 679 760 758 Tyrannionis
774 685 894 760 aequalis
913 704 918 716 ·
942 683 1119 763 terpretihus
1159 687 1350 766 comparatio.
1382 687 1577 757 Quamobrem
1605 689 1722 766 dignam

106 773 139 833 in
165 773 360 850 genuinarum
380 771 607 849 spuriarumque
630 771 824 849 scriptionum
846 771 894 828 di·
940 774 1022 847 duxi,
1035 795 1121 853 quam
1135 776 1249 834 collatis
1259 776 1464 854 superioribus
1473 777 1653 838 editionibus
1665 780 1723 858 (4ι)

111 862 271 921 stinctione
294 861 395 941 lapsus
423 860 470 918 sit.
494 859 551 918 Sed
578 860 729 919 videamus
752 861 785 919 id
815 861 894 938 quod
940 863 1117 940 recognitam
1145 878 1174 922 et
1199 865 1286 960 latipe
1321 884 1434 924 versam
1462 865 1722 946 Peripateticorum

108 951 235 1008 maxime
259 969 319 1008 rem
356 965 532 1025 causamque
564 948 703 1009 continet.
733 948 894 1007 Aristotelis
940 951 1108 1028 fragmentis
1123 952 1290 1032 adjicerem

108 1037 201 1098 verba
214 1050 283 1096 sunt
299 1059 306 1095 :
322 1034 430 1116 λέγεται
446 1035 474 1096 δὲ
487 1035 548 1116 περί
563 1039 644 1107 αὐτῆς
656 1035 702 1095 καί
724 1039 750 1096 ἐν
761 1045 815 1105 τοῖς
828 1037 893 1104 ἔξω·
980 1039 1126 1119 Subjunxi
1138 1043 1206 1101 huic
1214 1043 1396 1122 antiquitatis
1408 1059 1597 1106 monumento
1609 1049 1724 1108 Andro·

106 1135 217 1209 τερικοῑς
231 1127 318 1206 λόγοις
333 1124 482 1206 ἀρκούντως
503 1124 571 1184 ἔνια·
594 1126 640 1185 καί
655 1125 785 1208 χρηστέον
807 1127 894 1194 αὐτοῖς
939 1129 999 1187 nici
1015 1130 1051 1188 de
1077 1132 1167 1190 animi
1189 1133 1396 1193 allectionibus
1418 1127 1571 1211 libellum,
1588 1159 1724 1200 mancum

107 1221 130 1282 i.
146 1239 173 1281 e.
194 1219 230 1279 de
241 1218 341 1278 animo
355 1236 428 1276 vero
444 1217 529 1275 etiam
545 1215 577 1275 in
594 1217 748 1276 exotericis
764 1215 893 1296 disputa·

110 1308 241 1368 tionibus
266 1305 412 1366 nonnulla
427 1304 496 1365 satis
519 1305 639 1384 copiose
653 1306 810 1380 dicuntur3
825 1308 893 1385 qui-

107 1395 165 1456 bus
180 1395 320 1455 utendum
344 1407 399 1454 est.
423 1394 495 1464 Quae
515 1393 559 1454 sic
573 1394 713 1472 exprimit
729 1395 892 1475 paraphra-

107 1495 167 1544 stes
183 1505 190 1544 t
209 1483 270 1564 περί
284 1485 370 1565 ψυχῆς
381 1483 468 1542 τοίνυν
480 1485 509 1542 οὔ
534 1482 612 1559 μόνον
626 1485 652 1543 ἐν
665 1484 891 1564 συγγράμμασιν,

108 1569 180 1629 ἀλλὰ
192 1570 239 1630 καί
260 1571 313 1631 διεδ
336 1571 466 1648 στόματος
477 1573 541 1653 πρός
554 1571 613 1640 τοὺς
624 1573 830 1654 ἐντυγχάνοντας
842 1577 894 1656 σίρ-

108 1657 224 1728 κοόντως
239 1659 346 1739 εἴπομεν
360 1659 430 1719 ίνια·
453 1661 499 1720 καί
517 1657 647 1742 χρηστέον
669 1664 754 1730 αὐτοῖς
776 1663 796 1724 i.
815 1683 840 1727 e.
865 1679 894 1725 at

108 1747 146 1807 de
160 1748 260 1809 animo
275 1771 336 1810 non
350 1750 446 1810 solum
463 1751 495 1809 in
511 1749 649 1830 scriptis,
664 1750 816 1810 sedetiam
831 1773 893 1812 me·

108 1837 231 1897 rnoriter
253 1839 333 1918 apud
353 1840 502 1900 auditores
524 1853 640 1899 nostros
659 1841 802 1900 nonnulla
825 1843 894 1902 satis

109 1929 229 2006 copiose
253 1929 403 2003 diximus;
420 1930 530 2008 quihus
545 1930 596 2008 qui
611 1932 713 1990 volent
736 1933 790 1990 hac
815 1935 844 1989 in
863 1951 895 1990 re

109 2030 237 2077 utantur.
252 2017 426 2096 lieiragatur
437 2020 508 2078 huic
520 2022 711 2098 explicationi
723 2021 893 2092 Salmasius,

108 2108 207 2186 aitque
222 2108 308 2168 talem
324 2107 519 2188 paraphrasin
535 2130 594 2168 non
607 2129 670 2169 esse
686 2109 796 2168 veteris
811 2109 895 2167 Peri·

108 2197 242 2274 patetici,
259 2198 311 2276 qui
327 2198 412 2256 aliter
424 2197 460 2255 de
481 2196 569 2256 libris
584 2198 737 2258 esotericis
752 2211 781 2256 et
796 2211 894 2256 exote-

108 2287 179 2346 ricis
194 2287 270 2366 apud
282 2285 409 2346 Gellium
422 2283 483 2366 (38)
496 2285 678 2350 disseruerit.
692 2286 788 2356 Quum
800 2299 895 2345 autem

108 2374 260 2435 dubitetur
275 2397 293 2435 a
306 2377 383 2435 viris
398 2375 508 2444 doctis,
527 2389 627 2434 utrum
642 2375 736 2451 λόγους
751 2373 895 2433 Aristote-

112 2464 154 2523 les
179 2464 274 2524 libros
298 2484 362 2524 esse
392 2465 485 2538 velit,
524 2478 556 2524 ut
585 2464 752 2522 Herodotus
782 2461 837 2524 lib.
861 2463 895 2538 V,

109 2575 173 2633 cap.
198 2555 234 2612 36
250 2565 280 2612 et
300 2552 465 2632 Xenophon
481 2551 577 2614 Anab.
595 2549 651 2610 lib.
675 2551 703 2609 ll
716 2571 781 2630 cap.
805 2573 837 2626 1,
860 2571 897 2610 an

110 2643 339 2722 disputationes,
353 2641 444 2700 verba
457 2656 486 2701 et
502 2661 653 2700 sermones
668 2663 674 2698 ε
693 2641 896 2700 Andronicum

112 2731 190 2810 apud
205 2729 336 2791 Gellium
355 2731 446 2790 secuti
462 2750 563 2790 vocem
582 2731 668 2789 istam
684 2731 895 2808 interpretabi-

112 2841 179 2879 mur
201 2819 238 2879 de
257 2818 500 2898 praelectionibus
523 2819 740 2898 pomeridianis
757 2819 793 2878 ad
818 2839 896 2878 com·

113 2929 203 2968 niune
230 2907 378 2986 judicium
406 2909 640 2987 popularemque
671 2907 897 2982 intelligentiam

112 2997 337 3056 accommodatis
353 2997 425 3076 (39).
452 2995 599 3055 Nimirum
616 2993 723 3053 licebat
748 2995 898 3055 Aristoteli

112 3087 304 3164 scriptionem
316 3086 473 3165 praelegere
487 3087 520 3146 in
537 3085 651 3156 schola,
667 3084 707 3141 ita
717 3096 750 3142 ut
764 3083 895 3162 frequen·

112 3187 157 3233 tcr
172 3173 283 3252 aliquid
299 3173 335 3231 ad
349 3192 409 3231 rem
425 3184 595 3252 praesentcm
609 3183 738 3249 aptatum
755 3169 854 3230 subito
865 3191 899 3232 ac

111 3261 284 3319 memoriter
304 3259 434 3321 adderet.
449 3259 493 3318 lta
507 3259 582 3318 nihil
598 3259 664 3318 falsi
681 3258 768 3316 habet
780 3259 835 3317 ista
848 3279 898 3318 ex·

111 3351 258 3428 planatis,
270 3345 445 3427 quamquam
458 3347 663 3429 paraphrastes
677 3347 726 3406 hic
739 3368 799 3406 non
809 3360 897 3407 totam

111 3437 253 3496 dictionis
268 3438 453 3496 Aristotelem
467 3439 527 3496 vim
544 3437 698 3515 expressit.
717 3437 812 3496 Pauca
826 3459 898 3516 prae·

111 3539 192 3584 terea
205 3547 270 3604 quae
282 3525 444 3584 Salmasius
460 3525 521 3605 (4ο)
533 3525 622 3604 hujus
637 3525 828 3603 paraphrasis
841 3546 898 3585 au-

111 3615 188 3674 ctori
207 3627 344 3692 tanquam
362 3634 464 3693 parum
482 3615 638 3690 diligenter
657 3615 803 3690 explicata
817 3614 897 3692 obji-

112 3705 171 3778 cit,
191 3722 419 3763 commemorare
442 3723 501 3761 non
520 3701 601 3761 libet.
619 3701 658 3760 Ut
672 3703 752 3761 enim
776 3705 898 3762 omuino

111 3793 250 3852 homines
264 3791 406 3850 doctrinae
428 3791 534 3850 studiis
549 3791 641 3850 dediti
666 3811 725 3850 non
741 3792 794 3850 uni
809 3793 899 3852 alicui

112 3896 193 3940 certo
205 3901 236 3942 se
247 3880 400 3952 addicunt,
415 3880 465 3938 sed
479 3880 578 3939 multis
592 3893 712 3938 utuntur
727 3881 874 3957 magistris
889 3903 895 3938 τ

111 3969 153 4026 ita
168 3969 337 4028 Ethicorum
351 3968 612 4028 Nicomacheorum
628 3967 721 4028 libros
737 3969 900 4044 legentibus

113 4164 164 4226 (38)
176 4163 233 4214 Vid.
246 4163 303 4214 adn.
315 4169 329 4215 3
340 4167 365 4215 et
374 4170 397 4216 4.
409 4190 441 4200 -
450 4167 499 4226 (39)
509 4166 600 4214 Parum
611 4166 726 4214 accurate
736 4164 895 4216 Eustratius:

113 4242 161 4286 τῶν
179 4235 377 4302 Ἀριστοτελικῶν
388 4236 588 4302 συγγραμμάτων
603 4236 635 4284 τόι
645 4236 687 4300 μὲν
706 4237 765 4301 πρὸς
775 4236 830 4292 τοὺς
847 4253 903 4285 κοι-

112 4309 160 4364 νώς
174 4308 344 4374 ἀκροωμένους
360 4315 402 4369 τῆς
414 4308 490 4358 αὐτοῦ
500 4307 656 4365 διδασκαλίας
668 4307 794 4357 ἐκδίδοται
807 4308 832 4357 ἐν
848 4311 901 4356 rei:

112 4383 208 4436 κοιναῖς
221 4380 356 4444 διατριδαῖς
372 4379 593 4443 ἀναγινωσκόμενα
610 4379 728 4442 καὶπρὸς
748 4377 805 4434 τοὺς
823 4379 899 4428 αὐτοῦ

114 4446 222 4509 μαθητὰς
243 4447 341 4510 ἀμέσως
359 4447 556 4511 διασαροάμενα·
578 4447 609 4495 τὰ
631 4447 657 4495 δὲ
686 4447 741 4495 κατ’
760 4445 823 4494 ίδίαν
842 4444 902 4511 πρός

112 4533 181 4573 τινας
193 4516 278 4574 ἔξωθεν
293 4520 501 4582 προσπεφώνηται
510 4517 616 4566 ἕκαστον
629 4518 710 4565 αὐτῶν
722 4517 781 4582 πρὸς
794 4517 900 4565 ἕκαστον

112 4588 163 4636 τῶν
177 4586 315 4644 ζητούντων
328 4593 380 4644 τοῖς
395 4589 552 4652 ζητουμένοις
566 4588 706 4653 πράγμασιν
724 4586 820 4642 οίκείως
832 4587 903 4636 ἐκτε-

940 1217 1022 1276 illum
1039 1220 1155 1297 quidem
1175 1234 1293 1299 atquea
1314 1221 1446 1282 librariis
1469 1226 1544 1284 male
1569 1226 1722 1304 habitum,

940 1307 990 1366 sed
1005 1326 1021 1365 a
1036 1309 1158 1368 Daniele
1169 1310 1292 1370 Heinsio
1307 1331 1344 1370 ex
1358 1312 1460 1372 eodem
1476 1313 1594 1388 codice,
1608 1319 1660 1395 qui
1673 1339 1724 1398 pa·

940 1395 1094 1475 raphrasin
1119 1399 1264 1474 continet,
1293 1413 1379 1478 atque
1405 1421 1441 1459 ex
1459 1403 1524 1462 aliis
1547 1404 1725 1482 quibusdam

940 1487 1138 1563 membranis,
1165 1503 1198 1549 ut
1223 1510 1287 1548 mea
1309 1491 1363 1548 lert
1379 1491 1500 1570 opinio,
1523 1493 1722 1573 depromtum.

939 1577 1006 1656 lpse
1018 1580 1094 1638 enim
1110 1580 1165 1638 hac
1176 1580 1254 1639 dere
1265 1581 1340 1641 silet.
1356 1579 1416 1638 Etsi
1432 1600 1504 1640 vero
1516 1603 1609 1643 novos
1624 1583 1724 1645 lectio·

939 1689 1009 1727 num
1026 1669 1119 1730 fontes
1135 1673 1248 1750 aperire
1262 1669 1336 1728 mihi
1353 1689 1412 1728 non
1427 1674 1565 1751 contigit,
1582 1672 1613 1731 id
1629 1685 1726 1733 tamen

940 1755 1055 1830 studui,
1074 1771 1107 1816 ut
1122 1759 1197 1817 hanc
1211 1757 1489 1836 disputatiunculam
1505 1759 1685 1820 emendatam
1699 1775 1727 1820 et

941 1845 1032 1905 latine
1046 1847 1189 1907 redditam
1204 1847 1236 1906 in
1251 1847 1346 1906 lucem
1362 1866 1543 1910 revocarem.

980 1938 1134 1991 Aristocles
1172 1935 1347 2004 Messenius,
1381 1933 1607 2010 Peripateticus,
1640 1957 1727 2014 quem

942 2023 1101 2082 Alexandri
1126 2020 1369 2100 Aphrodisiensis
1399 2035 1610 2099 preceptorem
1639 2025 1728 2085 fuisse

941 2123 1082 2169 testantur
1106 2109 1277 2188 Simplicius
1292 2109 1350 2187 (4ι)
1371 2121 1400 2165 et
1421 2108 1552 2186 Cyrillus
1567 2110 1621 2172 lib.
1643 2111 1672 2171 ll
1696 2113 1727 2172 in
1792 2139 1793 2142 ¹

941 2199 1110 2270 lulianum,
1133 2197 1293 2276 publicatis
1316 2195 1455 2275 pluribus
1473 2199 1615 2276 operibus
1630 2201 1728 2260 incla-

941 2288 1011 2346 ruit.
1029 2289 1109 2347 lnter
1131 2286 1195 2364 ejus
1211 2289 1321 2363 scripta
1336 2285 1391 2342 suit
1412 2287 1553 2346 volumen
1568 2289 1643 2368 (ta),
1669 2311 1728 2368 ιγυο

942 2373 1109 2452 quaerebat,
1132 2387 1230 2432 utrum
1245 2373 1391 2432 Homerus
1410 2394 1447 2432 an
1466 2375 1546 2434 Plato
1560 2391 1636 2436 esset
1651 2397 1728 2456 prae-

942 2465 1065 2523 stantior
1095 2461 1224 2544 (πότερον
1249 2461 1452 2540 σπουδαιότερος
1472 2453 1627 2542 θθμηροςῆ
1650 2464 1728 2526 Πλά-

942 2553 1023 2629 των).
1048 2551 1173 2630 Scripsit
1187 2571 1277 2628 porro
1297 2563 1388 2608 artem
1414 2549 1591 2610 rhetoricam
1613 2553 1729 2633 (τέχνας

943 2637 1099 2722 ῥητορικάς)
1123 2652 1152 2696 et
1176 2639 1211 2697 de
1235 2637 1374 2716 Serapide
1394 2638 1476 2719 (περί
1503 2641 1669 2722 Σαράπιδος)
1689 2645 1729 2703 li-

942 2727 1063 2790 bellum.
1086 2727 1169 2786 Adde
1186 2727 1285 2786 decem
1302 2727 1338 2786 de
1354 2727 1487 2789 moribus
1505 2729 1637 2811 (Ἠθικά)
1652 2734 1729 2792 toti-

943 2817 1068 2895 demque
1082 2818 1118 2876 ‹le
1133 2815 1324 2896 philosophia
1340 2815 1419 2895 (περί
1434 2819 1591 2900 ριλοσορίας
1602 2819 1610 2900 )
1623 2819 1728 2896 libros,

935 2907 974 2964 ‘in
984 2904 1092 2984 quibus
1104 2925 1204 2963 omnes
1213 2918 1399 2964 recensuerat
1412 2905 1606 2986 philosophos
1616 2927 1731 2969 eorum-

943 3015 1000 3072 que
1015 2994 1130 3052 decreta
1143 3007 1313 3072 persecutus
1328 3006 1401 3054 erat.
1418 2993 1538 3055 Sextum
1559 2996 1666 3056 horum
1689 2999 1731 3058 li-

943 3082 1065 3142 hrorum
1074 3083 1143 3142 citat
1159 3082 1263 3142 Suidas
1275 3103 1305 3144 v.
1317 3082 1446 3156 Σωτάδης
1457 3088 1529 3164 (43).
1544 3086 1588 3144 Ex
1600 3089 1729 3167 septimo

944 3173 1104 3249 liagmenta
1119 3172 1250 3232 servavit
1264 3170 1406 3231 Eusebius
1429 3172 1526 3254 Pracp.
1544 3174 1657 3251 Evdug.
1675 3175 1729 3254 XI,

945 3263 974 3342 δ,
987 3261 1048 3335 XV,
1065 3283 1082 3320 a
1097 3275 1126 3320 et
1147 3263 1252 3332 ι4.Εκ
1266 3275 1369 3322 octavo
1382 3261 1460 3339 XIV,
1480 3287 1528 3342 ιγ,
1549 3267 1596 3343 18,
1617 3287 1664 3342 19,
1678 3287 1728 3341 ao,

944 3373 994 3426 τι,
1011 3372 1076 3429 quac
1088 3351 1120 3410 in
1135 3352 1264 3411 medium
1285 3353 1396 3432 protuli
1413 3368 1501 3434 atque
1520 3355 1731 3435 interpretatus

943 3461 1008 3502 sum
1022 3439 1096 3522 (44).

984 3529 1068 3588 Alius
1082 3528 1236 3588 Aristoclis
1258 3529 1398 3590 videntur
1421 3531 1512 3590 luisse
1526 3531 1696 3606 Paradoxa,
1715 3551 1732 3592 e

944 3619 1053 3697 quihus
1067 3619 1200 3678 Stobaeus
1217 3618 1280 3698 (45)
1297 3619 1376 3679 Flor.
1392 3619 1454 3694 LX,
1472 3630 1502 3693 4,
1523 3621 1558 3693 37
1576 3621 1674 3679 locum
1691 3621 1731 3678 af-

945 3707 1010 3764 iert.
1027 3707 1171 3766 Praeterea
1185 3707 1244 3766 viri
1259 3708 1442 3784 cognominis
1454 3709 1585 3786 primum
1598 3707 1634 3766 de
1649 3727 1733 3787 repu-

944 3793 1022 3853 blica
1047 3794 1338 3856 Lacedaemoniorum
1354 3797 1493 3855 volumen
1519 3796 1617 3854 laudat
1637 3795 1732 3854 Athe—

945 3903 1025 3943 naeus
1043 3884 1102 3962 (46)
1120 3884 1159 3943 lv
1174 3907 1204 3964 p.
1224 3893 1291 3954 ι4ο.
1313 3884 1345 3944 B.
1371 3887 1421 3962 qui
1437 3884 1524 3942 etiam
1542 3881 1647 3940 musici
1667 3883 1728 3960 (47)

945 3975 1045 4032 nescio
1071 3973 1155 4052 cujus
1177 3975 1452 4032 ecornmcntatione
1469 3971 1505 4030 de
1527 3970 1625 4029 choris
1646 3989 1732 4048 caput

946 4169 1070 4231 φορητικῷ
1081 4169 1178 4230 σώματι
1193 4165 1311 4215 ἐναντίαν.
1324 4189 1356 4201 -
1368 4164 1414 4227 (42)
1430 4163 1551 4215 Suidasv.
1569 4161 1730 4230 Ἀριστοκλῆς.

947 4265 978 4274 -
988 4241 1038 4299 (43)
1053 4237 1144 4289 Suidas
1156 4253 1179 4288 v.
1196 4238 1308 4297 Σωτάδης
1326 4237 1361 4286 sic
1373 4258 1378 4288 :
1390 4237 1518 4300 Σωτάδης,
1535 4237 1678 4296 Βυζάντιος,
1690 4253 1729 4346 ρι-

946 4301 1063 4365 λόσορος,
1087 4305 1120 4358 ὥς
1140 4318 1212 4365 φησιν
1239 4299 1391 4366 Ἀριστοκλῆς
1409 4301 1433 4349 ίν
1456 4305 1491 4363 τῷ
1514 4301 1570 4366 περὶ
1593 4300 1732 4362 ριλοσοφας

947 4370 1020 4434 ἕκτῳ.
1039 4397 1070 4406 -
1081 4371 1130 4433 (44)
1139 4371 1178 4420 lix
1190 4369 1277 4421 eodern
1288 4383 1376 4434 opere,
1389 4369 1415 4420 ni
1426 4368 1507 4428 fallor,
1520 4369 1623 4419 Procius
1632 4368 1658 4417 in
1666 4367 1730 4418 Tim.

947 4455 971 4506 p.
990 4446 1012 4492 7.
1027 4457 1049 4493 a.
1073 4444 1114 4506 (p.
1140 4445 1168 4492 14
1182 4441 1221 4492 od.
1244 4441 1407 4503 Schneider.)
1425 4441 1480 4492 haec
1498 4439 1572 4505 petiit
1589 4440 1671 4490 :adro
1684 4439 1731 4505 γὰρ

951 4512 1104 4580 Ἀριστοκλῆς
1118 4516 1297 4573 κατασκευάζει
1319 4515 1455 4575 Θεαίτητον
1478 4515 1540 4564 εἶναι
1562 4513 1604 4562 τὸν
1627 4511 1731 4560 ἀπόντα.

947 4613 978 4624 -
989 4586 1037 4649 (45)
1053 4585 1168 4638 Stoboeus
1177 4587 1243 4638 Flor.
1259 4589 1344 4644 Lat,
1366 4590 1396 4636 ³7
1414 4585 1594 4652 Ἀριστοκλέους
1607 4583 1631 4632 lv
1645 4579 1673 4645 β’
1683 4595 1732 4630 πα-

112 4657 233 4720 δειμὲνον.
250 4655 349 4708 Ἐκεῖνα
361 4659 404 4724 μὲν
416 4659 458 4709 οὖν
473 4660 644 4725 ἀκροαματικόι
657 4656 827 4722 δνομοζόμενά
838 4658 901 4720 ἐστι,
948 4656 1054 4722 ραδόξων
1069 4661 1077 4716 (
1085 4656 1117 4707 cf.
1131 4657 1258 4708 Plutarch.
1268 4655 1354 4707 Moral.
1367 4669 1392 4718 p.
1404 4659 1456 4705 ata.
1470 4655 1508 4713 c.)
1523 4647 1731 4719 [Ἀριστώνυμος]

112 4733 195 4777 ταῦτα
211 4728 238 4776 δὲ
249 4728 388 4795 ἐξωτερικά.
399 4753 432 4766 -
445 4729 496 4794 (40)
512 4729 648 4780 Salmasius
664 4727 697 4779 ad
715 4728 861 4792 Epictetum
878 4730 903 4777 el
951 4725 1062 4792 Ἐρέσιος
1074 4731 1110 4788 τῷ
1119 4728 1183 4790 γένει
1196 4729 1293 4786 νεανίας
1304 4728 1354 4776 τών
1369 4727 1496 4789 ἐπισήμων
1506 4760 1513 4784 ,
1525 4725 1575 4780 υίδς
1588 4720 1732 4785 Δημοστρά-

114 4797 269 4862 Simplicium
291 4812 345 4862 pag.
366 4804 419 4850 att.
447 4825 478 4835 —
488 4799 539 4864 (tt)
551 4799 619 4850 idem
634 4799 739 4863 scriptor
759 4812 790 4848 ex
809 4797 902 4848 Heinsii
947 4816 1005 4860 του,
1023 4803 1076 4853 ταῖς
1091 4799 1111 4848 δ’
1126 4798 1246 4856 ἀληθείαις
1260 4797 1362 4864 Ἄρεως·
1378 4797 1448 4853 οὗτος
1462 4797 1490 4844 τδ
1503 4796 1559 4854 δῆλα
1575 4793 1652 4856 μισῶν
1664 4791 1733 4854 γένος

113 4869 256 4920 recensione
266 4873 292 4920 el
303 4884 361 4920 cum
376 4871 453 4920 latina
463 4871 517 4934 eius
528 4871 732 4936 interpretatione
740 4868 855 4918 formulis
865 4871 901 4933 iy-
948 4870 1035 4926 νυκτὸς
1047 4867 1144 4934 βαθείας
1159 4871 1192 4926 είς
1206 4868 1250 4925 τὰς
1264 4869 1379 4932 πατρῴας
1393 4867 1490 4932 ἔτρεχεν
1506 4865 1607 4928 ἀγέλας,
1622 4863 1664 4912 καὶ
1684 4863 1733 4927 δνῳ

114 4938 271 5002 pographicis
282 4939 404 5003 repetitus
420 4943 458 4991 esi
469 4941 634 5004 cantabrigiae
648 4955 671 4991 a.
700 4943 759 4990 1679
771 4941 796 4989 et
813 4938 903 4989 oxonii
949 4941 1092 5006 συνεγένετο
1113 4941 1203 5007 δηλείιρ.
1227 4939 1258 4990 ‘ll
1284 4939 1310 4989 di
1326 4939 1409 5001 ἔγκυος
1426 4936 1545 5000 γενομένη
1567 4933 1637 4984 ἔτεκε
1659 4932 1733 5000 κόρην

115 5022 138 5058 ³·
155 5013 224 5061 18⁰9.
951 5012 1121 5071 εὐειδεστάτην
1141 5009 1301 5061 Ὀνοσκελίδα
1313 5009 1438 5072 τοῦνομα,
1452 5009 1496 5067 τὴν
1511 5004 1677 5071 προσηγορίαν
1690 5005 1734 5054 λα-

149 5079 199 5144 (41)
221 5081 365 5146 Simplicius
381 5083 435 5132 iul
455 5083 487 5134 de
506 5083 568 5134 coelo
584 5083 626 5134 iol.
647 5088 686 5134 34.
712 5082 737 5133 h.
752 5081 805 5146 (cs.
821 5081 902 5131 Schol.
950 5085 1042 5134 δοῦσαν
1064 5083 1113 5133 ἀπὸ
1141 5087 1185 5132 τοῡ
1209 5083 1400 5145 συμπτώματος.
1421 5105 1453 5114 -
1471 5078 1518 5140 (46)
1543 5075 1678 5126 Athenaeus
1698 5077 1733 5126 tv

116 5152 193 5202 Arist.
217 5166 242 5217 p.
264 5157 319 5204 477.
341 5169 364 5204 a.
386 5159 414 5204 st
433 5154 472 5206 ed.
501 5155 632 5217 Brendis.)
654 5156 826 5221 συνηρημένως
846 5154 904 5203 ild
949 5167 973 5218 p.
987 5159 1039 5204 140.
1050 5157 1078 5204 B.
1092 5159 1124 5209 ὡς
1138 5156 1261 5219 Περσαῖος
1273 5154 1368 5218 ἱστορεῖ
1379 5151 1404 5200 ἐν
1422 5153 1597 5214 τῇΛακωνικῇ
1610 5147 1731 5214 πολιτείᾳ,

119 5219 285 5289 Ἀλέξανδρος,
296 5227 329 5282 ώς
339 5241 396 5288 φησι
406 5263 411 5283 ,
423 5227 487 5275 κατὰ
497 5227 539 5276 τόν
552 5226 625 5276 αὐτοῦ
638 5226 784 5275 διδάσκαλον
801 5224 905 5290 Ἀριστο-
949 5227 990 5274 καὶ
1013 5224 1186 5286 Διοσκουρίδης
1204 5223 1229 5272 δν
1244 5222 1350 5286 δευτέρῳ
1365 5219 1500 5282 πολιτείας,
1516 5220 1558 5268 καί
1581 5217 1734 5285 Ἀριστοκλῆς

114 5294 186 5352 τίλην
206 5294 272 5358 (leg.
294 5293 471 5361 Ἀριστοκλέα)
486 5298 579 5354 ἐξέδετο
601 5300 644 5356 την
668 5298 790 5354 ἀπόδειξιν
808 5301 852 5344 τοῦ
871 5301 901 5359 τῇ
950 5295 974 5343 ἐν
996 5298 1032 5356 τῷ
1053 5292 1166 5357 προτέρῳ
1190 5292 1232 5341 καὶ
1251 5291 1320 5348 οὗτος
1340 5297 1382 5350 τῆς
1403 5291 1530 5340 Λακώνων
1551 5288 1682 5344 πολιτείας.
1701 5310 1734 5324 ·-

115 5366 207 5418 κύκλον
218 5368 313 5427 κινήσει
328 5369 361 5432 μὴ
373 5368 435 5418 εἶναι
446 5368 558 5420 ἐναντίαν
571 5367 684 5430 κίνησιν,
696 5368 756 5430 μηδὲ
768 5372 803 5430 τῷ
816 5368 905 5418 κυκλο·
950 5365 999 5431 (47)
1007 5363 1140 5416 Athenaeus
1147 5363 1182 5413 lv
1191 5377 1215 5426 p.
1228 5365 1280 5414 174.
1290 5363 1317 5415 O.
1326 5366 1421 5427 ίστορτῖ
1430 5363 1537 5434 δὲτοζντο
1548 5359 1698 5428 Ἀριστοκλῆς
1706 5359 1732 5410 ἐν
