3882 5954
427 322 651 385 ETHlCOllUM
674 323 1008 388 NICOMAGHEORUM
1027 327 1313 389 PAuleHuAsls.
1619 334 1678 394 θθθ

42 459 110 531 ἥτις
138 456 213 517 ἐστὶν
235 453 424 532 ηπλεονεξία,
448 460 504 522 πῶς
528 455 637 516 δυνατὸν
663 456 756 516 ἑαυτόν
784 479 843 516 τινα
892 458 955 510 mari
971 459 1037 510 sinit.
1058 459 1140 525 Atque
1152 460 1187 510 ita
1202 459 1304 524 quidem
1316 459 1454 512 secundum
1466 461 1632 514 universalem
1644 463 1680 514 in·

44 549 175 622 ἀδικεῖν,
192 547 224 605 Εἰ
243 546 294 626 γάρ
314 545 344 604 τδ
360 546 461 604 ἀδικεῖν
476 545 544 604 κατδι
562 545 662 617 ταύτην
677 545 725 617 τὴν
741 544 842 605 ἀδικίαν
890 549 1014 612 iustitiam
1028 551 1115 613 sponte
1132 548 1249 613 injuriam
1273 563 1322 600 non
1342 549 1421 615 accipi
1436 550 1591 603 ostendimus
1609 569 1615 603 :
1639 567 1680 604 sa-

42 636 126 694 οθδὲν
143 636 209 695 ἀλλο
225 633 306 712 ἐστίν,
321 633 339 705 θ,
353 633 383 694 τδ
397 633 476 692 πλέον
492 632 561 712 ἔχειν
580 633 705 715 θατέρου,
727 633 779 704 iias
792 635 842 692 αὖ·
891 635 1001 688 cundum
1018 638 1169 701 singularem
1192 652 1265 700 vero,
1283 651 1342 703 qnae
1362 643 1401 689 est
1421 640 1541 700 avaritia,
1554 641 1680 706 quomodo

42 727 93 794 τὸς
116 731 211 786 ἑαυτοῦ
224 726 304 786 πλέον
316 731 330 786 θ
340 725 432 786 ῖιιυτδν
448 725 559 783 staua-¹
568 726 590 784 εί
603 726 630 785 δὲ
641 725 721 787 πλέον
736 729 841 800 ἑαυτοῦ,
892 725 942 776 sserl
958 731 1042 792 queat,
1056 731 1084 778 ut
1100 727 1216 793 injuriam
1226 727 1335 793 sibiipsa
1349 725 1440 778 inierat
1450 727 1563 795 aliquis?
1574 731 1600 780 Si
1614 731 1679 781 enim

42 815 95 874 καλ
113 816 234 874 ἔλαττον·
253 813 299 874 καὶ
315 813 355 886 εἴη
371 813 402 873 ἂν
418 812 447 872 τὸ
471 813 599 874 αὐτὸκαὶ
619 815 757 896 προσθήκη
773 817 844 895 αὐτῷ
891 815 1007 878 injuriam
1020 817 1100 869 facere
1116 818 1142 868 in
1156 818 1204 868 hac
1222 817 1346 882 injustitia
1360 817 1423 868 nihil
1445 819 1513 870 aliud
1532 822 1584 879 esi,
1601 833 1680 884 quam

40 905 95 963 καὶ
108 904 257 985 ἀφαίρεσις,
267 901 333 984 ὅπερ
345 901 602 983 ἀδένατονχάνάγκη
617 904 669 985 γάρ
683 904 713 964 τδ
727 909 844 965 τοιοῦτον
891 904 947 968 Plus
960 905 1009 957 alio
1020 907 1125 971 habere,
1138 906 1241 958 habebit
1253 907 1307 972 ipse
1316 906 1373 972 plus
1382 921 1409 959 se
1423 908 1491 973 ipso,
1502 908 1548 974 qui
1559 908 1607 960 sihi
1617 908 1681 974 inju-

44 993 157 1054 δίκαιον
174 995 204 1053 τὸ
219 991 360 1074 ἐλάχιστον
375 995 402 1052 ip
418 991 491 1053 δυσὶν
512 983 591 1052 εἶναι·
607 993 676 1053 οὕτω
699 995 750 1074 γὰρ
766 995 844 1055 δυνα.
891 994 953 1044 riam
965 993 1044 1046 facit:
1060 995 1194 1046 sinautem
1207 996 1301 1062 plusse
1313 997 1378 1060 ipso,
1391 997 1466 1047 etiam
1483 997 1566 1048 miuus
1580 1015 1586 1048 :
1599 997 1681 1048 idem·

41 1083 94 1143 τδν
119 1083 167 1143 καλ
189 1081 327 1165 ἀφαίρεσιν
344 1083 389 1143 καλ
407 1083 560 1166 προσθήκην
575 1083 706 1165 γενέσθαι·
729 1086 774 1146 καὶ
791 1087 845 1145 dii.
890 1085 972 1148 qusei
987 1088 1013 1135 et
1025 1085 1224 1136 additamentum
1239 1085 1288 1136 erit
1300 1088 1327 1136 at
1343 1085 1469 1146 ademti0‚
1483 1086 1552 1152 quod
1566 1086 1620 1138 lieri
1631 1102 1679 1138 non

43 1173 157 1232 χεῖσθαι
168 1171 215 1232 καὶ
231 1173 341 1232 ἀδικεῖν,
891 1174 973 1236 potest
985 1191 991 1222 =
1005 1173 1129 1239 siquidem
1148 1187 1248 1226 necesse
1270 1173 1361 1238 estius
1375 1173 1497 1237 eiusmodi
1509 1175 1641 1226 minimum
1651 1177 1679 1226 in

92 1257 162 1322 Ἔτι
188 1259 217 1321 δδ
232 1261 334 1341 ἀνάγκη
361 1261 405 1322 τδν
431 1262 571 1322 ἀδικοῦντα
594 1267 641 1322 τοῦ
674 1263 844 1343 ἀδικουμένου
891 1261 1679 1329 111οθ11611111111111111111111111Ρο1θ1111111111111ι111111

44 1349 180 1431 πρότερον
196 1351 244 1423 τὴν
271 1349 375 1430 βλάὅην
400 1353 501 1423 ποιεῖν,
530 1349 575 1422 καλ
602 1353 726 1420 ἑκουσίως
744 1352 790 1412 καὶ
814 1354 843 1411 έκ
890 1350 970 1401 addi:
985 1349 1413 1416 itiittipereittl'ssll‘imtiinferre-

46 1429 233 1520 προαιρέσεως
250 1439 386 1518 βλάπτειν·
403 1439 493 1517 δγοίρ,
518 1441 583 1498 διότι
611 1440 711 1518 ἔπαθε,
735 1441 766 1500 τδ
781 1440 843 1500 αὐτὸ
924 1445 1027 1507 Insuper
1045 1456 1145 1494 ntoesse
1161 1445 1259 1501 tstdtt
1281 1442 1363 1507 isqui
1383 1441 1499 1507 iniuriam
1521 1441 1680 1509 iacit,prius

48 1532 213 1602 ἀντιποιῶν,
225 1529 254 1588 οὐ
269 1528 342 1586 δοκεῖ
356 1528 464 1586 ἀδικεῖν.
483 1526 536 1588 Τδν
551 1527 580 1586 δὲ
595 1529 686 1588 ἑαυτὸν
702 1531 842 1591 ἀδικοῦντα
890 1543 967 1595 quam
981 1531 1003 1581 is
1020 1531 1064 1596 qui
1079 1531 1181 1596 accipit.
1207 1530 1387 1582 detrimentum
1408 1532 1630 1598 importunaque
1651 1536 1679 1583 ut

49 1617 160 1696 ἀνάγκη
174 1618 242 1677 κατά
265 1617 360 1675 saitis
375 1617 420 1674 καί
444 1617 543 1676 ἀδικεῖν
568 1616 613 1676 καί
631 1619 785 1680 ἀδικεῖσθαι·
800 1619 843 1680 δεδι
891 1622 978 1682 slmute
991 1621 1016 1669 ii
1029 1623 1102 1684 011110
1114 1619 1218 1670 1011111111
1231 1623 1319 1672 11001111
1333 1637 1338 1669 ²
1352 1621 1470 1670 1111111111111
1485 1620 1529 1686 (lui
1543 1621 1680 1686 (111111111λῦ-

47 1705 85 1764 τὸ
100 1705 146 1763 τδν
156 1703 234 1765 αὐτὸν
248 1694 315 1763 εἶναι
328 1702 375 1764 καλ
389 1705 531 1762 ἀδικοῦντα
543 1705 589 1764 καλ
602 1707 783 1783 ἀδικούμενον,
798 1707 843 1768 καί
891 1707 953 1758 1111111
978 1722 1066 1773 pistus
1082 1712 1135 1768 est,
1163 1709 1314 1760 maleficium
1336 1709 1458 1760 maleficio
1480 1713 1581 1774 petisti.
1598 1708 1680 1762 fatere

50 1792 114 1869 ἅμα
137 1791 183 1852 κοιλ
198 1794 296 1852 ἀδικεῖν
310 1791 356 1852 καί
371 1793 532 1852 ἀδικεῖσθαι·
549 1795 590 1852 δεῖ
613 1793 665 1874 ἄρα
681 1797 707 1854 iu
724 1798 841 1856 πλείοσιν
891 1796 1010 1862 injuriam
1028 1811 1077 1848 non
1088 1797 1198 1849 videtur.
1216 1799 1282 1849 lium
1293 1812 1353 1849 νετο
1367 1799 1411 1863 qui
1424 1798 1473 1849 sibi
1484 1798 1677 1864 injuriamiaeit‚

49 1873 122 1940 εἶναι
135 1880 234 1954 ταύτην
247 1881 296 1953 τὴν
309 1881 421 1940 ἀδικίαν·
437 1881 483 1940 οὐκ
495 1881 547 1962 ἀρα
566 1883 676 1942 δυνατὸν
691 1883 767 1944 αὐτόν
784 1909 842 1944 τινα
892 1883 979 1936 eedem
992 1888 1104 1950 tempore
1120 1889 1147 1937 et
1167 1885 1249 1937 fatere
1266 1886 1384 1951 iniuriam
1401 1900 1500 1938 nectite
1520 1891 1559 1938 est
1575 1889 1601 1938 et
1614 1888 1680 1938 scti-

50 1969 150 2030 ἐαυτδν
167 1972 278 2032 ἀδικεῖν.
298 1970 366 2050 Πρὸς
382 1968 409 2029 it
429 1969 529 2038 τούτοις
549 1973 674 2032 δάδικεῖιν
691 1972 764 2032 οὐδὲν
779 1975 844 2035 ἀλλο
891 1987 950 2038 pert
967 1993 974 2026 t
990 1975 1049 2040 quia
1062 1975 1129 2026 idam
1140 1981 1178 2027 est
1189 1979 1215 2028 et
1227 1977 1271 2040 qui
1289 1974 1350 2026 iacit
1362 1975 1478 2040 injuriam
1489 1979 1515 2027 et
1525 1976 1677 2042 quincupli,
1714 1975 1719 1983 '

50 2060 138 2136 ἐστίν,
152 2059 165 2096 ‘¹
178 2059 196 2134 ἢ
209 2063 223 2119 ἀ
235 2063 316 2120 ποιῶν
331 2058 365 2118 τά
379 2059 448 2120 κατά
461 2059 538 2141 μέρος
552 2061 718 2138 ἀδικήματα·
732 2061 778 2122 καλ
791 2087 845 2144 χω-
890 2063 1015 2128 simulque
1029 2062 1120 2114 inferre
1138 2067 1165 2116 et
1186 2063 1239 2130 pati
1253 2083 1259 2114 ι
1279 2078 1358 2131 quare
1372 2065 1398 2116 in
1412 2065 1529 2130 pluribus
1538 2065 1603 2116 hanc
1617 2065 1681 2130 inju-

53 2149 96 2229 ρῖς
111 2153 164 2209 τῶν
190 2152 248 2210 καθ’
264 2149 386 2209 ἕκαστα1
409 2151 438 2210 οὖ
461 2148 570 2208 διἰναταῖ
589 2175 628 2218 τις
643 2153 762 2226 ἀδικεῖν,
788 2151 842 2212 οὔθ’
891 2153 954 2202 riam
967 2167 1022 2204 este
1034 2157 1153 2218 oportet:
1174 2154 1281 2220 ideoque
1293 2154 1347 2206 fieri
1361 2156 1501 2220 neqnit‚ut
1513 2155 1603 2221 aliquis
1613 2155 1681 2220 inJ'u-

51 2240 121 2306 ὅλοις
133 2239 198 2297 ἀλλο
211 2262 236 2298 τι
247 2253 254 2290 t
267 2235 406 2297 ποιεῖν·τά
420 2237 450 2298 δὲ
462 2237 531 2298 κατά
546 2237 639 2318 μέρος,
650 2241 746 2312 κλοπή,
756 2239 841 2322 θὸρις,
890 2241 953 2292 riam
964 2242 1012 2292 sibi
1028 2241 1111 2294 iaciat,
1130 2241 1199 2294 Adde
1210 2244 1279 2308 qnod
1290 2244 1334 2310 qui
1350 2244 1466 2308 injuriam
1480 2242 1541 2294 iacit
1553 2259 1602 2295 uon
1615 2244 1680 2295 alius

52 2327 176 2406 πληγαί,
191 2325 365 2407 τοιχωρυχία·
385 2326 468 2393 οὐδεὶς
483 2325 542 2399 δὲῆ
564 2327 670 2388 κλέπτει
684 2328 719 2388 τά
734 2333 842 2405 ἑαυτοῦ,
893 2333 948 2393 est,
962 2345 1038 2396 quam
1048 2333 1093 2396 qui
1111 2331 1137 2382 iu
1151 2333 1226 2383 eertis
1240 2336 1266 2383 at
1284 2332 1453 2396 singularibus
1471 2333 1618 2396 injuriarum
1636 2347 1680 2396 ge-

52 2415 75 2487 ἢ
92 2416 135 2474 τὸν
152 2419 244 2475 ἑαυτοῦ
258 2420 348 2496 τοῖχον
373 2413 518 2497 διορύττει,
542 2412 669 2488 ἣὲαυτδν
691 2418 842 2500 ὓάρίζει,ἢ
891 2421 991 2471 neribus
1010 2421 1104 2485 injusta
1129 2421 1180 2486 agit
1201 2439 1208 2470 ε
1231 2435 1314 2485 neque
1334 2421 1386 2472 sine
1410 2421 1577 2486 singularibus
1597 2425 1679 2487 potest

53 2508 179 2579 πλήττει.
195 2503 286 2574 Ὅλως
301 2507 328 2564 δὲ
349 2505 486 2586 ἐλέγχεται
501 2507 594 2584 ψεῦδος
617 2498 684 2566 εῖναι
699 2508 729 2567 τδ
750 2509 841 2568 ἔαυτόν
890 2509 1023 2574 quitquam
1050 2509 1144 2575 iniuste
1164 2523 1237 2574 agere
1262 2513 1307 2560 tut
1335 2510 1434 2561 omnino
1456 2511 1562 2561 similem
1580 2510 1679 2575 culpam

53 2617 117 2652 τινα
139 2595 238 2652 ἀδικεῖν
263 2593 311 2652 καλ
326 2595 451 2660 ἑκουσίως
477 2594 645 2668 ἀδικεῖσθαι,
662 2595 705 2656 διὰ
719 2602 764 2656 τοῦ
790 2600 843 2678 δρι-
891 2598 1048 2649 committere
1065 2617 1071 2648 τ
1087 2601 1145 2648 sunt
1161 2611 1221 2648 vero
1237 2597 1371 2661 singularia
1391 2596 1499 2658 turtum,
1513 2597 1678 2660 contumelia,

56 2689 127 2760 σμοῦ
135 2687 180 2743 τοῦ
192 2685 349 2757 ἀδικεῖσθαι,
361 2681 442 2744 ὅέστι
453 2683 485 2743 τδ
496 2684 575 2744 ἄδικα
585 2683 698 2766 πάσχειν
710 2685 785 2770 παρά
794 2693 843 2762 την
893 2687 1011 2747 verbera,
1027 2687 1152 2752 parietum
1165 2687 1303 2739 effractum
1318 2704 1324 2737 :
1339 2701 1413 2738 nemo
1424 2691 1508 2738 autem
1520 2687 1561 2738 rel
1576 2701 1622 2738 sua
1637 2686 1679 2738 in-

56 2775 137 2832 αὐτοῦ
154 2772 288 2852 βούλησιν.
891 2778 970 2835 ratur,
991 2775 1030 2826 rel
1045 2775 1173 2840 proprium
1188 2775 1309 2841 parietem
1332 2774 1455 2840 pertudit,
1471 2775 1512 2826 rel
1530 2775 1680 2826 contumelia

100 2863 226 2942 (Scripsi
238 2883 246 2922 t
260 2873 273 2898 ¹
284 2863 346 2922 ὅταν
362 2863 407 2922 καλ
422 2861 556 2944 γινιίισκῃ]
577 2864 645 2927 cod.
664 2863 726 2926 ὅταν
742 2865 788 2926 καὶ
802 2891 843 2946 γι·
891 2878 918 2916 se
935 2865 988 2930 ipse
1001 2863 1080 2915 afficit
1100 2869 1145 2916 aut
1165 2865 1289 2917 verberat.
1305 2865 1419 2931 Denique
1433 2865 1542 2932 aliquem
1553 2863 1601 2916 sibi
1613 2865 1680 2929 inju-

53 2954 164 3016 .,0¹,mp,
179 2952 240 2998 -1¹
262 2950 363 3034 τᾶλλα]
390 2954 458 3015 cod,
482 2951 511 3012 τ’
527 2953 608 3013 ἄλλα,
630 2987 671 3000 -
688 2963 698 2990 ⁶
718 2956 843 3036 ἀπαιτεῖ]
892 2954 954 3005 riam
964 2952 1046 3005 facere
1055 2957 1082 3005 et
1094 2957 1182 3019 sponte
1194 2953 1305 3018 aeaipere
1318 2951 1409 3003 falsum
1424 2951 1680 3017 esseprobsturdeti·

55 3045 125 3105 cod.
151 3043 257 3104 ἀπατεῖ.
274 3045 339 3090 -i
364 3044 430 3104 ἀλλο
452 3041 538 3123 ἐστίν]
555 3044 645 3121 vulgo
667 3044 734 3104 ἄλλο’
760 3048 840 3106 ἔστιν.
892 3033 1680 3108 111111111θ111ῖ1111111θθῦθθῑῐθιθθῧθθῐῙῙΟΨῙΠῙΗΠῘΜΡΓΒ·

54 3165 99 3179 -
112 3144 122 3169 ⁸
135 3135 193 3192 καθ’
208 3132 327 3212 ἕκαστα]
353 3133 419 3192 cod.
444 3129 608 3195 καθέκοιστα.
633 3135 697 3179 -1
716 3135 782 3194 ἀλλο
799 3138 843 3215 τι]
892 3131 1188 3184 11110111111111111111111
1201 3130 1326 3197 1111111111·

55 3222 149 3299 vulgo
163 3221 227 3283 ἄλλο’
239 3247 275 3283 τι.
289 3227 347 3296 -)

386 3393 454 3473 Κεφ.
477 3389 525 3464 ιη’.
1201 3396 1260 3461 Gap.
1278 3397 1368 3448 lllllll.

148 3561 205 3614 Ὀτι
219 3565 302 3629 χεῖρον
316 3562 393 3612 κακὸν
407 3563 436 3612 τὸ
448 3563 542 3612 ἀδικεῖν
552 3567 597 3614 τοῦ
610 3563 755 3616 ἀδικεῖσθαι.
959 3565 1033 3620 Maius
1045 3563 1131 3609 malum
1145 3573 1192 3610 esse
1203 3561 1277 3610 iacere
1285 3564 1394 3620 iniuriam
1411 3574 1479 3622 quam
1498 3565 1609 3623 sculpere.

103 3715 116 3742 *
128 3712 250 3795 Φανερδν
265 3713 309 3786 δέ,
325 3712 365 3775 ὅτι
381 3711 461 3793 ἄμφω
478 3712 526 3791 μέν
541 3716 630 3795 φαῦλα
641 3712 687 3774 καλ
701 3713 731 3774 τδ
745 3715 847 3784 ἀδικεῖς
922 3724 1031 3787 Apparet
1046 3724 1148 3784 autem,
1163 3724 1300 3787 utrumque
1320 3721 1415 3772 malum
1431 3734 1497 3780 esse,
1521 3723 1547 3772 et
1568 3719 1679 3785 accipere

59 3811 121 3865 σθαι
134 3803 177 3864 καὶ
193 3805 224 3864 τδ
242 3803 357 3880 ἀδικεῖν,
382 3802 427 3860 καὶ
448 3801 499 3882 γάρ
513 3801 595 3882 ἄμφω
617 3807 665 3860 τοῦ
688 3801 770 3878 μέσου
794 3802 844 3872 ἔξω
892 3811 1008 3876 injuriam
1027 3815 1053 3863 et
1073 3809 1172 3872 iacere,
1187 3811 1312 3876 siquidem
1332 3815 1469 3874 utrumque
1482 3813 1554 3861 extra
1566 3809 1678 3861 medium

58 3894 198 3966 πίπτουσι,
209 3893 258 3976 Ικαλ
272 3893 302 3950 τὸ
319 3891 366 3968 μίν
389 3893 490 3950 ἀδικεῖν
506 3893 587 3951 πλέον
601 3892 673 3964 ἐστί,
689 3891 719 3950 τδ
740 3891 767 3950 δέ
784 3895 840 3952 ἀδι·
891 3905 943 3964 est,
956 3905 981 3952 et
993 3902 1074 3958 iacere
1083 3901 1185 3966 quidem
1200 3899 1382 3965 pluslrabetur,
1395 3899 1506 3962 accipere
1516 3911 1575 3948 uero
1586 3899 1676 3960 minus,

59 3985 160 4042 κεῖσθαι
174 3983 300 4052 ἔλαττον,
312 3979 342 4038 τδ
354 3978 381 4039 δδ
402 3981 600 4060 δικαιοπραγεῖν
616 3980 673 4040 ἴσον
689 3980 734 4039 καί
749 3981 842 4057 μέσον,
891 3995 976 4042 contra
990 3993 1058 4055 juste
1082 4003 1153 4054 agere
1168 3993 1194 4040 et
1207 3988 1303 4054 aequale
1323 3991 1350 4038 et
1363 3986 1472 4037 medium
1494 3989 1546 4048 est,
1567 3987 1633 4037 sicut
1652 3987 1679 4038 in

60 4073 148 4154 ὥσπερ
163 4073 193 4131 τδ
213 4070 323 4149 θγιεινδν
347 4073 373 4129 ἐν
395 4071 519 4148 ἰατρικῇ,
547 4071 592 4129 καλ
615 4071 645 4129 τδ
662 4071 795 4130 εὐεκτικὸν
818 4076 844 4131 ίν
891 4081 1014 4152 medicina
1031 4079 1131 4130 salubre
1148 4081 1224 4144 atque
1238 4079 1264 4128 in
1279 4077 1434 4142 gymnasticu
1455 4079 1509 4127 arte
1527 4077 1608 4126 bonus
1622 4090 1680 4127 eor·

59 4165 232 4240 γυμναστικῇ·
249 4159 330 4240 ἄμφω
346 4155 393 4235 μὲν
409 4147 452 4216 οὖν
472 4161 574 4239 φαῦλα,
593 4167 681 4242 χεῖρον
698 4161 726 4219 δέ
742 4161 799 4219 ἐστι
814 4162 843 4220 τδ
892 4170 959 4237 poris
974 4169 1096 4220 habitus:
1113 4171 1252 4233 utrumque
1266 4181 1324 4231 ergo
1335 4167 1431 4217 malum
1442 4170 1497 4228 est,
1509 4169 1535 4216 at
1549 4167 1621 4232 pejus
1639 4167 1680 4217 in-

60 4252 166 4310 ἀδικεῖν.
181 4250 223 4310 Τδ
237 4248 285 4327 μὲν
299 4248 351 4328 γάρ
366 4249 467 4306 ἀδικεῖν
480 4248 525 4306 καί
543 4251 622 4308 κακόν
639 4251 713 4327 έττι,
731 4251 777 4310 καὶ
792 4249 843 4332 ψέ-
889 4262 980 4326 iuriam
992 4257 1091 4310 inferre.
1105 4260 1219 4323 Namque
1229 4256 1329 4308 affinem
1344 4257 1406 4308 alios
1417 4256 1572 4321 injuriatum
1585 4256 1677 4321 impro-

59 4361 143 4417 γεται·
156 4340 201 4397 κοιλ
215 4334 334 4410 κακόηῆ
347 4336 417 4396 κατά
427 4335 530 4396 τελείαν
540 4339 648 4411 κακίαν,
662 4337 721 4412 ἤτοι
730 4337 779 4410 τὴν
794 4361 843 4399 κοι-
891 4349 950 4401 bum
963 4351 1018 4408 est,
1037 4351 1093 4398 tum
1110 4347 1270 4412 vituperatur
1288 4350 1332 4397 :et
1351 4346 1492 4411 improbum
1506 4345 1616 4411 quidem,
1638 4345 1679 4396 rel

61 4427 135 4487 θόλου
146 4428 260 4503 ἀδικίαν,
275 4427 351 4500 iaris
365 4426 483 4505 μερικήν·
492 4425 565 4498 καλὴ
579 4427 703 4495 ἀκουσίως
715 4428 760 4487 καλ
773 4428 842 4504 μετά
890 4439 1012 4490 absolutis
1034 4437 1200 4503 improbitatis
1226 4439 1355 4501 respectu,
1381 4435 1474 4496 idest,
1492 4435 1621 4499 injustitias
1638 4434 1679 4485 rel

59 4515 243 4596 προαιρέσεως,
252 4515 329 4576 ὅέστι
341 4517 371 4575 εδ
383 4516 488 4582 τελείως
498 4516 608 4588 ἀδικεῖν,
621 4515 639 4588 ἣ
651 4515 842 4596 ἀκουσίωςμέν,
891 4525 1053 4587 universalis,
1069 4526 1109 4577 rel
1123 4525 1255 4590 singularis
1269 4545 1275 4575 :
1288 4529 1314 4576 et
1331 4527 1375 4575 aut
1395 4528 1481 4588 sponte
1495 4526 1521 4574 et
1537 4528 1609 4588 capto
1619 4535 1678 4572 eun·

59 4606 91 4663 οὗ
103 4603 167 4678 μετὰ
180 4604 357 4684 προαιρέσεως
372 4604 418 4677 δέ,
434 4603 497 4684 ὅπερ
515 4603 591 4683 ἐγγύς
601 4608 658 4665 ίστι
671 4612 717 4666 τοῦ
733 4608 842 4682 ἀδικεῖν,
891 4617 961 4676 silio,
983 4615 1051 4681 quod
1075 4617 1114 4665 est
1132 4613 1246 4664 absolute
1270 4613 1386 4679 injuriam
1406 4611 1503 4670 facere,
1527 4613 1572 4660 aut
1592 4611 1680 4674 sponte

60 4693 106 4751 καί
120 4693 148 4750 eri
163 4693 272 4754 τέλειον·
289 4698 319 4755 οὗ
336 4693 388 4774 γάρ
404 4692 475 4753 ἅπαν
492 4695 611 4754 ἑκούσιον
635 4695 762 4776 βλαδερδν
777 4699 837 4778 τῷν
890 4704 1007 4770 quidem,
1026 4706 1053 4753 st
1066 4717 1116 4753 non
1136 4705 1210 4767 capte
1228 4701 1345 4760 oonsilio,
1356 4700 1424 4765 quud
1442 4699 1554 4764 proxime
1568 4697 1601 4748 ad
1615 4695 1679 4746 illud

60 4782 168 4848 πλησίω
183 4785 229 4842 κοιλ
241 4785 341 4846 ἄδικον.
356 4783 397 4845 Τδ
407 4784 435 4843 δὲ
449 4785 596 4844 ἀδικεῖσθαι
606 4787 688 4845 κακὸν
701 4786 749 4864 μέν
761 4789 842 4864 ἐστιν,
891 4791 1003 4852 rimedii,
1044 4790 1089 4841 seii
1123 4805 1172 4840 non
1203 4793 1242 4840 est
1275 4789 1418 4839 absolutum
1453 4804 1459 4838 :
1495 4801 1576 4852 nsque
1613 4785 1679 4837 euim

61 4870 92 4929 οὐ
104 4871 210 4951 ψέγεται
225 4873 268 4947 δέ,
282 4873 322 4932 ὅτι
334 4873 372 4950 μὴ
386 4873 428 4932 διδι
441 4873 570 4954 πονηρίαν
584 4871 602 4946 ἢ
618 4875 701 4949 ἀλλην
717 4875 776 4936 τινά
794 4901 843 4936 κα-
889 4883 971 4934 οιιιιιῖε
998 4880 1063 4932 aeliu
1076 4879 1231 4940 voluntaria,
1245 4892 1304 4944 quea
1324 4878 1397 4929 alteri
1410 4880 1498 4935 noeet,
1520 4875 1594 4926 simul
1611 4874 1679 4939 inju-

60 4961 117 5022 κίον
130 4963 259 5023 ἀδικεῖταί
276 4987 325 5032 τις.
347 4965 413 5023 Καθ’
428 4961 494 5022 αθτδ
511 4960 560 5041 μέν
581 4953 626 5022 οὖν
643 4965 673 5022 τδ
689 4965 837 5026 ἀδικεῖσθαι
891 4977 930 5023 sta
945 4975 993 5023 est.
1020 4970 1140 5036 injuriam
1157 4983 1217 5021 vero
1233 4969 1359 5049 acuipere.
1377 4967 1472 5018 malum
1497 4964 1599 5031 quidem
1620 4967 1675 5026 est,

90 5194 102 5222 *
119 5195 228 5260 Φανερδν
241 5197 267 5246 δέ
275 5195 327 5260 ,ὅτι
338 5197 410 5260 ἄμφω
420 5197 476 5246 κτλ.
