3976 5948
591 389 829 468 sustulisse,
852 392 986 454 ΑΤΤῙίδΟ
1010 394 1058 453 ΕΤ
1078 393 1263 456 Nuuutttu.
1670 403 1735 461 l'l'l

142 523 238 600 μόνον,
252 520 310 583 ἀλλ’
319 521 369 590 ἕως
379 525 424 580 τοῦ
434 519 554 602 τετράκις
565 523 608 582 διὰ
622 529 714 584 πασῶν
731 525 776 584 καί
786 525 829 585 δεδι
839 525 916 585 πέντε
965 528 1118 605 pristinum
1132 540 1237 587 statum
1252 527 1450 588 redeuntibus.
1469 527 1535 587 Erat
1546 531 1622 590 enim
1636 534 1662 589 ci
1676 553 1739 611 per·

141 609 261 692 προσθείς
270 609 498 684 καίτόνον,ῆῶςό
512 610 629 692 Σεθῆρος
637 615 787 691 πεποίηκεν,
795 617 842 674 ούκ
858 615 918 674 ἄνευ
965 635 1098 687 suasum,
1126 617 1253 676 animum
1277 629 1337 676 lum
1362 637 1453 676 unum
1468 636 1530 677 esse
1549 625 1577 675 el
1600 619 1737 699 incorpo-

142 701 189 775 μέν
202 703 248 758 τοῦ
256 697 330 758 τόνου
340 701 423 757 ποιῶν
432 697 490 758 οὐδέ
501 689 583 776 οὗτος,
591 702 626 768 εἰς
637 701 664 760 δέ
675 702 704 762 τδ
712 705 812 782 λεῖμμα
821 703 917 782 λήγων,
966 723 1065 779 reum,
1079 718 1140 764 tum
1164 706 1261 764 formae
1283 707 1463 782 geometricae
1477 707 1601 784 speciem
1615 707 1736 782 habere,

141 787 240 847 δλλόῦ
255 785 299 846 τόν
312 787 387 846 τόνον
402 801 430 846 et
442 789 541 866 paucis
560 791 735 869 interpositis
749 813 778 870 p.
800 813 866 869 ¹9²·
881 794 916 852 D.
964 793 1041 870 quod
1064 813 1081 852 e
1103 793 1209 853 Stobaei
1231 809 1260 852 et
1286 796 1380 853 Procli
1405 797 1574 854 testimoniis
1599 797 1735 856 eflicitur.

142 877 217 938 άλλοι
230 879 257 936 δέ
269 876 317 950 τὴν
329 875 376 952 μὲν
388 875 529 949 λαόδοειδῆ
538 876 726 957 παρῃτήσαντο
738 879 919 961 καταγραφήν,
964 880 1094 941 Stobaeus
1107 882 1206 958 Eclog.
1225 883 1314 960 Phys·
1337 881 1389 945 lib.
1406 883 1432 956 l,
1457 903 1519 962 cap.
1536 894 1569 953 ήτ
1590 901 1657 961 pag.
1682 886 1739 942 860
1849 893 1852 900 '
1963 855 1964 870 ί

142 963 202 1038 έξῆς
217 965 244 1026 δέ
260 967 296 1032 ti<
317 963 360 1024 tut
376 969 423 1036 τῆς
443 971 489 1026 τοῦ
503 965 609 1033 κανόνος
627 970 781 1045 κατατομῆς
797 968 919 1028 τάττουσι
964 989 1026 1049 seq.
1041 972 1087 1032 ed.
1102 972 1225 1032 lleeren.
1242 969 1309 1050 μετά
1321 971 1352 1043 δή
1370 976 1454 1031 ταῦτα
1467 971 1525 1038 τοῦς
1539 975 1574 1038 είς
1588 975 1738 1049 μαθηματι-

142 1053 202 1122 τοδς
215 1051 340 1134 άριθμοθς
351 1051 421 1112 κατὰ
432 1051 466 1111 τὰ
480 1050 539 1133 τρία
553 1052 665 1135 κέντρα,
675 1054 794 1136 πρώτους
808 1055 853 1116 καλ
865 1056 921 1115 διν·
964 1055 1013 1129 κήν
1028 1058 1117 1120 οδσίαν
1128 1057 1270 1126 ἐντιθέντας
1284 1057 1332 1130 τήν
1342 1057 1432 1118 οθσίαν
1446 1063 1493 1131 τῆς
1507 1061 1592 1140 ψυχῆς
1602 1059 1740 1136 καταλέγω

142 1141 231 1222 τέρους
243 1141 289 1200 καί
303 1140 405 1223 τρίτους
419 1141 617 1220 λαμύάνοντες,
630 1141 722 1226 ὥσπερ
736 1142 768 1214 δή
784 1143 830 1204 καί
843 1149 920 1221 ήμεῖς
965 1145 1189 1226 διενκρινημένονς.
1205 1143 1285 1206 Ἔστι
1299 1143 1331 1217 δή
1341 1145 1413 1224 γένος
1425 1144 1452 1204 έν
1466 1169 1492 1204 τι
1502 1149 1582 1218 αὐτῆς
1593 1147 1623 1205 τὸ
1635 1151 1739 1224 σχῆμα,

142 1229 299 1309 ποιήσομεν.
318 1228 398 1290 Ούτω
416 1228 443 1290 δέ
458 1230 503 1290 καὶ
519 1231 533 1287 δ
552 1230 701 1314 Πορφύριος
715 1232 760 1291 καὶ
774 1235 788 1291 ὁ
804 1231 920 1312 Σεόῆρος
965 1231 1046 1313 πέρας
1069 1231 1098 1294 δν
1113 1233 1289 1306 διαστάσεως,
1310 1235 1356 1292 καλ
1378 1234 1445 1308 αὐτῆ
1465 1235 1610 1302 διάστασις.
1632 1237 1677 1294 Ἐν
1692 1236 1741 1293 αῦ-

142 1317 251 1388 άξιοῦσι.
265 1317 345 1377 ldem
354 1339 384 1397 p.
402 1321 468 1395 198.
483 1317 553 1377 Bde
566 1319 846 1398 eodemat·gumento
860 1321 921 1380 haec
965 1329 1018 1388 τοῖς
1042 1320 1089 1399 μέν
1112 1313 1156 1381 σύν
1173 1320 1274 1390 τούτοις
1289 1319 1407 1402 Σεύῆρος
1430 1326 1444 1380 δ
1468 1322 1637 1390 Πλατωνικὸς
1661 1323 1742 1394 αὐτὴν

144 1407 259 1466 disserit
274 1405 413 1485 ιΣιόῆρος
423 1404 450 1465 δὲ
464 1405 531 1475 ἀξιοῖ
543 1405 581 1484 μή
592 1408 628 1474 είς
640 1407 712 1467 τόνον
723 1407 753 1467 τδ
766 1408 921 1488 διάγραμμα
967 1410 1118 1492 άρωρίσατο
1131 1411 1190 1472 κτλ.
1214 1411 1334 1469 Procius
1348 1411 1377 1468 in
1390 1411 1467 1474 Tim.
1479 1431 1546 1490 pag.
1564 1414 1630 1470 186.
1645 1411 1679 1471 E.
1697 1414 1743 1471 οὐκ

144 1495 319 1573 καταλήγειν,
335 1494 395 1555 ἀλλ’
409 1497 447 1564 είς
460 1497 582 1574 λεῖμμα,
607 1497 696 1567 έπιιδή
711 1495 786 1556 καλό
807 1497 920 1558 Πλάτων
968 1499 1019 1580 άρα
1039 1498 1180 1576 ἀνεξόμεθα
1194 1497 1279 1578 λέγειν
1303 1504 1380 1573 ἡμεῖς
1401 1498 1469 1558 οὕτω
1485 1498 1570 1576 μέσην
1591 1499 1688 1572 οῦτήν,
1708 1502 1743 1565 όις

147 1585 183 1650 εἰς
209 1589 283 1643 τοῦτο
305 1583 390 1642 πάντα
412 1582 455 1642 τὸν
471 1583 531 1664 περὶ
546 1587 593 1656 τῆς
608 1585 758 1664 διαιρέσεως
771 1589 817 1656 τῆς
836 1588 922 1666 ψυχῆς
968 1587 1079 1667 ἔχουσάν
1100 1611 1125 1646 τι
1138 1586 1184 1646 καὶ
1196 1585 1337 1663 ἀσώματον
1349 1587 1393 1646 καὶ
1407 1587 1567 1663 σωματικόν,
1579 1592 1613 1652 ὡς
1627 1589 1742 1668 Ἐρατο-

147 1670 225 1744 λόγον
240 1671 440 1749 συνεπεράνατο.
453 1669 505 1732 Ἷν’
519 1661 563 1730 σύν
587 1674 624 1740 τίς
641 1675 743 1749 λεῖμμα
757 1673 921 1752 καταντήσῃ,
968 1676 1059 1749 σθένης
1079 1673 1254 1750 ύπέλαῦεν,ῆ
1276 1675 1411 1752 διάστημα
1432 1697 1608 1753 γεοιμετρικον
1632 1677 1674 1734 έπί
1696 1673 1744 1746 τὴν

146 1759 305 1840 μεθερμόζει
325 1760 397 1828 τινὰς
419 1764 471 1819 τῶν
496 1758 564 1840 ὅρων
584 1760 630 1820 καὶ
653 1767 723 1818 πονεῖ
745 1759 805 1828 τοὺς
823 1759 923 1828 πάντας
969 1765 1057 1825 οὐσίαν
1075 1769 1157 1837 αὐτῆς
1170 1762 1318 1844 ἀναφέρειν,
1333 1766 1368 1830 ὡς
1387 1764 1515 1843 Σεὸἥρις.
1532 1766 1632 1842 κρᾶσις
1650 1763 1699 1842 γὰρ
1713 1765 1745 1822 ἄν

145 1847 285 1926 τριάκοντα
310 1849 355 1908 καί
369 1848 514 1929 τέσσαρας·
529 1847 619 1922 ἐπειδή
634 1844 662 1908 δέ
678 1849 705 1908 έν
719 1850 757 1929 τῷ
775 1853 922 1929 τριακοστῷ
968 1877 1031 1913 ποτε
1045 1853 1146 1932 γένοιτο
1163 1851 1323 1911 ἀδιαστάτου
1334 1850 1380 1909 καί
1392 1853 1534 1910 διαστατοῦ
1546 1851 1592 1910 καί
1604 1851 1744 1929 άμερίστου

146 1933 190 1992 καί
207 1935 324 2017 τετάρτῳ
345 1938 455 2013 μονάδος
471 1936 613 2018 ὑπότροχον
636 1935 734 2012 ήμισυ,
760 1936 923 2005 διπλασιάζει
968 1940 1013 2000 καὶ
1028 1939 1237 2017 σῶματος·οῦδέ
1256 1937 1308 2019 γδρ
1329 1938 1438 2014 σημείου
1461 1938 1506 1996 καί
1521 1943 1661 2017 γραμμῆς·
1675 1942 1697 1996 εί
1718 1939 1744 1998 δέ

144 2021 201 2092 τοῦς
212 2021 287 2103 όρους
302 2023 348 2082 καὶ
362 2031 432 2084 ποιεί
445 2025 553 2106 πρώτην
578 2032 672 2104 μοῖραν
684 2024 728 2083 τόν
740 2023 808 2106 ψξη,
822 2023 850 2092 dc
868 2029 923 2085 έστι
969 2029 1007 2106 μῆ
1018 2029 1132 2104 ταύτης,
1145 2028 1191 2088 καλ
1203 2029 1284 2089 ἄλλον
1302 2027 1369 2095 τινδς
1383 2027 1561 2104 διαστήματος
1573 2029 1663 2107 πολλῷ
1676 2028 1744 2104 μάλ·

145 2116 190 2170 τοῦ
204 2113 257 2172 τπδ
282 2113 429 2181 διπλάσιος.
452 2113 535 2173 Αδείε
550 2113 699 2192 sequeutia
722 2133 788 2192 pag.
808 2118 874 2191 198.
887 2115 921 2178 E.
968 2120 1026 2177 λον·
1040 2121 1139 2196 μᾶλλον
1152 2116 1204 2197 γάρ
1216 2121 1261 2176 τοῦ
1274 2117 1387 2195 άμεροῦς
1402 2113 1534 2194 ἀφέστηκε
1545 2111 1576 2173 τδ
1594 2117 1673 2193 τριχῆ
1693 2135 1743 2190 μεΠ

146 2202 194 2258 ούκ
215 2203 320 2282 άραιρεῑ
342 2201 369 2260 δέ
389 2201 446 2262 otti
470 2205 484 2261 δ
509 2201 626 2284 Σεύῆρος
646 2201 691 2260 τθν
707 2200 794 2273 τόνον,
816 2203 874 2260 ἀλλ’
892 2206 921 2263 ού
969 2205 1071 2284 ριστόν,
1089 2204 1106 2276 ῆ
1127 2204 1158 2264 τὸ
1177 2207 1300 2283 μοναχῆ·
1324 2199 1393 2262 άλλδν
1409 2199 1456 2272 τήν
1480 2198 1527 2278 μέν
1543 2199 1633 2278 νοερθν
1656 2201 1745 2259 οὐσίαν
1798 2246 1802 2254 .

145 2289 288 2368 καταλήγει
307 2293 343 2358 εἰς
360 2291 451 2354 αὐτόν.
466 2285 551 2350 Ὥστε
561 2291 591 2349 τδ
607 2291 666 2349 όλον
686 2288 843 2370 διάγραμμα
855 2291 932 2351 κατόν1
969 2293 1010 2352 uisi
1027 2292 1112 2370 μένειν
1134 2289 1210 2366 μίαν,
1227 2291 1276 2361 τήν
1292 2287 1319 2348 δέ
1340 2287 1465 2370 μεριστήν
1489 2291 1518 2346 lx
1534 2289 1636 2346 πολλῶν
1651 2289 1745 2348 σθσιῦιν

145 2379 246 2446 πάντας
258 2377 288 2438 έκ
308 2384 397 2438 τετοῦ
421 2379 540 2458 τετράκις
564 2379 618 2438 έστλ
641 2377 685 2437 td
703 2381 795 2438 πασῶν
813 2378 858 2437 καί
881 2379 923 2438 διδ
969 2373 1051 2459 εἶναι,
1066 2379 1111 2452 τήν
1127 2379 1154 2438 δέ
1169 2379 1284 2459 ψυχικὴν
1299 2377 1362 2454 μίαν
1376 2377 1421 2436 καί
1436 2378 1464 2434 ού
1479 2375 1558 2452 μίαν,
1573 2377 1608 2441 ὡς
1622 2375 1667 2434 καλ
1680 2375 1708 2434 τδ
1718 2376 1745 2435 ἓν

143 2473 189 2526 τοῦ
203 2467 278 2527 πέντε
295 2467 341 2528 καλ
352 2468 408 2536 ένδς
428 2469 515 2530 τόνου.
532 2467 589 2529 Κδιν
605 2466 771 2545 ἐθελήσαιμεν
785 2468 825 2526 ἐπ’
838 2468 922 2527 αὐτῶν
969 2469 1105 2549 φυλάττειν
1122 2469 1148 2526 έν
1162 2471 1200 2546 τῷ
1215 2465 1376 2538 πληθύεσθαι
1388 2464 1433 2522 καί
1442 2462 1472 2521 τὸ
1489 2465 1585 2533 πλῆθος
1601 2467 1628 2522 έν
1639 2471 1678 2542 τῷ
1694 2464 1744 2522 ένί-

143 2561 196 2616 τῶν
216 2556 364 2633 μοναδικῶν
389 2557 507 2635 ἀριθμῶν
530 2553 675 2632 λαμόοίνειν
697 2554 732 2612 τόν
754 2554 923 2634 διαστήματα
969 2561 1073 2627 ζεαθαι·
1092 2558 1122 2616 οῦ
1136 2554 1187 2636 γδρ
1207 2551 1275 2614 οῦτοι
1290 2554 1397 2633 διαιρεῖν
1419 2551 1500 2624 αὐτὴν
1517 2550 1746 2629 τὸνδημιουργόν,

143 2648 244 2718 ταῦτα,
268 2642 417 2721 θεασόμεθα
438 2643 517 2724 μέχρι
546 2647 592 2702 τοῦ
614 2641 679 2703 έπτθ
701 2642 747 2702 καί
771 2641 853 2702 είκοσι
874 2643 922 2716 τὴν
968 2651 1002 2714 ῶς
1017 2648 1135 2706 δαπανᾶν
1150 2645 1180 2703 τδ
1194 2640 1255 2702 ίίλον
1272 2639 1366 2712 είςνῆν
1380 2638 1551 2718 ριατατομήν,
1568 2637 1637 2696 ἀλλὰ
1654 2639 1747 2720 ρυλάτ·
1824 2659 1827 2666 ·

143 2731 255 2811 πρόοδον
270 2733 438 2812 γιγνομένην.
454 2731 598 2800 Διπλάσιος
615 2733 666 2813 γδιρ
685 2731 759 2791 δδύο
771 2735 819 2804 τῆς
837 2733 920 2809 μονά-
967 2758 1046 2794 τοντα
1065 2736 1095 2793 τδ
1119 2732 1147 2792 δν
1168 2734 1247 2803 αὐτῆς
1268 2727 1392 2803 πληθύειν
1415 2728 1460 2786 καὶ
1480 2727 1509 2786 τδ
1535 2725 1594 2786 ὅλον
1617 2726 1746 2805 μερίζειν,

122 2821 200 2893 -δος,
214 2820 259 2879 καί
276 2824 290 2879 δ
308 2819 399 2882 τούτου
420 2823 434 2880 δ
453 2820 584 2900 τέσσαρα,
602 2820 647 2880 καὶ
666 2823 680 2879 δ
699 2818 792 2879 τούτου
810 2819 920 2895 θδκτιύ,
967 2822 1032 2884 όπου
1047 2846 1077 2902 γε
1099 2820 1144 2881 καλ
1159 2822 1185 2880 έν
1198 2823 1251 2887 τοῖς
1269 2818 1374 2896 σιύμασι
1397 2814 1542 2876 καὶταῦτα
1566 2814 1653 2874 πάντα
1669 2835 1746 2894 μερι-

143 2907 217 2967 κτιλδ
234 2907 327 2968 τούτου
346 2913 360 2968 ὁ
381 2906 504 2968 δέκακαὶ
522 2907 564 2977 di,
581 2907 627 2967 καί
647 2908 727 2988 μέχρι
743 2910 818 2968 τοῦδε
838 2909 868 2969 τδ
885 2933 923 2968 τε·
968 2921 1037 2980 στοῐς
1052 2902 1125 2971 ούσιν
1147 2899 1214 2968 εἷναί
1232 2907 1258 2967 τί
1281 2930 1358 2988 ρησιν
1381 2905 1408 2964 δν
1424 2903 1572 2964 συνεκτικδν
1595 2906 1646 2961 τῶν
1662 2906 1748 2982 μερῶν

142 2996 233 3077 τράκις
247 2995 290 3056 διδ
310 2999 416 3056 πασῶν·
430 2997 510 3058 αῦτοῦ
523 2997 550 3056 δέ
566 2995 660 3057 τούτου
673 2997 792 3074 ἡμιόλιος
810 3002 824 3058 δ
840 2997 922 3057 είκοσι
967 2999 1121 3070 όἘλεάτης
1134 2995 1217 3069 ξένος,
1234 2996 1283 3075 (ci.
1297 2996 1370 3055 Plat.
1391 2993 1482 3072 Soph.
1504 3013 1534 3071 p.
1557 2992 1625 3061 aas.
1643 2990 1688 3068 A)
1704 2991 1749 3048 καί

142 3085 188 3144 καὶ
203 3085 335 3164 τέσσαρα,
350 3083 437 3144 >tciri
454 3085 495 3144 διδ
515 3085 593 3145 πέντε
610 3091 701 3144 τοῦτο·
714 3084 762 3162 καλ
781 3084 847 3164 πρδς
859 3093 920 3144 τοῦ·
968 3087 1146 3169 Ἀριστοτέλης
1158 3083 1268 3144 συνιδὼν
1282 3075 1349 3143 εἶναι
1363 3082 1408 3142 καὶ
1425 3083 1451 3140 έν
1461 3087 1514 3148 τοῖς
1527 3086 1657 3159 μεριστοῖς
1668 3101 1694 3138 τι
1709 3077 1748 3136 δί-

145 3197 189 3234 τον
204 3173 318 3254 ἔχειτὸν
341 3172 464 3252 ἐπόγδοον
486 3173 563 3253 λόγον
585 3171 668 3248 είκοσι
691 3172 736 3232 καί
756 3173 837 3232 ίπτά·
854 3171 922 3232 ὥστε
968 3177 1046 3236 δωσιν
1065 3173 1176 3254 ἀμερές·
1189 3172 1257 3233 ὥστε
1271 3173 1362 3252 πολλῷ
1375 3171 1474 3247 μᾶλλον
1488 3173 1535 3240 τῆς
1550 3171 1637 3248 ψυχῆς
1649 3165 1679 3226 τὸ
1690 3165 1749 3226 δλον

143 3262 195 3322 dreit
206 3267 253 3334 τῆς
270 3269 332 3338 pte<
344 3261 435 3342 μοίρας
449 3261 530 3343 μέχρι
543 3265 589 3334 τῆς
604 3261 923 3328 ίπτακαιεικοσαπλασίας
969 3265 1014 3324 καί
1030 3263 1058 3324 έν
1084 3265 1156 3341 μένον
1177 3261 1210 3320 ἂν
1233 3257 1414 3336 πληθυομίνης
1438 3257 1482 3318 καί
1506 3255 1690 3338 μεριζομίνης,
1710 3257 1750 3316 διὸ

145 3352 172 3409 td
188 3349 325 3428 είρημέναι
344 3351 503 3409 τελειοῦνται
522 3349 680 3430 συμφωνίαι.
701 3353 787 3411 Τοῦτο
802 3347 848 3428 μέν
866 3341 921 3423 ούν,
969 3353 1014 3413 καί
1029 3350 1167 3434 άμίρεστός
1183 3351 1272 3424 ἐστιν’,
1289 3347 1324 3415 ὥς
1345 3370 1423 3428 ρησιν
1448 3345 1601 3420 δΤίμαιος.
1619 3345 1653 3403 Εἰ
1669 3342 1696 3402 δέ
1711 3345 1748 3420 μή

148 3439 215 3518 ὅπερ
231 3442 309 3519 ἔφην,
325 3437 410 3498 κοινόν
430 3437 514 3505 άπασι
527 3442 581 3504 τοῖς
595 3439 793 3517 διαγράμμασι·
808 3439 924 3520 διαφέρει
970 3439 1079 3512 ἐσώζετο
1099 3441 1129 3509 τὸ
1144 3438 1171 3498 έν
1185 3440 1281 3510 αύτῆς,
1299 3435 1384 3514 μόνως
1402 3435 1433 3493 δν
1447 3425 1479 3507 ήν
1496 3431 1621 3513 μεριστή·
1637 3421 1689 3491 οἷον
1704 3430 1749 3491 καί

147 3524 176 3584 δέ
191 3526 330 3602 ἀλλήλων,
346 3524 386 3584 ότι
406 3527 441 3584 τδι
466 3527 513 3602 μέν
539 3529 594 3586 ἔστι
616 3526 774 3602 λαύδοειδῆ,
788 3526 822 3586 τδ
838 3525 865 3588 δέ
881 3531 922 3587 ἐπ’
969 3533 991 3590 εί
1004 3528 1088 3609 λέγοις
1100 3527 1130 3588 τδ
1140 3526 1302 3598 διανοητικδν
1318 3526 1398 3596 αὐτῆς
1409 3521 1453 3582 καὶ
1467 3520 1617 3590 δοξαστικὸν
1629 3519 1673 3579 δύο
1683 3509 1749 3578 εἶναι

145 3611 255 3680 εὐθείας.
280 3613 334 3673 ltd
348 3611 399 3693 γάρ
413 3618 464 3674 τῶν
480 3617 601 3673 παλαιῶν
620 3618 634 3674 δ
654 3611 700 3692 μέν
715 3612 857 3696 Ἄδραστος
870 3623 923 3684 τοῖς
969 3616 1058 3684 οὐσίας
1071 3614 1117 3674 καί
1134 3613 1204 3692 όμως
1217 3614 1281 3691 μίαν
1296 3602 1425 3682 εἶναιτὴν
1441 3607 1505 3681 όλην
1517 3607 1683 3679 διανοητικὴν
1703 3607 1749 3666 καί

142 3700 338 3776 λαόδοετδέσιν,
351 3705 366 3760 δ
381 3700 409 3761 δέ
427 3701 544 3782 Σιόῆρος
558 3705 612 3769 τοῖς
632 3701 691 3761 κατ’
704 3703 803 3762 εύθιῖαν
824 3702 923 3762 τίθεται
969 3703 1138 3778 δοξαστικήν,
1154 3703 1201 3762 οῦκ
1217 3707 1372 3761 ἀποστᾶσαν
1386 3705 1432 3758 τοῦ
1448 3697 1502 3764 ένδς
1516 3700 1554 3774 τῷ
1573 3695 1669 3759 καθείς
1684 3696 1746 3750 δαυ-

143 3790 222 3868 (leg.
238 3789 406 3870 προστίθεται
417 3787 444 3869 l·
459 3791 505 3850 καί
520 3796 596 3850 τοῦτο
608 3788 723 3868 οίμεινον.
969 3794 1016 3867 τήν
1031 3792 1168 3854 συννεύειν.
1187 3790 1284 3867 Ἡμεῖς
1298 3789 1346 3864 μὲν
1361 3778 1405 3848 σύν
1427 3789 1474 3846 ἄπ’
1493 3786 1577 3844 αὐτῶν
1593 3779 1748 3860 ὁρμηθέντες

186 3879 242 3938 Sed
265 3891 371 3957 praeter
394 3879 618 3938 commentarios
643 3899 717 3957 quos
740 3879 770 3938 in
794 3881 923 3940 Platonis
968 3885 1019 3941 τῶν
1037 3882 1178 3948 Πλάτωνος
1191 3879 1238 3950 τήν
1251 3877 1390 3958 ἀμέριστον
1404 3872 1493 3934 οθσίαν
1508 3870 1611 3942 καίτὴν
1622 3867 1747 3948 μεριστήν

145 3965 288 4025 'fimaeum
304 3981 508 4046 composuerat
531 3966 671 4039 Severus,
685 3965 749 4044 ejus
772 3966 808 4024 de
828 3967 923 4026 animo
970 3969 1167 4048 ἐξηγησόμεθα·
1183 3971 1234 4025 τῶν
1252 3964 1279 4024 δέ
1294 3964 1344 4043 πρὸ
1362 3965 1437 4040 ήμῶν
1460 3961 1485 4019 σί
1501 3958 1548 4038 μέν
1561 3953 1747 4033 μνῑθημθτθθλν

147 4055 302 4134 disputatio
341 4066 516 4114 memoratur
553 4053 590 4112 ab
629 4053 753 4113 Eusebio
792 4053 921 4133 Praepar.
970 4063 1103 4123 ποιοῦντες
1113 4057 1162 4127 τήν
1177 4054 1266 4114 οθσίαν
1280 4057 1328 4124 τῆς
1339 4054 1445 4131 ψυχῆς,
1458 4051 1493 4116 ὣς
1505 4047 1587 4126 μέσον
1601 4049 1653 4104 τῶν
1665 4068 1694 4104 τί
1704 4068 1749 4121 νυ·

147 4144 257 4222 Evang.
284 4143 336 4205 lib.
352 4142 438 4216 xttl,
458 4163 522 4222 cap.
546 4141 634 4201 xvlt.
656 4140 855 4217 Fragmentum
873 4162 923 4201 au·
969 4149 1048 4206 σικῶν
1063 4143 1171 4205 καὶτῶν
1187 4142 1342 4221 θπιρρυῶν,
1355 4140 1379 4198 ol
1396 4135 1442 4216 μέν
1453 4134 1562 4227 άριθμδγ
1573 4131 1654 4203 αὐτήν
1665 4131 1748 4190 ιίπόν·

149 4244 205 4290 tem
223 4232 272 4313 (θ),
288 4232 367 4312 (γοοδ
380 4252 417 4291 ονε
432 4251 467 4290 eo
482 4231 642 4309 excerpsit,
658 4231 741 4306 signo
756 4243 817 4304 est,
834 4231 925 4309 philo·
968 4257 1010 4301 τις
1034 4235 1063 4290 ἐκ
1093 4229 1202 4308 μονάδος
1230 4233 1364 4300 ποιοῦσιν,
1393 4227 1428 4291 ὥς
1453 4221 1612 4304 δμερίστου,
1638 4221 1750 4294 καὶτῆς

147 4321 271 4400 sophum
301 4323 386 4381 istum
410 4320 539 4378 Platonis
570 4321 605 4378 de
634 4319 730 4378 animo
754 4319 924 4378 sententiam
970 4320 1091 4400 ἀορίστου
1105 4315 1214 4394 δῦάδος,
1228 4319 1263 4383 ῶς
1280 4315 1420 4394 μεριστῆς,
1436 4313 1460 4370 οἱ
1476 4308 1503 4370 δέ
1518 4313 1553 4378 ὡς
1567 4309 1747 4391 γεωμετρικήν

95 4415 99 4420 “
146 4424 304 4490 propterea
336 4411 521 4489 impugnare,
551 4407 631 4485 quod
658 4425 725 4466 eum
750 4425 786 4464 ex
816 4407 924 4486 duplici
970 4407 1114 4468 ύπόστασιν
1128 4393 1207 4466 ούσαν
1220 4405 1251 4466 ίκ
1265 4400 1375 4481 σημείου
1391 4400 1437 4462 καὶ
1451 4398 1628 4469 διαστάσεως,
1644 4405 1689 4458 τοῦ
1701 4397 1749 4473 μέν

147 4511 246 4577 parte,
262 4499 352 4558 altera
365 4498 548 4576 impatiente,
568 4495 659 4553 altera
673 4492 785 4572 patibili
801 4513 923 4554 concre-
971 4499 1100 4576 ἀμεροῦς,
1116 4498 1163 4566 τῆς
1188 4492 1216 4552 δέ
1240 4495 1375 4572 μεριστῆς.
1400 4492 1457 4560 Ἰῆς
1483 4488 1530 4564 μὲν
1553 4486 1680 4566 προτέρας
1699 4486 1749 4544 εἰσί

148 4599 210 4647 tum
235 4601 335 4667 portat.
358 4586 444 4659 Quod
459 4586 483 4646 si
509 4586 576 4663 quis
600 4583 787 4655 concederet,
803 4583 925 4644 Severus
970 4585 1045 4658 δόξης
1058 4585 1082 4644 σί
1104 4583 1165 4661 περί
1180 4580 1362 4664 Ἀρίστανδρον
1381 4577 1426 4654 καί
1447 4575 1596 4653 Νουμήνιον
1611 4573 1656 4632 καί
1676 4573 1751 4631 άλλοι

147 4677 293 4755 animum,
308 4689 408 4754 utpote
423 4695 459 4734 ex
474 4672 588 4734 duabus
605 4671 715 4730 naturis
734 4671 827 4750 iisque
841 4672 926 4731 dissi·
971 4675 1088 4732 πλεῖστοι
1108 4674 1160 4729 τῶν
1182 4669 1335 4748 ἐξηγητῶν,
1359 4669 1407 4736 τῆς
1424 4662 1451 4722 δέ
1477 4663 1597 4740 δευτέρας
1620 4659 1747 4738 Σῑὸἧρθς·

148 4763 266 4822 milibus
282 4763 455 4836 conflatum,
481 4759 672 4820 immortalem
698 4760 759 4818 sore
783 4760 924 4836 negabat,
972 4758 1128 4818 Enimvero
1143 4777 1233 4835 quum
1246 4753 1427 4815 lamblichus
1442 4750 1519 4830 apud
1531 4747 1677 4808 Stobaenm
1694 4765 1751 4802 me-

148 4865 229 4911 ratus
251 4851 401 4912 dissimilia
421 4864 449 4910 et
466 4851 611 4910 contraria
625 4861 766 4928 perpetuo
781 4849 927 4908 coherere
972 4848 1072 4908 moriae
1093 4846 1213 4925 prodat,
1228 4845 1336 4904 Severo
1361 4842 1490 4900 animum
1506 4836 1606 4896 'sideri
1629 4835 1748 4934 formam

148 4959 209 4998 non
230 4957 331 5019 posse,
354 4939 404 4998 scd
426 4938 566 5018 temporis
583 4955 741 5016 progressu
765 4936 926 4994 necessario
971 4937 1184 5012 geometricam,
1197 4945 1298 5012 quaeet
1310 4928 1456 4989 intervalli
1468 4925 1606 4986 terminus
1618 4931 1751 5000 elapsum

148 5025 289 5105 dissolvi,
303 5027 436 5106 partibus
460 5027 547 5086 illise
571 5023 677 5104 quibus
699 5021 869 5083 constabant
890 5025 924 5083 ad
972 5025 1159 5085 intervallum
1173 5025 1210 5085 sit
1227 5045 1234 5080 ι
1251 5038 1399 5100 quumque
1410 5016 1532 5076 Procius
1546 5011 1678 5089 adjiciet,
1693 5009 1751 5068 ³¹¹5·

382 5141 1743 5180 ——n-—uuya—ffl——nm-*affl

178 5243 213 5308 (δ)
227 5245 289 5298 lllde
304 5247 366 5297 lulra
377 5259 433 5312 pag.
443 5251 496 5298 tot.
1634 5283 1635 5288 ι

271 5338 336 5380 reu.
354 5339 432 5376 onae.
452 5339 487 5375 ιιι.
1599 5311 1626 5359 ¹²
