4020 5950
246 279 277 318 iv
916 251 1133 315 PRAEFATIO.

248 395 402 470 Berolini
428 392 532 492 1748,
555 391 756 489 germanice
780 393 837 460 to.
861 392 991 484 Georg.
1014 388 1233 460 Schultesius
1251 389 1368 461 Turici
1395 415 1499 488 1779·
1528 393 1570 462 lt
1593 389 1645 463 illi
1666 417 1793 467 omnes

245 519 418 592 Holstenii
445 517 690 589 recensionem
721 515 834 586 secuti
867 513 975 588 verba
1010 515 1194 613 scriptoris
1227 541 1302 587 non
1341 514 1603 614 expoliverunt.
1639 521 1790 591 Verum·

246 647 431 720 enimvero
465 657 587 716 nostra
618 656 722 715 aetate
754 639 904 712 multam
940 665 1089 739 operam
1121 638 1287 712 Sallustio
1317 655 1352 712 et
1388 639 1513 712 utilem
1553 641 1706 740 praebuit
1734 651 1790 718 lo.

1968 297 1992 350 <d

245 786 353 854 Conr.
379 778 534 852 Orellius
561 777 721 874 quitum
749 774 912 872 plurimis
938 773 1026 846 locis
1050 787 1252 846 correctum
1275 788 1352 846 tum
1377 775 1447 846 suis
1478 791 1515 846 et
1532 775 1687 849 aliorum
1717 781 1794 851 ani·

247 903 555 978 madversionibus
580 901 796 974 illustratum
824 923 936 995 graece
956 913 993 970 et
1022 899 1131 970 latine
1155 899 1272 970 Turici
1298 923 1396 971 anno
1430 900 1516 972 1821
1552 902 1790 1000 pervulgavit.

118 1087 122 1096 ·
245 1032 316 1105 Sed
347 1029 580 1130 expetebatur
607 1029 681 1130 jam
708 1027 908 1098 accuratior
941 1024 1160 1097 Sallustianae
1187 1026 1393 1123 scriptionis
1422 1025 1534 1100 editio
1556 1044 1592 1100 et
1617 1054 1711 1102 nova
1738 1033 1794 1102 in·

247 1155 455 1253 terpretatio
486 1153 618 1246 latina,
659 1163 742 1250 quae'
777 1149 991 1222 Allatianarn
1018 1147 1201 1244 diligentia
1240 1151 1411 1224 vinceret.
1454 1158 1649 1250 Utramque
1687 1156 1796 1252 igitur

203 1331 204 1338 .
247 1278 438 1352 lectoribus
457 1277 619 1368 exhibui,
651 1277 823 1375 appositis
843 1276 954 1368 notis,
981 1273 1112 1373 quibus
1133 1277 1265 1374 partim
1283 1277 1479 1350 lectionum
1508 1280 1640 1378 partim
1670 1279 1793 1353 decre·
1866 1285 1869 1294 ⁴

246 1421 366 1478 torum
396 1404 513 1476 sontes
530 1403 742 1476 indicarem.

293 1535 381 1611 Tum
409 1529 454 1601 de
479 1529 626 1601 Platone
653 1529 799 1626 ejusque
825 1528 1009 1627 discipulis
1034 1544 1071 1600 et
1102 1529 1368 1603 successoribus
1399 1529 1454 1626 egi
1476 1528 1612 1626 adjecta
1648 1533 1793 1631 copiosa

244 1657 288 1728 de
311 1657 504 1754 Spensippi
537 1656 626 1743 vita,
654 1655 796 1752 scriptis
822 1669 928 1752 atque
966 1656 1006 1728 in
1049 1653 1317 1754 philosophiam
1358 1655 1494 1726 meritis
1535 1653 1806 1752 disputatione,-

245 1794 437 1880 propterea
464 1778 562 1877 quod
583 1781 658 1876 ejus
683 1777 879 1876 fragmenta
915 1781 1053 1876 primus
1082 1778 1229 1874 collegi,
1254 1781 1437 1872 recensui,
1457 1781 1548 1852 verti
1569 1795 1605 1852 et
1625 1780 1790 1878 explicui.

295 1912 378 1978 Post
403 1919 525 1976 autem
550 1903 595 1976 de
624 1908 823 1975 Xenocrate
851 1919 1115 1976 commentatus
1149 1929 1248 1995 sum,
1275 1904 1376 2000 eujus
1406 1905 1535 1993 vitam,
1573 1928 1708 1995 mores,
1745 1905 1794 1974 in-

245 2032 339 2129 genii
374 2043 606 2102 monumenta
634 2025 864 2116 adumbravi,
894 2027 1070 2118 collectis,
1108 2027 1317 2116 emendatis,
1364 2029 1401 2100 in
1445 2027 1593 2098 latinam
1634 2028 1792 2124 denique

243 2155 403 2250 linguam
424 2153 603 2226 translatis
630 2153 706 2251 ejus
726 2153 898 2250 reliquiis.
926 2158 1096 2225 Praeterea
1117 2128 1300 2225 Crantoris
1334 2149 1555 2241 Academici,
1579 2150 1789 2223 nobilissimi

246 2277 455 2377 scriptoris,
482 2277 695 2349 memoriam
724 2279 916 2371 renovavi,
945 2279 1047 2374 cujus
1068 2276 1114 2350 de
1150 2277 1251 2350 luctu
1275 2275 1368 2348 liber
1398 2277 1427 2349 si
1457 2291 1629 2369 exstaret,
1658 2279 1790 2376 sempi-

244 2389 607 2500 ternumgraecarum
632 2403 832 2476 litterarum
859 2418 1136 2476 monumentum
1162 2402 1370 2477 haberetur.
1409 2401 1489 2472 Fuit
1512 2413 1634 2471 autem
1654 2397 1794 2472 libellus

245 2555 319 2600 non
346 2552 497 2624 magnus
520 2525 579 2597 ille
599 2527 767 2624 quidem,
787 2528 851 2600 sed
873 2543 913 2600 ut
945 2529 1100 2600 Panaetio
1119 2543 1155 2600 et
1172 2529 1348 2618 Ciceroni,
1364 2525 1402 2598 id
1419 2541 1474 2597 est
1496 2525 1613 2596 doctis
1628 2539 1665 2596 et
1685 2525 1791 2596 intel·
1837 2577 1839 2583 ι

244 2651 436 2750 ligentibus
457 2651 582 2723 talium
603 2675 724 2722 rerum
745 2653 1066 2745 existimatoribus,
1089 2651 1206 2723 visum
1229 2665 1299 2740 est,
1324 2648 1490 2722 aureolus
1513 2663 1549 2720 et
1574 2646 1793 2720 adverbum

244 2777 469 2851 ediscendus.
497 2776 568 2848 Sed
595 2801 818 2873 quaecunque
851 2779 939 2848 tanti
958 2778 1024 2849 viri
1049 2777 1145 2849 dicta
1176 2790 1212 2846 et
1235 2775 1433 2872 fragmenta
1461 2798 1527 2873 per
1560 2771 1794 2872 antiquorum

244 2903 357 2974 libros
369 2927 488 3002 sparsa
507 2901 683 2993 seruntur,
704 2900 865 2998 undique
884 2901 1034 2974 collecta
1050 2900 1225 2974 subtiliter
1238 2899 1403 2973 recensui
1417 2913 1525 2998 atque
1538 2898 1793 2998 interpretatus

246 3053 339 3098 sum.

278 3156 405 3222 ‘Porro
424 3163 616 3246 antequam
636 3149 682 3220 ad
706 3149 957 3248 Peripateticos
982 3152 1182 3243 transirem,
1199 3149 1332 3241 Severi,
1355 3149 1459 3222 Attici
1478 3164 1514 3221 et
1532 3149 1699 3220 Numenii
1722 3149 1793 3221 sra-

244 3275 362 3372 gmina
390 3273 572 3370 recognita
592 3288 629 3345 et
657 3273 764 3346 latine
791 3300 890 3347 versa
921 3277 1113 3376 proposui,
1146 3277 1316 3374 adjuncta
1340 3276 1386 3348 de
1417 3275 1474 3378 his
1502 3273 1685 3373 sapientiae
1716 3274 1785 3346 do·

243 3398 404 3474 ctoribus
422 3385 739 3470 commentatione.
766 3401 929 3498 Denique
953 3426 1000 3473 ne
1021 3399 1109 3498 quid
1128 3403 1212 3473 huic
1232 3401 1325 3473 libro
1339 3398 1495 3491 deesset,
1520 3399 1620 3496 quod
1645 3399 1692 3471 ad
1710 3425 1794 3472 con-

243 3521 464 3623 sequendam
490 3522 688 3621 pleniorem
717 3525 844 3620 veteris
872 3528 1053 3624 sapientiae
1080 3529 1324 3624 cognitionem
1350 3525 1504 3617 valeret,
1534 3524 1580 3596 de
1608 3526 1793 3598 Aristotele

243 3653 389 3748 ejusque
408 3647 596 3745 discipulis
613 3662 650 3719 et
676 3649 940 3721 successorihus
960 3652 1122 3724 Eudemo
1139 3649 1294 3738 Rhodio,
1309 3650 1517 3722 Andronico
1539 3647 1695 3739 Rhodio,
1713 3649 1792 3720 hri-

242 3776 353 3849 stocle
362 3774 551 3864 Messenio,
566 3771 641 3844 aliis
653 3773 797 3846 uberius
813 3775 904 3866 dixi,
918 3777 1095 3876 simulque
1113 3777 1290 3850 Aristoclis
1310 3776 1408 3848 locos
1427 3774 1605 3873 quosdam
1627 3789 1662 3846 et
1675 3775 1792 3874 capita

242 3929 285 3977 ex
304 3903 447 3975 Eusebii
465 3903 724 4000 Praeparatione
748 3903 960 4000 Evangelica
988 3905 1025 3974 in
1054 3901 1214 3974 medium
1233 3900 1368 4001 protuli
1399 3915 1506 3998 atque
1537 3901 1792 4000 interpretatus

244 4055 342 4119 sum,
373 4026 598 4124 eandemque
632 4052 780 4127 operam
813 4047 895 4129 post
924 4029 1011 4102 alios
1042 4028 1204 4099 virorum
1238 4023 1429 4096 doctorum
1458 4022 1601 4094 labores
1631 4023 1792 4095 Eudemo

244 4154 387 4228 Rhodio
416 4153 556 4224 navavi.
589 4155 729 4226 Etenim
767 4157 906 4254 primus
943 4153 1135 4228 Christian.
1180 4156 1266 4246 hug.
1311 4145 1515 4220 Brandisius
1555 4149 1594 4218 in
1639 4146 1793 4220 Scholiis

243 4279 460 4352 Aristoteleis
481 4279 633 4350 Berolini
662 4305 759 4352 anno
787 4280 1048 4377 1836'vulgatis
1076 4293 1213 4377 partem
1231 4275 1323 4348 illius
1348 4275 1631 4372 fragmentorum
1660 4274 1791 4365 edidit,

242 4405 379 4502 reliqua
412 4405 450 4476 in
484 4405 628 4475 tertium
671 4407 900 4478 historiarum
934 4403 1174 4504 philosophiae
1205 4415 1345 4474 tomum
1380 4425 1477 4472 anno
1521 4399 1612 4472 1860
1643 4396 1790 4499 recepit.

243 4531 416 4602 lnchoato
447 4531 548 4629 operi
578 4533 748 4604 successit
777 4531 984 4604 Leonardus
1015 4527 1225 4629 Spengelius
1252 4527 1315 4626 qui
1346 4525 1499 4600 excussis
1534 4525 1671 4596 scriniis
1700 4527 1793 4597 anti-

242 4658 322 4754 quis
341 4664 500 4754 σύνταγμα
527 4658 565 4728 in
598 4657 669 4730 hoc
698 4685 827 4756 genere
853 4657 1023 4731 omnibus
1051 4655 1124 4726 suis
1150 4653 1308 4724 numeris
1344 4665 1380 4724 et
1413 4649 1575 4750 partibus
1614 4649 1794 4746 expletum

244 4783 398 4855 Berolini
422 4808 518 4854 anno
548 4784 639 4856 1866
672 4801 709 4856 et
737 4787 869 4858 iterum
904 4785 995 4880 1870
1026 4781 1119 4852 foras
1149 4777 1262 4850 dedit.
1286 4778 1356 4865 Qui
1387 4775 1551 4876 quamvis
1584 4773 1720 4870 optime
1748 4770 1793 4842 de

243 4905 406 4980 Eudemo
434 4895 526 4980 esset
557 4911 720 5000 meritus,
744 4923 865 4982 tamen
891 4905 1127 4979 nihilominus
1155 4917 1274 4975 totum
1298 4926 1390 4999 opus
1420 4894 1690 4973 retractandum
1715 4919 1791 4967 sus-

243 5033 356 5131 cepi„

291 5163 416 5255 ltaque
450 5183 564 5257 pauca
599 5157 825 5231 voluminum
853 5154 1112 5229 Eudemiorum
1144 5153 1282 5253 capita,
1316 5177 1395 5252 quae
1422 5147 1588 5222 consulto
1624 5147 1794 5220 omiserat

240 5283 468 5384 Spengelius,
500 5283 628 5379 adjeci,
660 5284 770 5358 verba
798 5307 911 5380 graeca
939 5283 1098 5374 correxi,
1130 5279 1325 5380 depravata
1358 5275 1512 5367 restitui,
1535 5275 1692 5368 denique
1717 5299 1791 5346 non
