<?xml version="1.0" encoding="UTF-8"?>
<!DOCTYPE html PUBLIC "-//W3C//DTD XHTML 1.0 Transitional//EN"
    "http://www.w3.org/TR/xhtml1/DTD/xhtml1-transitional.dtd">
<html xmlns="http://www.w3.org/1999/xhtml" xml:lang="en" lang="en">
 <head>
  <title>
</title>
<meta http-equiv="Content-Type" content="text/html;charset=utf-8" />
  <meta name='ocr-system' content='tesseract 3.04.00' />
  <meta name='ocr-capabilities' content='ocr_page ocr_carea ocr_par ocr_line ocrx_word'/>
</head>
<body>
  <div class='ocr_page' id='page_1' title='image "./fragmentaphilos01mullgoog_0357.png"; bbox 0 0 3934 5956; ppageno 0'>
   <div class='ocr_carea' id='block_1_1' title="bbox 275 401 1256 478">
    <p class='ocr_par' dir='ltr' id='par_1_1' title="bbox 275 401 1256 478">
     <span class='ocr_line' id='line_1_1' title="bbox 275 401 1256 478; baseline -0.011 -1"><span class='ocrx_word' id='word_1_1' title='bbox 275 417 334 478; x_wconf 73' lang='lat'><strong>330</strong></span> <span class='ocrx_word' id='word_1_2' title='bbox 893 401 1101 468; x_wconf 82' lang='lat' dir='ltr'><strong>sNunotttct</strong></span> <span class='ocrx_word' id='word_1_3' title='bbox 1124 403 1256 466; x_wconf 75' lang='lat' dir='ltr'><strong>ettonis</strong></span> 
     </span>
    </p>
   </div>
   <div class='ocr_carea' id='block_1_2' title="bbox 265 529 1882 4404">
    <p class='ocr_par' dir='ltr' id='par_1_2' title="bbox 267 529 1879 708">
     <span class='ocr_line' id='line_1_2' title="bbox 267 529 1879 624; baseline -0.004 -24"><span class='ocrx_word' id='word_1_4' title='bbox 267 547 345 624; x_wconf 76' lang='grc' dir='ltr'><strong>γενῶν</strong></span> <span class='ocrx_word' id='word_1_5' title='bbox 358 540 515 621; x_wconf 78' lang='grc' dir='ltr'><strong>γινιμίνων,</strong></span> <span class='ocrx_word' id='word_1_6' title='bbox 538 539 582 598; x_wconf 74' lang='lat' dir='ltr'><strong>sut</strong></span> <span class='ocrx_word' id='word_1_7' title='bbox 596 539 636 598; x_wconf 80' lang='grc' dir='ltr'><strong>ὅτι</strong></span> <span class='ocrx_word' id='word_1_8' title='bbox 656 538 682 608; x_wconf 66' lang='lat' dir='ltr'><strong>ti</strong></span> <span class='ocrx_word' id='word_1_9' title='bbox 699 529 737 598; x_wconf 73' lang='lat' dir='ltr'><strong>uin</strong></span> <span class='ocrx_word' id='word_1_10' title='bbox 751 537 871 616; x_wconf 75' lang='grc' dir='ltr'><strong>ίγόνιτι,</strong></span> <span class='ocrx_word' id='word_1_11' title='bbox 886 538 946 618; x_wconf 75' lang='grc' dir='ltr'><strong>περὶ</strong></span> <span class='ocrx_word' id='word_1_12' title='bbox 961 543 1044 598; x_wconf 76' lang='grc' dir='ltr'><strong>ταῦτα</strong></span> <span class='ocrx_word' id='word_1_13' title='bbox 1089 549 1103 585; x_wconf 77' lang='lat' dir='ltr'><strong>s</strong></span> <span class='ocrx_word' id='word_1_14' title='bbox 1119 536 1211 600; x_wconf 79' lang='lat' dir='ltr'><strong>quinus</strong></span> <span class='ocrx_word' id='word_1_15' title='bbox 1222 535 1329 602; x_wconf 76' lang='lat' dir='ltr'><strong>dentque</strong></span> <span class='ocrx_word' id='word_1_16' title='bbox 1339 536 1417 588; x_wconf 80' lang='lat' dir='ltr'><strong>rebus</strong></span> <span class='ocrx_word' id='word_1_17' title='bbox 1426 539 1511 588; x_wconf 84' lang='lat' dir='ltr'><strong>ortum</strong></span> <span class='ocrx_word' id='word_1_18' title='bbox 1523 536 1618 596; x_wconf 78' lang='lat' dir='ltr'><strong>hebuit.</strong></span> <span class='ocrx_word' id='word_1_19' title='bbox 1636 538 1662 588; x_wconf 87' lang='lat' dir='ltr'><strong>tn</strong></span> <span class='ocrx_word' id='word_1_20' title='bbox 1672 539 1821 605; x_wconf 80' lang='lat' dir='ltr'><strong>iisnnoqne</strong></span> <span class='ocrx_word' id='word_1_21' title='bbox 1831 554 1879 592; x_wconf 80' lang='lat' dir='ltr'><strong>sno</strong></span> 
     </span>
     <span class='ocr_line' id='line_1_3' title="bbox 268 625 1879 708; baseline -0.001 -18"><span class='ocrx_word' id='word_1_22' title='bbox 268 629 436 708; x_wconf 84' lang='grc' dir='ltr'><strong>καλίνεργεῖ,</strong></span> <span class='ocrx_word' id='word_1_23' title='bbox 453 626 566 708; x_wconf 84' lang='grc' dir='ltr'><strong>είρηται.</strong></span> <span class='ocrx_word' id='word_1_24' title='bbox 1089 637 1190 676; x_wconf 84' lang='lat' dir='ltr'><strong>munere</strong></span> <span class='ocrx_word' id='word_1_25' title='bbox 1208 625 1284 690; x_wconf 67' lang='lat' dir='ltr'><strong>funii·</strong></span> <span class='ocrx_word' id='word_1_26' title='bbox 1305 626 1358 690; x_wconf 67' lang='lat' dir='ltr'><strong>iim</strong></span> <span class='ocrx_word' id='word_1_27' title='bbox 1379 625 1496 676; x_wconf 57' lang='lat' dir='ltr'><strong>immut-</strong></span> <span class='ocrx_word' id='word_1_28' title='bbox 1518 625 1569 676; x_wconf 59' lang='grc' dir='ltr'><strong>Μ</strong></span> <span class='ocrx_word' id='word_1_29' title='bbox 1591 631 1688 691; x_wconf 59' lang='lat' dir='ltr'><strong>‘itmrit</strong></span> <span class='ocrx_word' id='word_1_30' title='bbox 1702 627 1810 692; x_wconf 62' lang='lat' dir='ltr'><strong>inquit,</strong></span> <span class='ocrx_word' id='word_1_31' title='bbox 1833 645 1879 680; x_wconf 65' lang='grc' dir='ltr'><strong>ωε</strong></span> 
     </span>
    </p>

    <p class='ocr_par' dir='ltr' id='par_1_3' title="bbox 265 710 1879 1216">
     <span class='ocr_line' id='line_1_4' title="bbox 306 710 1878 797; baseline -0.004 -21"><span class='ocrx_word' id='word_1_32' title='bbox 306 717 320 744; x_wconf 78' lang='lat'>&#39;</span> <span class='ocrx_word' id='word_1_33' title='bbox 335 715 487 797; x_wconf 73' lang='grc' dir='ltr'><strong>Ἀπορήαειε</strong></span> <span class='ocrx_word' id='word_1_34' title='bbox 502 714 524 772; x_wconf 83' lang='grc' dir='ltr'><strong>δ’</strong></span> <span class='ocrx_word' id='word_1_35' title='bbox 539 713 570 774; x_wconf 83' lang='grc' dir='ltr'><strong>όν</strong></span> <span class='ocrx_word' id='word_1_36' title='bbox 581 737 619 781; x_wconf 88' lang='grc' dir='ltr'><strong>τις</strong></span> <span class='ocrx_word' id='word_1_37' title='bbox 632 715 688 780; x_wconf 81' lang='grc' dir='ltr'><strong>πῶς</strong></span> <span class='ocrx_word' id='word_1_38' title='bbox 699 711 810 792; x_wconf 82' lang='grc' dir='ltr'><strong>λόγομιν</strong></span> <span class='ocrx_word' id='word_1_39' title='bbox 824 710 863 771; x_wconf 86' lang='grc' dir='ltr'><strong>ότι</strong></span> <span class='ocrx_word' id='word_1_40' title='bbox 875 711 920 771; x_wconf 79' lang='grc' dir='ltr'><strong>τόν</strong></span> <span class='ocrx_word' id='word_1_41' title='bbox 937 711 1045 770; x_wconf 80' lang='grc' dir='ltr'><strong>θέλοντα</strong></span> <span class='ocrx_word' id='word_1_42' title='bbox 1089 717 1230 764; x_wconf 70' lang='lat' dir='ltr'><strong>statuamus</strong></span> <span class='ocrx_word' id='word_1_43' title='bbox 1244 726 1300 764; x_wconf 88' lang='lat' dir='ltr'><strong>eum</strong></span> <span class='ocrx_word' id='word_1_44' title='bbox 1314 715 1358 780; x_wconf 91' lang='lat' dir='ltr'><strong>qui</strong></span> <span class='ocrx_word' id='word_1_45' title='bbox 1365 715 1450 779; x_wconf 81' lang='lat' dir='ltr'><strong>justus</strong></span> <span class='ocrx_word' id='word_1_46' title='bbox 1462 728 1517 766; x_wconf 86' lang='lat' dir='ltr'><strong>esse</strong></span> <span class='ocrx_word' id='word_1_47' title='bbox 1528 715 1592 778; x_wconf 81' lang='lat' dir='ltr'><strong>vult,</strong></span> <span class='ocrx_word' id='word_1_48' title='bbox 1603 716 1670 780; x_wconf 76' lang='lat' dir='ltr'><strong>iuste</strong></span> <span class='ocrx_word' id='word_1_49' title='bbox 1680 729 1789 781; x_wconf 84' lang='lat' dir='ltr'><strong>quoqne</strong></span> <span class='ocrx_word' id='word_1_50' title='bbox 1800 717 1878 770; x_wconf 75' lang='lat' dir='ltr'><strong>tenere</strong></span> 
     </span>
     <span class='ocr_line' id='line_1_5' title="bbox 266 795 1879 884; baseline -0.004 -19"><span class='ocrx_word' id='word_1_51' title='bbox 266 805 365 865; x_wconf 80' lang='grc' dir='ltr'><strong>δίκαιον</strong></span> <span class='ocrx_word' id='word_1_52' title='bbox 376 805 496 884; x_wconf 77' lang='grc' dir='ltr'><strong>γενέσθαι</strong></span> <span class='ocrx_word' id='word_1_53' title='bbox 508 804 548 862; x_wconf 85' lang='grc' dir='ltr'><strong>δεῖ</strong></span> <span class='ocrx_word' id='word_1_54' title='bbox 557 801 591 861; x_wconf 63' lang='lat' dir='ltr'><strong>vt</strong></span> <span class='ocrx_word' id='word_1_55' title='bbox 605 799 696 860; x_wconf 81' lang='grc' dir='ltr'><strong>δίκαια</strong></span> <span class='ocrx_word' id='word_1_56' title='bbox 707 807 801 874; x_wconf 87' lang='grc' dir='ltr'><strong>ποιεῖν,</strong></span> <span class='ocrx_word' id='word_1_57' title='bbox 813 797 912 876; x_wconf 76' lang='grc' dir='ltr'><strong>καὶτὸν</strong></span> <span class='ocrx_word' id='word_1_58' title='bbox 923 795 1045 879; x_wconf 79' lang='grc' dir='ltr'><strong>σύρροια</strong></span> <span class='ocrx_word' id='word_1_59' title='bbox 1089 807 1215 868; x_wconf 85' lang='lat' dir='ltr'><strong>oportere,</strong></span> <span class='ocrx_word' id='word_1_60' title='bbox 1226 809 1251 856; x_wconf 91' lang='lat' dir='ltr'><strong>et</strong></span> <span class='ocrx_word' id='word_1_61' title='bbox 1261 806 1479 871; x_wconf 84' lang='lat' dir='ltr'><strong>temperanterqni</strong></span> <span class='ocrx_word' id='word_1_62' title='bbox 1492 809 1641 870; x_wconf 77' lang='lat' dir='ltr'><strong>temperans.</strong></span> <span class='ocrx_word' id='word_1_63' title='bbox 1653 807 1754 858; x_wconf 78' lang='lat' dir='ltr'><strong>Etenim</strong></span> <span class='ocrx_word' id='word_1_64' title='bbox 1767 811 1826 858; x_wconf 89' lang='lat' dir='ltr'><strong>tum</strong></span> <span class='ocrx_word' id='word_1_65' title='bbox 1835 812 1879 874; x_wconf 84' lang='lat' dir='ltr'><strong>qni</strong></span> 
     </span>
     <span class='ocr_line' id='line_1_6' title="bbox 265 885 1876 975; baseline -0.002 -23"><span class='ocrx_word' id='word_1_66' title='bbox 265 893 298 952; x_wconf 72' lang='lat' dir='ltr'><strong>ri</strong></span> <span class='ocrx_word' id='word_1_67' title='bbox 323 894 453 975; x_wconf 80' lang='grc' dir='ltr'><strong>σύρροια·</strong></span> <span class='ocrx_word' id='word_1_68' title='bbox 479 894 505 951; x_wconf 85' lang='grc' dir='ltr'><strong>αἱ</strong></span> <span class='ocrx_word' id='word_1_69' title='bbox 526 890 577 972; x_wconf 73' lang='grc' dir='ltr'><strong>γάρ</strong></span> <span class='ocrx_word' id='word_1_70' title='bbox 598 887 632 948; x_wconf 72' lang='grc' dir='ltr'><strong>τά</strong></span> <span class='ocrx_word' id='word_1_71' title='bbox 656 889 745 948; x_wconf 85' lang='grc' dir='ltr'><strong>δίκαια</strong></span> <span class='ocrx_word' id='word_1_72' title='bbox 769 887 926 968; x_wconf 82' lang='grc' dir='ltr'><strong>πράττοντες</strong></span> <span class='ocrx_word' id='word_1_73' title='bbox 951 885 1046 944; x_wconf 90' lang='grc' dir='ltr'><strong>δίκαιοι</strong></span> <span class='ocrx_word' id='word_1_74' title='bbox 1088 893 1155 956; x_wconf 74' lang='lat' dir='ltr'><strong>iuste</strong></span> <span class='ocrx_word' id='word_1_75' title='bbox 1171 892 1390 954; x_wconf 82' lang='lat' dir='ltr'><strong>iaciunt,0mnin0</strong></span> <span class='ocrx_word' id='word_1_76' title='bbox 1404 899 1462 944; x_wconf 89' lang='lat' dir='ltr'><strong>sunt</strong></span> <span class='ocrx_word' id='word_1_77' title='bbox 1473 895 1548 958; x_wconf 78' lang='lat' dir='ltr'><strong>Justi,</strong></span> <span class='ocrx_word' id='word_1_78' title='bbox 1564 897 1675 960; x_wconf 88' lang='lat' dir='ltr'><strong>tumqui</strong></span> <span class='ocrx_word' id='word_1_79' title='bbox 1695 899 1876 960; x_wconf 78' lang='lat' dir='ltr'><strong>temperanter,</strong></span> 
     </span>
     <span class='ocr_line' id='line_1_7' title="bbox 265 973 1877 1058; baseline -0.004 -17"><span class='ocrx_word' id='word_1_80' title='bbox 265 982 370 1048; x_wconf 84' lang='grc' dir='ltr'><strong>πάντως</strong></span> <span class='ocrx_word' id='word_1_81' title='bbox 386 979 454 1054; x_wconf 81' lang='lat' dir='ltr'><strong>sini,</strong></span> <span class='ocrx_word' id='word_1_82' title='bbox 474 977 520 1039; x_wconf 81' lang='grc' dir='ltr'><strong>καλ</strong></span> <span class='ocrx_word' id='word_1_83' title='bbox 532 983 556 1039; x_wconf 81' lang='lat' dir='ltr'><strong>ui</strong></span> <span class='ocrx_word' id='word_1_84' title='bbox 570 979 604 1040; x_wconf 81' lang='grc' dir='ltr'><strong>τλ</strong></span> <span class='ocrx_word' id='word_1_85' title='bbox 623 976 745 1058; x_wconf 79' lang='grc' dir='ltr'><strong>αόιρρονα</strong></span> <span class='ocrx_word' id='word_1_86' title='bbox 760 973 903 1056; x_wconf 71' lang='grc' dir='ltr'><strong>ούρρονεςί,</strong></span> <span class='ocrx_word' id='word_1_87' title='bbox 917 973 1008 1056; x_wconf 77' lang='grc' dir='ltr'><strong>ὥσπερ</strong></span> <span class='ocrx_word' id='word_1_88' title='bbox 1022 975 1046 1031; x_wconf 85' lang='grc' dir='ltr'><strong>οἱ</strong></span> <span class='ocrx_word' id='word_1_89' title='bbox 1090 985 1149 1032; x_wconf 91' lang='lat' dir='ltr'><strong>sunt</strong></span> <span class='ocrx_word' id='word_1_90' title='bbox 1160 984 1334 1047; x_wconf 70' lang='lat' dir='ltr'><strong>temperantes,</strong></span> <span class='ocrx_word' id='word_1_91' title='bbox 1349 983 1414 1033; x_wconf 83' lang='lat' dir='ltr'><strong>sieut</strong></span> <span class='ocrx_word' id='word_1_92' title='bbox 1426 981 1538 1033; x_wconf 88' lang='lat' dir='ltr'><strong>homines</strong></span> <span class='ocrx_word' id='word_1_93' title='bbox 1553 983 1708 1032; x_wconf 87' lang='lat' dir='ltr'><strong>musinnrum</strong></span> <span class='ocrx_word' id='word_1_94' title='bbox 1723 987 1877 1046; x_wconf 60' lang='lat' dir='ltr'><strong>pemmati-</strong></span> 
     </span>
     <span class='ocr_line' id='line_1_8' title="bbox 266 1061 1849 1150; baseline -0.003 -22"><span class='ocrx_word' id='word_1_95' title='bbox 266 1071 427 1150; x_wconf 85' lang='grc' dir='ltr'><strong>πράττοντες</strong></span> <span class='ocrx_word' id='word_1_96' title='bbox 444 1067 477 1128; x_wconf 79' lang='grc' dir='ltr'><strong>τά</strong></span> <span class='ocrx_word' id='word_1_97' title='bbox 493 1067 606 1147; x_wconf 73' lang='grc' dir='ltr'><strong>μουσικά</strong></span> <span class='ocrx_word' id='word_1_98' title='bbox 620 1067 637 1140; x_wconf 77' lang='grc' dir='ltr'>ἢ</span> <span class='ocrx_word' id='word_1_99' title='bbox 653 1063 841 1148; x_wconf 80' lang='grc' dir='ltr'><strong>γραμματικά,</strong></span> <span class='ocrx_word' id='word_1_100' title='bbox 858 1061 977 1140; x_wconf 84' lang='grc' dir='ltr'><strong>μουσικοί</strong></span> <span class='ocrx_word' id='word_1_101' title='bbox 992 1064 1043 1120; x_wconf 79' lang='grc' dir='ltr'><strong>εἰσι</strong></span> <span class='ocrx_word' id='word_1_102' title='bbox 1090 1085 1226 1135; x_wconf 78' lang='lat' dir='ltr'><strong>corumque</strong></span> <span class='ocrx_word' id='word_1_103' title='bbox 1237 1069 1454 1135; x_wconf 75' lang='lat' dir='ltr'><strong>offitiaexptentes</strong></span> <span class='ocrx_word' id='word_1_104' title='bbox 1462 1071 1551 1120; x_wconf 80' lang='lat' dir='ltr'><strong>musici</strong></span> <span class='ocrx_word' id='word_1_105' title='bbox 1563 1073 1622 1120; x_wconf 91' lang='lat' dir='ltr'><strong>sunt</strong></span> <span class='ocrx_word' id='word_1_106' title='bbox 1638 1074 1664 1121; x_wconf 79' lang='lat' dir='ltr'><strong>et</strong></span> <span class='ocrx_word' id='word_1_107' title='bbox 1675 1072 1849 1134; x_wconf 76' lang='lat' dir='ltr'><strong>grammatiri.</strong></span> 
     </span>
     <span class='ocr_line' id='line_1_9' title="bbox 265 1156 517 1216; baseline 0 0"><span class='ocrx_word' id='word_1_108' title='bbox 265 1157 310 1216; x_wconf 83' lang='grc' dir='ltr'><strong>καί</strong></span> <span class='ocrx_word' id='word_1_109' title='bbox 359 1181 375 1216; x_wconf 92' lang='grc' dir='ltr'><strong>α</strong></span> <span class='ocrx_word' id='word_1_110' title='bbox 421 1156 517 1216; x_wconf 84' lang='grc' dir='ltr'><strong>ατυιοί.</strong></span> 
     </span>
    </p>

    <p class='ocr_par' dir='ltr' id='par_1_4' title="bbox 265 1180 1881 2028">
     <span class='ocr_line' id='line_1_10' title="bbox 307 1180 1879 1327; baseline -0.003 -21"><span class='ocrx_word' id='word_1_111' title='bbox 307 1180 478 1324; x_wconf 45' lang='grc' dir='ltr'><strong>*ίρΔΙόιγιομεν</strong></span> <span class='ocrx_word' id='word_1_112' title='bbox 494 1245 522 1304; x_wconf 77' lang='lat' dir='ltr'><strong>ii</strong></span> <span class='ocrx_word' id='word_1_113' title='bbox 540 1247 605 1327; x_wconf 74' lang='grc' dir='ltr'><strong>πρός</strong></span> <span class='ocrx_word' id='word_1_114' title='bbox 616 1249 709 1318; x_wconf 82' lang='grc' dir='ltr'><strong>τοῦτο,</strong></span> <span class='ocrx_word' id='word_1_115' title='bbox 725 1241 765 1300; x_wconf 79' lang='grc' dir='ltr'><strong>ότι</strong></span> <span class='ocrx_word' id='word_1_116' title='bbox 779 1239 899 1323; x_wconf 85' lang='grc' dir='ltr'><strong>ραίνεταί</strong></span> <span class='ocrx_word' id='word_1_117' title='bbox 919 1263 959 1306; x_wconf 89' lang='grc' dir='ltr'><strong>τις</strong></span> <span class='ocrx_word' id='word_1_118' title='bbox 981 1227 1046 1298; x_wconf 71' lang='lat' dir='ltr'><strong>oica</strong></span> <span class='ocrx_word' id='word_1_119' title='bbox 1123 1245 1160 1296; x_wconf 84' lang='lat' dir='ltr'><strong>sd</strong></span> <span class='ocrx_word' id='word_1_120' title='bbox 1170 1245 1218 1296; x_wconf 86' lang='lat' dir='ltr'><strong>hun</strong></span> <span class='ocrx_word' id='word_1_121' title='bbox 1236 1245 1420 1310; x_wconf 83' lang='lat' dir='ltr'><strong>respondemus.</strong></span> <span class='ocrx_word' id='word_1_122' title='bbox 1431 1246 1692 1312; x_wconf 73' lang='lat' dir='ltr'><strong>nuntiasseniiquam</strong></span> <span class='ocrx_word' id='word_1_123' title='bbox 1706 1247 1879 1300; x_wconf 75' lang='lat' dir='ltr'><strong>differentiam</strong></span> 
     </span>
     <span class='ocr_line' id='line_1_11' title="bbox 268 1328 1879 1415; baseline -0.005 -20"><span class='ocrx_word' id='word_1_124' title='bbox 268 1334 378 1415; x_wconf 77' lang='grc' dir='ltr'><strong>διαφορά</strong></span> <span class='ocrx_word' id='word_1_125' title='bbox 401 1340 447 1393; x_wconf 85' lang='grc' dir='ltr'><strong>τοῦ</strong></span> <span class='ocrx_word' id='word_1_126' title='bbox 470 1333 504 1394; x_wconf 71' lang='grc' dir='ltr'><strong>τά</strong></span> <span class='ocrx_word' id='word_1_127' title='bbox 520 1334 609 1394; x_wconf 84' lang='grc' dir='ltr'><strong>δίκαια</strong></span> <span class='ocrx_word' id='word_1_128' title='bbox 638 1337 775 1399; x_wconf 82' lang='grc' dir='ltr'><strong>ποιοῦντος</strong></span> <span class='ocrx_word' id='word_1_129' title='bbox 793 1329 838 1388; x_wconf 81' lang='grc' dir='ltr'><strong>καί</strong></span> <span class='ocrx_word' id='word_1_130' title='bbox 862 1333 909 1389; x_wconf 77' lang='grc' dir='ltr'><strong>τοῦ</strong></span> <span class='ocrx_word' id='word_1_131' title='bbox 929 1328 1046 1400; x_wconf 77' lang='grc' dir='ltr'><strong>δικαίου,</strong></span> <span class='ocrx_word' id='word_1_132' title='bbox 1092 1333 1198 1384; x_wconf 80' lang='lat' dir='ltr'><strong>honsinis</strong></span> <span class='ocrx_word' id='word_1_133' title='bbox 1208 1334 1276 1398; x_wconf 77' lang='lat' dir='ltr'><strong>iuste</strong></span> <span class='ocrx_word' id='word_1_134' title='bbox 1293 1334 1405 1384; x_wconf 76' lang='lat' dir='ltr'><strong>incientis</strong></span> <span class='ocrx_word' id='word_1_135' title='bbox 1421 1335 1503 1384; x_wconf 78' lang='lat' dir='ltr'><strong>etvini</strong></span> <span class='ocrx_word' id='word_1_136' title='bbox 1517 1335 1593 1400; x_wconf 85' lang='lat' dir='ltr'><strong>justi.</strong></span> <span class='ocrx_word' id='word_1_137' title='bbox 1612 1335 1754 1402; x_wconf 81' lang='lat' dir='ltr'><strong>eodemque</strong></span> <span class='ocrx_word' id='word_1_138' title='bbox 1768 1339 1879 1388; x_wconf 75' lang='lat' dir='ltr'><strong>menon</strong></span> 
     </span>
     <span class='ocr_line' id='line_1_12' title="bbox 266 1417 1878 1504; baseline -0.005 -20"><span class='ocrx_word' id='word_1_139' title='bbox 266 1423 363 1502; x_wconf 78' lang='grc' dir='ltr'><strong>ὁμοίως</strong></span> <span class='ocrx_word' id='word_1_140' title='bbox 377 1421 405 1482; x_wconf 72' lang='lat' dir='ltr'><strong>ii</strong></span> <span class='ocrx_word' id='word_1_141' title='bbox 424 1423 469 1482; x_wconf 86' lang='grc' dir='ltr'><strong>καλ</strong></span> <span class='ocrx_word' id='word_1_142' title='bbox 484 1424 528 1484; x_wconf 73' lang='grc' dir='ltr'><strong>ἐπὶ</strong></span> <span class='ocrx_word' id='word_1_143' title='bbox 544 1427 596 1482; x_wconf 84' lang='grc' dir='ltr'><strong>τῶν</strong></span> <span class='ocrx_word' id='word_1_144' title='bbox 610 1425 723 1504; x_wconf 79' lang='grc' dir='ltr'><strong>τεχνῶν.</strong></span> <span class='ocrx_word' id='word_1_145' title='bbox 747 1418 900 1500; x_wconf 82' lang='grc' dir='ltr'><strong>Ἐνδόχεται</strong></span> <span class='ocrx_word' id='word_1_146' title='bbox 923 1417 974 1497; x_wconf 89' lang='grc' dir='ltr'><strong>γάρ</strong></span> <span class='ocrx_word' id='word_1_147' title='bbox 988 1439 1047 1476; x_wconf 90' lang='grc' dir='ltr'><strong>τινα</strong></span> <span class='ocrx_word' id='word_1_148' title='bbox 1092 1421 1196 1472; x_wconf 79' lang='lat' dir='ltr'><strong>unibus.</strong></span> <span class='ocrx_word' id='word_1_149' title='bbox 1209 1421 1274 1472; x_wconf 79' lang='lat' dir='ltr'><strong>Fieri</strong></span> <span class='ocrx_word' id='word_1_150' title='bbox 1286 1423 1352 1474; x_wconf 87' lang='lat' dir='ltr'><strong>enim</strong></span> <span class='ocrx_word' id='word_1_151' title='bbox 1363 1426 1453 1487; x_wconf 85' lang='lat' dir='ltr'><strong>potest,</strong></span> <span class='ocrx_word' id='word_1_152' title='bbox 1468 1426 1498 1473; x_wconf 92' lang='lat' dir='ltr'><strong>nt</strong></span> <span class='ocrx_word' id='word_1_153' title='bbox 1509 1423 1599 1488; x_wconf 86' lang='lat' dir='ltr'><strong>aliquis</strong></span> <span class='ocrx_word' id='word_1_154' title='bbox 1610 1427 1808 1488; x_wconf 78' lang='lat' dir='ltr'><strong>grammaticum</strong></span> <span class='ocrx_word' id='word_1_155' title='bbox 1820 1428 1878 1491; x_wconf 77' lang='lat' dir='ltr'><strong>quit</strong></span> 
     </span>
     <span class='ocr_line' id='line_1_13' title="bbox 265 1507 1878 1595; baseline -0.005 -23"><span class='ocrx_word' id='word_1_156' title='bbox 265 1511 451 1595; x_wconf 80' lang='grc' dir='ltr'><strong>γραμματικόν</strong></span> <span class='ocrx_word' id='word_1_157' title='bbox 468 1535 495 1571; x_wconf 91' lang='grc' dir='ltr'><strong>τι</strong></span> <span class='ocrx_word' id='word_1_158' title='bbox 516 1515 625 1585; x_wconf 78' lang='grc' dir='ltr'><strong>ποιῆσαι</strong></span> <span class='ocrx_word' id='word_1_159' title='bbox 640 1511 657 1584; x_wconf 79' lang='grc' dir='ltr'>ἢ</span> <span class='ocrx_word' id='word_1_160' title='bbox 673 1509 725 1570; x_wconf 74' lang='grc' dir='ltr'><strong>ἀπὸ</strong></span> <span class='ocrx_word' id='word_1_161' title='bbox 739 1508 837 1588; x_wconf 82' lang='grc' dir='ltr'><strong>τύχης,</strong></span> <span class='ocrx_word' id='word_1_162' title='bbox 851 1507 868 1579; x_wconf 78' lang='grc' dir='ltr'>ἢ</span> <span class='ocrx_word' id='word_1_163' title='bbox 886 1508 966 1566; x_wconf 83' lang='grc' dir='ltr'><strong>όλλοο</strong></span> <span class='ocrx_word' id='word_1_164' title='bbox 982 1509 1047 1566; x_wconf 80' lang='lat' dir='ltr'><strong>tnn-</strong></span> <span class='ocrx_word' id='word_1_165' title='bbox 1092 1509 1196 1569; x_wconf 82' lang='lat' dir='ltr'><strong>efficiet,</strong></span> <span class='ocrx_word' id='word_1_166' title='bbox 1215 1511 1255 1560; x_wconf 85' lang='lat' dir='ltr'><strong>ret</strong></span> <span class='ocrx_word' id='word_1_167' title='bbox 1266 1508 1370 1560; x_wconf 79' lang='lat' dir='ltr'><strong>fortuitu</strong></span> <span class='ocrx_word' id='word_1_168' title='bbox 1383 1511 1424 1561; x_wconf 82' lang='lat' dir='ltr'><strong>ret</strong></span> <span class='ocrx_word' id='word_1_169' title='bbox 1442 1511 1491 1561; x_wconf 84' lang='lat' dir='ltr'><strong>atie</strong></span> <span class='ocrx_word' id='word_1_170' title='bbox 1509 1515 1644 1576; x_wconf 74' lang='lat' dir='ltr'><strong>preeunte,</strong></span> <span class='ocrx_word' id='word_1_171' title='bbox 1666 1514 1713 1577; x_wconf 93' lang='lat' dir='ltr'><strong>qui</strong></span> <span class='ocrx_word' id='word_1_172' title='bbox 1726 1517 1817 1564; x_wconf 76' lang='lat' dir='ltr'><strong>tamus</strong></span> <span class='ocrx_word' id='word_1_173' title='bbox 1832 1529 1878 1564; x_wconf 81' lang='lat' dir='ltr'><strong>nna</strong></span> 
     </span>
     <span class='ocr_line' id='line_1_14' title="bbox 266 1587 1878 1682; baseline -0.002 -21"><span class='ocrx_word' id='word_1_174' title='bbox 266 1600 395 1681; x_wconf 77' lang='lat' dir='ltr'><strong>ispisnu,</strong></span> <span class='ocrx_word' id='word_1_175' title='bbox 414 1599 460 1660; x_wconf 82' lang='grc' dir='ltr'><strong>καλ</strong></span> <span class='ocrx_word' id='word_1_176' title='bbox 481 1599 519 1676; x_wconf 83' lang='grc' dir='ltr'><strong>μὴ</strong></span> <span class='ocrx_word' id='word_1_177' title='bbox 538 1597 723 1682; x_wconf 82' lang='grc' dir='ltr'><strong>γραμματικὸν</strong></span> <span class='ocrx_word' id='word_1_178' title='bbox 738 1587 813 1656; x_wconf 76' lang='grc' dir='ltr'><strong>εἶναι·</strong></span> <span class='ocrx_word' id='word_1_179' title='bbox 827 1595 901 1654; x_wconf 85' lang='grc' dir='ltr'><strong>ίοται</strong></span> <span class='ocrx_word' id='word_1_180' title='bbox 912 1595 939 1653; x_wconf 77' lang='grc' dir='ltr'><strong>δὲ</strong></span> <span class='ocrx_word' id='word_1_181' title='bbox 957 1617 1046 1674; x_wconf 86' lang='grc' dir='ltr'><strong>γραμ-</strong></span> <span class='ocrx_word' id='word_1_182' title='bbox 1093 1601 1126 1652; x_wconf 87' lang='lat' dir='ltr'><strong>sit</strong></span> <span class='ocrx_word' id='word_1_183' title='bbox 1136 1602 1330 1666; x_wconf 78' lang='lat' dir='ltr'><strong>grammaticus:</strong></span> <span class='ocrx_word' id='word_1_184' title='bbox 1346 1602 1368 1652; x_wconf 88' lang='lat' dir='ltr'><strong>is</strong></span> <span class='ocrx_word' id='word_1_185' title='bbox 1380 1616 1438 1652; x_wconf 84' lang='lat' dir='ltr'><strong>vero</strong></span> <span class='ocrx_word' id='word_1_186' title='bbox 1453 1603 1499 1668; x_wconf 89' lang='lat' dir='ltr'><strong>qni</strong></span> <span class='ocrx_word' id='word_1_187' title='bbox 1517 1607 1543 1653; x_wconf 88' lang='lat' dir='ltr'><strong>et</strong></span> <span class='ocrx_word' id='word_1_188' title='bbox 1558 1605 1752 1668; x_wconf 73' lang='lat' dir='ltr'><strong>grammaticum</strong></span> <span class='ocrx_word' id='word_1_189' title='bbox 1765 1607 1831 1671; x_wconf 83' lang='lat' dir='ltr'><strong>quiri</strong></span> <span class='ocrx_word' id='word_1_190' title='bbox 1844 1606 1878 1656; x_wconf 76' lang='lat' dir='ltr'><strong>ia-</strong></span> 
     </span>
     <span class='ocr_line' id='line_1_15' title="bbox 268 1683 1879 1768; baseline -0.002 -20"><span class='ocrx_word' id='word_1_191' title='bbox 268 1690 395 1766; x_wconf 84' lang='grc' dir='ltr'><strong>ματικός,</strong></span> <span class='ocrx_word' id='word_1_192' title='bbox 408 1687 451 1747; x_wconf 83' lang='grc' dir='ltr'><strong>ότι</strong></span> <span class='ocrx_word' id='word_1_193' title='bbox 465 1688 650 1768; x_wconf 80' lang='grc' dir='ltr'><strong>γραμματικόν</strong></span> <span class='ocrx_word' id='word_1_194' title='bbox 675 1709 701 1744; x_wconf 92' lang='grc' dir='ltr'><strong>τι</strong></span> <span class='ocrx_word' id='word_1_195' title='bbox 721 1683 839 1756; x_wconf 78' lang='grc' dir='ltr'><strong>ποιήσει,</strong></span> <span class='ocrx_word' id='word_1_196' title='bbox 856 1685 901 1742; x_wconf 85' lang='grc' dir='ltr'><strong>καί</strong></span> <span class='ocrx_word' id='word_1_197' title='bbox 924 1703 1049 1761; x_wconf 85' lang='grc' dir='ltr'><strong>γραμμα-</strong></span> <span class='ocrx_word' id='word_1_198' title='bbox 1093 1691 1141 1740; x_wconf 79' lang='lat' dir='ltr'><strong>niet</strong></span> <span class='ocrx_word' id='word_1_199' title='bbox 1154 1693 1180 1740; x_wconf 85' lang='lat' dir='ltr'><strong>et</strong></span> <span class='ocrx_word' id='word_1_200' title='bbox 1192 1689 1366 1754; x_wconf 74' lang='lat' dir='ltr'><strong>grammatice,</strong></span> <span class='ocrx_word' id='word_1_201' title='bbox 1389 1690 1437 1740; x_wconf 88' lang='lat' dir='ltr'><strong>erit</strong></span> <span class='ocrx_word' id='word_1_202' title='bbox 1453 1691 1629 1754; x_wconf 81' lang='lat' dir='ltr'><strong>grammaticus</strong></span> <span class='ocrx_word' id='word_1_203' title='bbox 1639 1707 1646 1737; x_wconf 85' lang='grc' dir='ltr'><strong>ι</strong></span> <span class='ocrx_word' id='word_1_204' title='bbox 1657 1693 1705 1743; x_wconf 80' lang='lat' dir='ltr'><strong>tnnc</strong></span> <span class='ocrx_word' id='word_1_205' title='bbox 1722 1697 1780 1754; x_wconf 71' lang='lat' dir='ltr'><strong>est,</strong></span> <span class='ocrx_word' id='word_1_206' title='bbox 1801 1710 1879 1760; x_wconf 87' lang='lat' dir='ltr'><strong>qnnm</strong></span> 
     </span>
     <span class='ocr_line' id='line_1_16' title="bbox 267 1769 1878 1854; baseline 0.001 -20"><span class='ocrx_word' id='word_1_207' title='bbox 267 1779 353 1843; x_wconf 84' lang='grc' dir='ltr'><strong>τικῶς·</strong></span> <span class='ocrx_word' id='word_1_208' title='bbox 368 1779 439 1834; x_wconf 81' lang='grc' dir='ltr'><strong>τοῦτ’</strong></span> <span class='ocrx_word' id='word_1_209' title='bbox 455 1775 526 1837; x_wconf 81' lang='grc' dir='ltr'><strong>ίοτιν</strong></span> <span class='ocrx_word' id='word_1_210' title='bbox 541 1778 689 1834; x_wconf 74' lang='grc' dir='ltr'><strong>ἀκολουθῶν</strong></span> <span class='ocrx_word' id='word_1_211' title='bbox 703 1775 741 1854; x_wconf 82' lang='grc' dir='ltr'><strong>τῷ</strong></span> <span class='ocrx_word' id='word_1_212' title='bbox 755 1769 843 1830; x_wconf 81' lang='grc' dir='ltr'><strong>κανόνι</strong></span> <span class='ocrx_word' id='word_1_213' title='bbox 858 1774 905 1842; x_wconf 78' lang='grc' dir='ltr'><strong>τῆς</strong></span> <span class='ocrx_word' id='word_1_214' title='bbox 923 1774 949 1830; x_wconf 78' lang='grc' dir='ltr'><strong>ἐν</strong></span> <span class='ocrx_word' id='word_1_215' title='bbox 970 1771 1044 1849; x_wconf 81' lang='grc' dir='ltr'><strong>αὐτῷ</strong></span> <span class='ocrx_word' id='word_1_216' title='bbox 1093 1777 1428 1844; x_wconf 80' lang='lat' dir='ltr'><strong>iueietaliquidadnnrmam</strong></span> <span class='ocrx_word' id='word_1_217' title='bbox 1447 1781 1621 1842; x_wconf 76' lang='lat' dir='ltr'><strong>grammatius,</strong></span> <span class='ocrx_word' id='word_1_218' title='bbox 1636 1795 1685 1846; x_wconf 80' lang='lat' dir='ltr'><strong>qna</strong></span> <span class='ocrx_word' id='word_1_219' title='bbox 1695 1782 1824 1846; x_wconf 70' lang='lat' dir='ltr'><strong>unditus</strong></span> <span class='ocrx_word' id='word_1_220' title='bbox 1833 1789 1878 1835; x_wconf 76' lang='lat' dir='ltr'><strong>est.</strong></span> 
     </span>
     <span class='ocr_line' id='line_1_17' title="bbox 267 1857 1881 1943; baseline 0.002 -22"><span class='ocrx_word' id='word_1_221' title='bbox 267 1868 464 1943; x_wconf 81' lang='grc' dir='ltr'><strong>γραμματικῆς.</strong></span> <span class='ocrx_word' id='word_1_222' title='bbox 480 1862 561 1925; x_wconf 78' lang='grc' dir='ltr'><strong>Οὕτω</strong></span> <span class='ocrx_word' id='word_1_223' title='bbox 572 1863 618 1923; x_wconf 85' lang='grc' dir='ltr'><strong>καλ</strong></span> <span class='ocrx_word' id='word_1_224' title='bbox 632 1862 665 1921; x_wconf 78' lang='grc' dir='ltr'><strong>τί</strong></span> <span class='ocrx_word' id='word_1_225' title='bbox 679 1860 768 1922; x_wconf 85' lang='grc' dir='ltr'><strong>δίκαια</strong></span> <span class='ocrx_word' id='word_1_226' title='bbox 790 1859 925 1938; x_wconf 78' lang='grc' dir='ltr'><strong>ίνδόχεται</strong></span> <span class='ocrx_word' id='word_1_227' title='bbox 938 1857 1048 1928; x_wconf 81' lang='grc' dir='ltr'><strong>ποιῆσαί</strong></span> <span class='ocrx_word' id='word_1_228' title='bbox 1094 1871 1131 1918; x_wconf 86' lang='lat' dir='ltr'><strong>ltu</strong></span> <span class='ocrx_word' id='word_1_229' title='bbox 1146 1867 1221 1918; x_wconf 86' lang='lat' dir='ltr'><strong>ettam</strong></span> <span class='ocrx_word' id='word_1_230' title='bbox 1237 1867 1344 1932; x_wconf 73' lang='lat' dir='ltr'><strong>cuipiam</strong></span> <span class='ocrx_word' id='word_1_231' title='bbox 1362 1869 1428 1932; x_wconf 78' lang='lat' dir='ltr'><strong>iuste</strong></span> <span class='ocrx_word' id='word_1_232' title='bbox 1446 1867 1528 1920; x_wconf 82' lang='lat' dir='ltr'><strong>fauere</strong></span> <span class='ocrx_word' id='word_1_233' title='bbox 1542 1869 1614 1932; x_wconf 83' lang='lat' dir='ltr'><strong>tinet,</strong></span> <span class='ocrx_word' id='word_1_234' title='bbox 1631 1871 1672 1935; x_wconf 89' lang='lat' dir='ltr'><strong>qui</strong></span> <span class='ocrx_word' id='word_1_235' title='bbox 1692 1873 1776 1922; x_wconf 72' lang='lat' dir='ltr'><strong>tanim</strong></span> <span class='ocrx_word' id='word_1_236' title='bbox 1789 1873 1881 1936; x_wconf 79' lang='lat' dir='ltr'><strong>justus</strong></span> 
     </span>
     <span class='ocr_line' id='line_1_18' title="bbox 267 1941 1196 2028; baseline -0.002 -20"><span class='ocrx_word' id='word_1_237' title='bbox 267 1973 342 2026; x_wconf 89' lang='grc' dir='ltr'><strong>τινα,</strong></span> <span class='ocrx_word' id='word_1_238' title='bbox 357 1950 402 2009; x_wconf 82' lang='grc' dir='ltr'><strong>καί</strong></span> <span class='ocrx_word' id='word_1_239' title='bbox 417 1951 455 2028; x_wconf 78' lang='grc' dir='ltr'><strong>μὴ</strong></span> <span class='ocrx_word' id='word_1_240' title='bbox 474 1952 573 2012; x_wconf 84' lang='grc' dir='ltr'><strong>δίκαιον</strong></span> <span class='ocrx_word' id='word_1_241' title='bbox 588 1941 665 2012; x_wconf 71' lang='grc' dir='ltr'><strong>εἶναι.</strong></span> <span class='ocrx_word' id='word_1_242' title='bbox 1093 1969 1141 2006; x_wconf 87' lang='lat' dir='ltr'><strong>non</strong></span> <span class='ocrx_word' id='word_1_243' title='bbox 1156 1955 1196 2006; x_wconf 90' lang='lat' dir='ltr'><strong>sit.</strong></span> 
     </span>
    </p>

    <p class='ocr_par' dir='ltr' id='par_1_5' title="bbox 267 2033 1882 4404">
     <span class='ocr_line' id='line_1_19' title="bbox 312 2033 1879 2116; baseline 0 -17"><span class='ocrx_word' id='word_1_244' title='bbox 312 2037 351 2064; x_wconf 73' lang='lat'><strong>”¹</strong></span> <span class='ocrx_word' id='word_1_245' title='bbox 368 2041 478 2099; x_wconf 75' lang='grc' dir='ltr'><strong>Μᾶλλον</strong></span> <span class='ocrx_word' id='word_1_246' title='bbox 493 2037 520 2099; x_wconf 76' lang='lat' dir='ltr'><strong>ii</strong></span> <span class='ocrx_word' id='word_1_247' title='bbox 537 2037 631 2116; x_wconf 81' lang='grc' dir='ltr'><strong>μείζων</strong></span> <span class='ocrx_word' id='word_1_248' title='bbox 648 2035 718 2096; x_wconf 86' lang='grc' dir='ltr'><strong>ίοτλν</strong></span> <span class='ocrx_word' id='word_1_249' title='bbox 733 2037 759 2094; x_wconf 82' lang='lat' dir='ltr'><strong>iu</strong></span> <span class='ocrx_word' id='word_1_250' title='bbox 781 2033 880 2100; x_wconf 89' lang='grc' dir='ltr'><strong>τούτοις</strong></span> <span class='ocrx_word' id='word_1_251' title='bbox 896 2037 913 2106; x_wconf 85' lang='grc' dir='ltr'>ἡ</span> <span class='ocrx_word' id='word_1_252' title='bbox 936 2033 1048 2116; x_wconf 72' lang='grc' dir='ltr'><strong>διαφορὰ</strong></span> <span class='ocrx_word' id='word_1_253' title='bbox 1124 2043 1278 2102; x_wconf 84' lang='lat' dir='ltr'><strong>Quinetiam</strong></span> <span class='ocrx_word' id='word_1_254' title='bbox 1296 2045 1375 2109; x_wconf 81' lang='lat' dir='ltr'><strong>major</strong></span> <span class='ocrx_word' id='word_1_255' title='bbox 1387 2045 1413 2096; x_wconf 91' lang='lat' dir='ltr'><strong>in</strong></span> <span class='ocrx_word' id='word_1_256' title='bbox 1430 2045 1533 2104; x_wconf 76' lang='lat' dir='ltr'><strong>virtute,</strong></span> <span class='ocrx_word' id='word_1_257' title='bbox 1553 2059 1630 2110; x_wconf 86' lang='lat' dir='ltr'><strong>quam</strong></span> <span class='ocrx_word' id='word_1_258' title='bbox 1644 2046 1669 2096; x_wconf 91' lang='lat' dir='ltr'><strong>in</strong></span> <span class='ocrx_word' id='word_1_259' title='bbox 1682 2045 1784 2098; x_wconf 83' lang='lat' dir='ltr'><strong>artibus</strong></span> <span class='ocrx_word' id='word_1_260' title='bbox 1802 2047 1879 2113; x_wconf 80' lang='lat' dir='ltr'><strong>irnjru</strong></span> 
     </span>
     <span class='ocr_line' id='line_1_20' title="bbox 268 2119 1879 2207; baseline 0.001 -21"><span class='ocrx_word' id='word_1_261' title='bbox 268 2125 312 2186; x_wconf 80' lang='grc' dir='ltr'><strong>ίπί</strong></span> <span class='ocrx_word' id='word_1_262' title='bbox 325 2130 372 2200; x_wconf 79' lang='grc' dir='ltr'><strong>τῆς</strong></span> <span class='ocrx_word' id='word_1_263' title='bbox 382 2129 491 2207; x_wconf 72' lang='grc' dir='ltr'><strong>ἀρετῆς,</strong></span> <span class='ocrx_word' id='word_1_264' title='bbox 506 2127 523 2198; x_wconf 76' lang='grc' dir='ltr'>ἢ</span> <span class='ocrx_word' id='word_1_265' title='bbox 537 2125 580 2186; x_wconf 79' lang='lat' dir='ltr'><strong>ini</strong></span> <span class='ocrx_word' id='word_1_266' title='bbox 591 2127 642 2184; x_wconf 80' lang='grc' dir='ltr'><strong>τῶν</strong></span> <span class='ocrx_word' id='word_1_267' title='bbox 654 2127 764 2202; x_wconf 81' lang='grc' dir='ltr'><strong>τεχνῶν.</strong></span> <span class='ocrx_word' id='word_1_268' title='bbox 780 2119 888 2200; x_wconf 71' lang='grc' dir='ltr'><strong>Ἀγαθὸν</strong></span> <span class='ocrx_word' id='word_1_269' title='bbox 898 2119 949 2202; x_wconf 71' lang='grc' dir='ltr'><strong>γάρ</strong></span> <span class='ocrx_word' id='word_1_270' title='bbox 961 2121 987 2179; x_wconf 77' lang='grc' dir='ltr'><strong>ἐν</strong></span> <span class='ocrx_word' id='word_1_271' title='bbox 1002 2123 1048 2180; x_wconf 80' lang='grc' dir='ltr'><strong>ού·</strong></span> <span class='ocrx_word' id='word_1_272' title='bbox 1094 2132 1130 2182; x_wconf 89' lang='lat' dir='ltr'><strong>rei</strong></span> <span class='ocrx_word' id='word_1_273' title='bbox 1146 2131 1288 2182; x_wconf 79' lang='lat' dir='ltr'><strong>differentia</strong></span> <span class='ocrx_word' id='word_1_274' title='bbox 1296 2133 1511 2184; x_wconf 72' lang='lat' dir='ltr'><strong>animadvertitur.</strong></span> <span class='ocrx_word' id='word_1_275' title='bbox 1523 2135 1618 2184; x_wconf 81' lang='lat' dir='ltr'><strong>Bonum</strong></span> <span class='ocrx_word' id='word_1_276' title='bbox 1633 2135 1732 2186; x_wconf 77' lang='lat' dir='ltr'><strong>enimin</strong></span> <span class='ocrx_word' id='word_1_277' title='bbox 1744 2136 1807 2200; x_wconf 83' lang='lat' dir='ltr'><strong>ipsis</strong></span> <span class='ocrx_word' id='word_1_278' title='bbox 1818 2138 1879 2187; x_wconf 85' lang='lat' dir='ltr'><strong>artis</strong></span> 
     </span>
     <span class='ocr_line' id='line_1_21' title="bbox 268 2205 1876 2294; baseline 0 -21"><span class='ocrx_word' id='word_1_279' title='bbox 268 2215 325 2282; x_wconf 81' lang='grc' dir='ltr'><strong>ταῖς</strong></span> <span class='ocrx_word' id='word_1_280' title='bbox 346 2217 401 2275; x_wconf 77' lang='lat' dir='ltr'><strong>inm</strong></span> <span class='ocrx_word' id='word_1_281' title='bbox 419 2223 477 2284; x_wconf 85' lang='grc' dir='ltr'><strong>ταῖς</strong></span> <span class='ocrx_word' id='word_1_282' title='bbox 492 2211 629 2294; x_wconf 69' lang='grc' dir='ltr'><strong>ἐνεργείαις</strong></span> <span class='ocrx_word' id='word_1_283' title='bbox 644 2215 692 2284; x_wconf 82' lang='grc' dir='ltr'><strong>τῆς</strong></span> <span class='ocrx_word' id='word_1_284' title='bbox 707 2211 811 2291; x_wconf 84' lang='grc' dir='ltr'><strong>τίχνης.</strong></span> <span class='ocrx_word' id='word_1_285' title='bbox 836 2205 921 2270; x_wconf 78' lang='grc' dir='ltr'><strong>Ὥστε</strong></span> <span class='ocrx_word' id='word_1_286' title='bbox 944 2209 989 2269; x_wconf 81' lang='grc' dir='ltr'><strong>ἐάν</strong></span> <span class='ocrx_word' id='word_1_287' title='bbox 1011 2235 1049 2278; x_wconf 92' lang='grc' dir='ltr'><strong>τις</strong></span> <span class='ocrx_word' id='word_1_288' title='bbox 1092 2216 1210 2281; x_wconf 84' lang='lat' dir='ltr'><strong>operibus</strong></span> <span class='ocrx_word' id='word_1_289' title='bbox 1220 2217 1293 2268; x_wconf 85' lang='lat' dir='ltr'><strong>inest.</strong></span> <span class='ocrx_word' id='word_1_290' title='bbox 1306 2220 1395 2283; x_wconf 82' lang='lat' dir='ltr'><strong>itaque</strong></span> <span class='ocrx_word' id='word_1_291' title='bbox 1414 2219 1503 2284; x_wconf 88' lang='lat' dir='ltr'><strong>siquis</strong></span> <span class='ocrx_word' id='word_1_292' title='bbox 1523 2222 1624 2272; x_wconf 74' lang='lat' dir='ltr'><strong>musicis</strong></span> <span class='ocrx_word' id='word_1_293' title='bbox 1643 2221 1762 2273; x_wconf 86' lang='lat' dir='ltr'><strong>eruditus</strong></span> <span class='ocrx_word' id='word_1_294' title='bbox 1772 2237 1802 2274; x_wconf 79' lang='lat' dir='ltr'><strong>ea</strong></span> <span class='ocrx_word' id='word_1_295' title='bbox 1820 2238 1876 2288; x_wconf 80' lang='lat' dir='ltr'><strong>qne</strong></span> 
     </span>
     <span class='ocr_line' id='line_1_22' title="bbox 269 2298 1874 2384; baseline 0.001 -22"><span class='ocrx_word' id='word_1_296' title='bbox 269 2303 382 2380; x_wconf 76' lang='grc' dir='ltr'><strong>μουσικὰ</strong></span> <span class='ocrx_word' id='word_1_297' title='bbox 404 2307 467 2384; x_wconf 84' lang='grc' dir='ltr'><strong>ποιῇ</strong></span> <span class='ocrx_word' id='word_1_298' title='bbox 483 2302 611 2381; x_wconf 81' lang='grc' dir='ltr'><strong>μουσικὴν</strong></span> <span class='ocrx_word' id='word_1_299' title='bbox 624 2299 715 2380; x_wconf 72' lang='grc' dir='ltr'><strong>εἰδώς,</strong></span> <span class='ocrx_word' id='word_1_300' title='bbox 729 2298 802 2360; x_wconf 73' lang='grc' dir='ltr'><strong>οὐδόν</strong></span> <span class='ocrx_word' id='word_1_301' title='bbox 817 2298 912 2358; x_wconf 78' lang='grc' dir='ltr'><strong>κωλύει</strong></span> <span class='ocrx_word' id='word_1_302' title='bbox 925 2299 1049 2372; x_wconf 79' lang='grc' dir='ltr'><strong>μουσικόν</strong></span> <span class='ocrx_word' id='word_1_303' title='bbox 1092 2305 1195 2356; x_wconf 78' lang='lat' dir='ltr'><strong>musice</strong></span> <span class='ocrx_word' id='word_1_304' title='bbox 1206 2307 1305 2370; x_wconf 82' lang='lat' dir='ltr'><strong>propria</strong></span> <span class='ocrx_word' id='word_1_305' title='bbox 1318 2309 1377 2357; x_wconf 91' lang='lat' dir='ltr'><strong>snnt</strong></span> <span class='ocrx_word' id='word_1_306' title='bbox 1391 2306 1473 2368; x_wconf 72' lang='lat' dir='ltr'><strong>iamet,</strong></span> <span class='ocrx_word' id='word_1_307' title='bbox 1489 2309 1552 2360; x_wconf 85' lang='lat' dir='ltr'><strong>nihil</strong></span> <span class='ocrx_word' id='word_1_308' title='bbox 1564 2311 1654 2370; x_wconf 75' lang='lat' dir='ltr'><strong>obsim.</strong></span> <span class='ocrx_word' id='word_1_309' title='bbox 1677 2313 1815 2376; x_wconf 75' lang='lat' dir='ltr'><strong>quominus</strong></span> <span class='ocrx_word' id='word_1_310' title='bbox 1829 2312 1874 2362; x_wconf 84' lang='lat' dir='ltr'><strong>diti</strong></span> 
     </span>
     <span class='ocr_line' id='line_1_23' title="bbox 268 2386 1876 2470; baseline 0 -19"><span class='ocrx_word' id='word_1_311' title='bbox 268 2392 347 2452; x_wconf 77' lang='grc' dir='ltr'><strong>αὐτόν</strong></span> <span class='ocrx_word' id='word_1_312' title='bbox 362 2393 509 2470; x_wconf 72' lang='grc' dir='ltr'><strong>ὀνομάζειν·</strong></span> <span class='ocrx_word' id='word_1_313' title='bbox 525 2392 581 2452; x_wconf 77' lang='grc' dir='ltr'><strong>ἔστι</strong></span> <span class='ocrx_word' id='word_1_314' title='bbox 594 2390 645 2470; x_wconf 75' lang='grc' dir='ltr'><strong>γάρ</strong></span> <span class='ocrx_word' id='word_1_315' title='bbox 661 2387 798 2467; x_wconf 85' lang='grc' dir='ltr'><strong>μουσικός,</strong></span> <span class='ocrx_word' id='word_1_316' title='bbox 814 2387 859 2446; x_wconf 81' lang='grc' dir='ltr'><strong>καί</strong></span> <span class='ocrx_word' id='word_1_317' title='bbox 875 2386 1048 2467; x_wconf 80' lang='grc' dir='ltr'><strong>ίόινμὴπρο-</strong></span> <span class='ocrx_word' id='word_1_318' title='bbox 1094 2393 1170 2458; x_wconf 86' lang='lat' dir='ltr'><strong>possit</strong></span> <span class='ocrx_word' id='word_1_319' title='bbox 1188 2395 1367 2446; x_wconf 78' lang='lat' dir='ltr'><strong>musicuszest</strong></span> <span class='ocrx_word' id='word_1_320' title='bbox 1385 2397 1451 2448; x_wconf 86' lang='lat' dir='ltr'><strong>enim</strong></span> <span class='ocrx_word' id='word_1_321' title='bbox 1470 2399 1595 2458; x_wconf 81' lang='lat' dir='ltr'><strong>musteus.</strong></span> <span class='ocrx_word' id='word_1_322' title='bbox 1609 2400 1708 2450; x_wconf 74' lang='lat' dir='ltr'><strong>etiamsi</strong></span> <span class='ocrx_word' id='word_1_323' title='bbox 1720 2415 1773 2451; x_wconf 87' lang='lat' dir='ltr'><strong>non</strong></span> <span class='ocrx_word' id='word_1_324' title='bbox 1793 2405 1876 2465; x_wconf 80' lang='lat' dir='ltr'><strong>sptute</strong></span> 
     </span>
     <span class='ocr_line' id='line_1_24' title="bbox 269 2473 1876 2571; baseline 0.002 -35"><span class='ocrx_word' id='word_1_325' title='bbox 269 2480 421 2571; x_wconf 68' lang='grc' dir='ltr'><strong>αιγούμενος</strong></span> <span class='ocrx_word' id='word_1_326' title='bbox 441 2479 519 2548; x_wconf 77' lang='grc' dir='ltr'><strong>αὐτὸς</strong></span> <span class='ocrx_word' id='word_1_327' title='bbox 533 2477 566 2537; x_wconf 76' lang='grc' dir='ltr'><strong>τό</strong></span> <span class='ocrx_word' id='word_1_328' title='bbox 579 2475 696 2555; x_wconf 76' lang='grc' dir='ltr'><strong>μουσικὰ</strong></span> <span class='ocrx_word' id='word_1_329' title='bbox 708 2480 788 2557; x_wconf 83' lang='grc' dir='ltr'><strong>ποιῇ,</strong></span> <span class='ocrx_word' id='word_1_330' title='bbox 802 2474 870 2534; x_wconf 75' lang='lat' dir='ltr'><strong>stit</strong></span> <span class='ocrx_word' id='word_1_331' title='bbox 884 2473 972 2554; x_wconf 81' lang='grc' dir='ltr'><strong>ίτόρου</strong></span> <span class='ocrx_word' id='word_1_332' title='bbox 986 2477 1048 2554; x_wconf 88' lang='grc' dir='ltr'><strong>βια-</strong></span> <span class='ocrx_word' id='word_1_333' title='bbox 1093 2485 1173 2534; x_wconf 77' lang='lat' dir='ltr'><strong>artem</strong></span> <span class='ocrx_word' id='word_1_334' title='bbox 1186 2484 1307 2534; x_wconf 80' lang='lat' dir='ltr'><strong>musicam</strong></span> <span class='ocrx_word' id='word_1_335' title='bbox 1318 2488 1416 2544; x_wconf 79' lang='lat' dir='ltr'><strong>tractet,</strong></span> <span class='ocrx_word' id='word_1_336' title='bbox 1437 2486 1483 2536; x_wconf 84' lang='lat' dir='ltr'><strong>sed</strong></span> <span class='ocrx_word' id='word_1_337' title='bbox 1500 2487 1532 2537; x_wconf 83' lang='lat' dir='ltr'><strong>ab</strong></span> <span class='ocrx_word' id='word_1_338' title='bbox 1546 2487 1594 2537; x_wconf 84' lang='lat' dir='ltr'><strong>atio</strong></span> <span class='ocrx_word' id='word_1_339' title='bbox 1607 2491 1725 2538; x_wconf 81' lang='lat' dir='ltr'><strong>mactus:</strong></span> <span class='ocrx_word' id='word_1_340' title='bbox 1738 2493 1766 2540; x_wconf 91' lang='lat' dir='ltr'><strong>at</strong></span> <span class='ocrx_word' id='word_1_341' title='bbox 1778 2491 1876 2540; x_wconf 81' lang='lat' dir='ltr'><strong>ris-tntis</strong></span> 
     </span>
     <span class='ocr_line' id='line_1_25' title="bbox 268 2562 1878 2646; baseline 0.001 -20"><span class='ocrx_word' id='word_1_342' title='bbox 268 2567 385 2644; x_wconf 81' lang='grc' dir='ltr'><strong>ζαμίνοο·</strong></span> <span class='ocrx_word' id='word_1_343' title='bbox 398 2568 442 2628; x_wconf 77' lang='lat' dir='ltr'><strong>nn</strong></span> <span class='ocrx_word' id='word_1_344' title='bbox 463 2567 490 2628; x_wconf 77' lang='lat' dir='ltr'><strong>ii</strong></span> <span class='ocrx_word' id='word_1_345' title='bbox 505 2571 553 2639; x_wconf 78' lang='grc' dir='ltr'><strong>τῆς</strong></span> <span class='ocrx_word' id='word_1_346' title='bbox 571 2569 664 2646; x_wconf 76' lang='grc' dir='ltr'><strong>ἀρετῆς</strong></span> <span class='ocrx_word' id='word_1_347' title='bbox 677 2565 728 2644; x_wconf 78' lang='grc' dir='ltr'><strong>οὐχ</strong></span> <span class='ocrx_word' id='word_1_348' title='bbox 746 2563 835 2631; x_wconf 80' lang='grc' dir='ltr'><strong>οὕτως.</strong></span> <span class='ocrx_word' id='word_1_349' title='bbox 872 2562 926 2624; x_wconf 82' lang='lat' dir='ltr'><strong>Kui</strong></span> <span class='ocrx_word' id='word_1_350' title='bbox 936 2562 990 2642; x_wconf 77' lang='grc' dir='ltr'><strong>γάρ</strong></span> <span class='ocrx_word' id='word_1_351' title='bbox 1004 2562 1048 2621; x_wconf 71' lang='grc' dir='ltr'><strong>ἐάν</strong></span> <span class='ocrx_word' id='word_1_352' title='bbox 1093 2585 1142 2621; x_wconf 84' lang='lat' dir='ltr'><strong>uon</strong></span> <span class='ocrx_word' id='word_1_353' title='bbox 1152 2571 1238 2624; x_wconf 86' lang='lat' dir='ltr'><strong>eadem</strong></span> <span class='ocrx_word' id='word_1_354' title='bbox 1247 2577 1285 2622; x_wconf 83' lang='lat' dir='ltr'><strong>est</strong></span> <span class='ocrx_word' id='word_1_355' title='bbox 1295 2573 1468 2624; x_wconf 82' lang='lat' dir='ltr'><strong>ratio.1tamsi</strong></span> <span class='ocrx_word' id='word_1_356' title='bbox 1478 2575 1609 2639; x_wconf 82' lang='lat' dir='ltr'><strong>quisjuste</strong></span> <span class='ocrx_word' id='word_1_357' title='bbox 1619 2580 1686 2640; x_wconf 79' lang='lat' dir='ltr'><strong>agat,</strong></span> <span class='ocrx_word' id='word_1_358' title='bbox 1698 2591 1750 2628; x_wconf 86' lang='lat' dir='ltr'><strong>nnn</strong></span> <span class='ocrx_word' id='word_1_359' title='bbox 1764 2583 1878 2643; x_wconf 76' lang='lat' dir='ltr'><strong>propter-</strong></span> 
     </span>
     <span class='ocr_line' id='line_1_26' title="bbox 267 2649 1877 2736; baseline 0 -22"><span class='ocrx_word' id='word_1_360' title='bbox 267 2679 306 2723; x_wconf 89' lang='grc' dir='ltr'><strong>τις</strong></span> <span class='ocrx_word' id='word_1_361' title='bbox 323 2657 413 2716; x_wconf 77' lang='grc' dir='ltr'><strong>δίκαια</strong></span> <span class='ocrx_word' id='word_1_362' title='bbox 427 2659 506 2736; x_wconf 83' lang='grc' dir='ltr'><strong>ποιῇ,</strong></span> <span class='ocrx_word' id='word_1_363' title='bbox 520 2659 568 2716; x_wconf 85' lang='grc' dir='ltr'><strong>οὐκ</strong></span> <span class='ocrx_word' id='word_1_364' title='bbox 580 2653 613 2712; x_wconf 74' lang='grc' dir='ltr'><strong>λι</strong></span> <span class='ocrx_word' id='word_1_365' title='bbox 628 2653 669 2726; x_wconf 80' lang='grc' dir='ltr'><strong>ιίη</strong></span> <span class='ocrx_word' id='word_1_366' title='bbox 685 2653 797 2724; x_wconf 85' lang='grc' dir='ltr'><strong>δίκαιος,</strong></span> <span class='ocrx_word' id='word_1_367' title='bbox 813 2653 858 2710; x_wconf 65' lang='lat' dir='ltr'><strong>stt</strong></span> <span class='ocrx_word' id='word_1_368' title='bbox 873 2649 910 2725; x_wconf 72' lang='grc' dir='ltr'><strong>μὴ</strong></span> <span class='ocrx_word' id='word_1_369' title='bbox 921 2651 984 2730; x_wconf 75' lang='grc' dir='ltr'><strong>πρὸς</strong></span> <span class='ocrx_word' id='word_1_370' title='bbox 997 2651 1049 2718; x_wconf 81' lang='grc' dir='ltr'><strong>τοῖς</strong></span> <span class='ocrx_word' id='word_1_371' title='bbox 1093 2672 1122 2710; x_wconf 86' lang='lat' dir='ltr'><strong>ea</strong></span> <span class='ocrx_word' id='word_1_372' title='bbox 1140 2663 1178 2710; x_wconf 85' lang='lat' dir='ltr'><strong>est</strong></span> <span class='ocrx_word' id='word_1_373' title='bbox 1194 2660 1293 2724; x_wconf 72' lang='lat' dir='ltr'><strong>justus,</strong></span> <span class='ocrx_word' id='word_1_374' title='bbox 1313 2659 1361 2711; x_wconf 92' lang='lat' dir='ltr'><strong>nisi</strong></span> <span class='ocrx_word' id='word_1_375' title='bbox 1381 2665 1472 2725; x_wconf 77' lang='lat' dir='ltr'><strong>preter</strong></span> <span class='ocrx_word' id='word_1_376' title='bbox 1489 2662 1598 2727; x_wconf 84' lang='lat' dir='ltr'><strong>reliqna.</strong></span> <span class='ocrx_word' id='word_1_377' title='bbox 1620 2677 1679 2728; x_wconf 71' lang='lat' dir='ltr'><strong>que</strong></span> <span class='ocrx_word' id='word_1_378' title='bbox 1702 2666 1877 2730; x_wconf 82' lang='lat' dir='ltr'><strong>requiruntur,</strong></span> 
     </span>
     <span class='ocr_line' id='line_1_27' title="bbox 269 2741 1878 2822; baseline -0.001 -18"><span class='ocrx_word' id='word_1_379' title='bbox 269 2743 357 2812; x_wconf 81' lang='grc' dir='ltr'><strong>όλλοις</strong></span> <span class='ocrx_word' id='word_1_380' title='bbox 370 2743 416 2804; x_wconf 82' lang='grc' dir='ltr'><strong>καί</strong></span> <span class='ocrx_word' id='word_1_381' title='bbox 431 2743 500 2804; x_wconf 83' lang='grc' dir='ltr'><strong>πάνυ</strong></span> <span class='ocrx_word' id='word_1_382' title='bbox 516 2741 672 2822; x_wconf 81' lang='grc' dir='ltr'><strong>βουλόμενος</strong></span> <span class='ocrx_word' id='word_1_383' title='bbox 688 2745 751 2820; x_wconf 84' lang='grc' dir='ltr'><strong>ποιῇ</strong></span> <span class='ocrx_word' id='word_1_384' title='bbox 764 2784 773 2814; x_wconf 94' lang='grc'><strong>,</strong></span> <span class='ocrx_word' id='word_1_385' title='bbox 786 2741 832 2798; x_wconf 86' lang='grc' dir='ltr'><strong>καλ</strong></span> <span class='ocrx_word' id='word_1_386' title='bbox 843 2743 887 2820; x_wconf 76' lang='grc' dir='ltr'><strong>ὑφ’</strong></span> <span class='ocrx_word' id='word_1_387' title='bbox 904 2743 996 2800; x_wconf 78' lang='grc' dir='ltr'><strong>ἑαυτοῦ</strong></span> <span class='ocrx_word' id='word_1_388' title='bbox 1011 2765 1049 2800; x_wconf 91' lang='grc' dir='ltr'><strong>κι-</strong></span> <span class='ocrx_word' id='word_1_389' title='bbox 1092 2745 1191 2796; x_wconf 75' lang='lat' dir='ltr'><strong>omnino</strong></span> <span class='ocrx_word' id='word_1_390' title='bbox 1204 2746 1374 2797; x_wconf 82' lang='lat' dir='ltr'><strong>etiemrniens</strong></span> <span class='ocrx_word' id='word_1_391' title='bbox 1387 2751 1412 2797; x_wconf 90' lang='lat' dir='ltr'><strong>et</strong></span> <span class='ocrx_word' id='word_1_392' title='bbox 1422 2747 1551 2798; x_wconf 86' lang='lat' dir='ltr'><strong>ultroneus</strong></span> <span class='ocrx_word' id='word_1_393' title='bbox 1561 2748 1597 2799; x_wconf 87' lang='lat' dir='ltr'><strong>ita</strong></span> <span class='ocrx_word' id='word_1_394' title='bbox 1612 2751 1671 2814; x_wconf 70' lang='lat' dir='ltr'><strong>agit,</strong></span> <span class='ocrx_word' id='word_1_395' title='bbox 1683 2754 1709 2802; x_wconf 91' lang='lat' dir='ltr'><strong>et</strong></span> <span class='ocrx_word' id='word_1_396' title='bbox 1719 2765 1771 2801; x_wconf 87' lang='lat' dir='ltr'><strong>nnn</strong></span> <span class='ocrx_word' id='word_1_397' title='bbox 1782 2752 1815 2802; x_wconf 81' lang='lat' dir='ltr'><strong>ab</strong></span> <span class='ocrx_word' id='word_1_398' title='bbox 1831 2753 1878 2802; x_wconf 80' lang='lat' dir='ltr'><strong>atin</strong></span> 
     </span>
     <span class='ocr_line' id='line_1_28' title="bbox 268 2827 1878 2910; baseline -0.001 -18"><span class='ocrx_word' id='word_1_399' title='bbox 268 2831 404 2909; x_wconf 85' lang='grc' dir='ltr'><strong>νούμενος,</strong></span> <span class='ocrx_word' id='word_1_400' title='bbox 419 2831 465 2890; x_wconf 85' lang='grc' dir='ltr'><strong>καί</strong></span> <span class='ocrx_word' id='word_1_401' title='bbox 483 2833 533 2910; x_wconf 82' lang='grc' dir='ltr'><strong>οὐχ</strong></span> <span class='ocrx_word' id='word_1_402' title='bbox 543 2831 631 2910; x_wconf 75' lang='lat' dir='ltr'><strong>tripos</strong></span> <span class='ocrx_word' id='word_1_403' title='bbox 646 2831 812 2908; x_wconf 74' lang='grc' dir='ltr'><strong>βιαζομένου.</strong></span> <span class='ocrx_word' id='word_1_404' title='bbox 831 2827 899 2888; x_wconf 86' lang='grc' dir='ltr'><strong>Τότε</strong></span> <span class='ocrx_word' id='word_1_405' title='bbox 910 2827 961 2908; x_wconf 79' lang='grc' dir='ltr'><strong>γάρ</strong></span> <span class='ocrx_word' id='word_1_406' title='bbox 975 2828 1049 2889; x_wconf 83' lang='grc' dir='ltr'><strong>ίοται</strong></span> <span class='ocrx_word' id='word_1_407' title='bbox 1093 2837 1200 2884; x_wconf 80' lang='lat' dir='ltr'><strong>euentus.</strong></span> <span class='ocrx_word' id='word_1_408' title='bbox 1212 2834 1309 2898; x_wconf 81' lang='lat' dir='ltr'><strong>Quippe</strong></span> <span class='ocrx_word' id='word_1_409' title='bbox 1320 2837 1375 2884; x_wconf 91' lang='lat' dir='ltr'><strong>tum</strong></span> <span class='ocrx_word' id='word_1_410' title='bbox 1384 2834 1484 2886; x_wconf 83' lang='lat' dir='ltr'><strong>demum</strong></span> <span class='ocrx_word' id='word_1_411' title='bbox 1493 2837 1579 2901; x_wconf 83' lang='lat' dir='ltr'><strong>justus</strong></span> <span class='ocrx_word' id='word_1_412' title='bbox 1588 2838 1642 2896; x_wconf 83' lang='lat' dir='ltr'><strong>erit,</strong></span> <span class='ocrx_word' id='word_1_413' title='bbox 1660 2839 1772 2902; x_wconf 88' lang='lat' dir='ltr'><strong>primum</strong></span> <span class='ocrx_word' id='word_1_414' title='bbox 1782 2841 1878 2904; x_wconf 77' lang='lat' dir='ltr'><strong>eijuste</strong></span> 
     </span>
     <span class='ocr_line' id='line_1_29' title="bbox 269 2915 1879 3000; baseline 0 -22"><span class='ocrx_word' id='word_1_415' title='bbox 269 2921 382 2994; x_wconf 80' lang='grc' dir='ltr'><strong>δίκαιος,</strong></span> <span class='ocrx_word' id='word_1_416' title='bbox 394 2924 498 3000; x_wconf 83' lang='grc' dir='ltr'><strong>πρῶτον</strong></span> <span class='ocrx_word' id='word_1_417' title='bbox 509 2917 556 2996; x_wconf 79' lang='grc' dir='ltr'><strong>μίν</strong></span> <span class='ocrx_word' id='word_1_418' title='bbox 573 2917 618 2978; x_wconf 74' lang='lat' dir='ltr'><strong>tiu</strong></span> <span class='ocrx_word' id='word_1_419' title='bbox 632 2916 737 2998; x_wconf 85' lang='grc' dir='ltr'><strong>πράττη</strong></span> <span class='ocrx_word' id='word_1_420' title='bbox 751 2916 785 2978; x_wconf 71' lang='grc' dir='ltr'><strong>τά</strong></span> <span class='ocrx_word' id='word_1_421' title='bbox 800 2916 901 2990; x_wconf 87' lang='grc' dir='ltr'><strong>δίκαια,</strong></span> <span class='ocrx_word' id='word_1_422' title='bbox 914 2915 1048 2996; x_wconf 77' lang='grc' dir='ltr'><strong>γινώσκων</strong></span> <span class='ocrx_word' id='word_1_423' title='bbox 1093 2921 1152 2986; x_wconf 81' lang='lat' dir='ltr'><strong>egit.</strong></span> <span class='ocrx_word' id='word_1_424' title='bbox 1165 2922 1245 2974; x_wconf 85' lang='lat' dir='ltr'><strong>seiens</strong></span> <span class='ocrx_word' id='word_1_425' title='bbox 1254 2935 1361 2988; x_wconf 89' lang='lat' dir='ltr'><strong>quarum</strong></span> <span class='ocrx_word' id='word_1_426' title='bbox 1374 2937 1460 2974; x_wconf 90' lang='lat' dir='ltr'><strong>rerum</strong></span> <span class='ocrx_word' id='word_1_427' title='bbox 1469 2928 1556 2975; x_wconf 84' lang='lat' dir='ltr'><strong>aneton</strong></span> <span class='ocrx_word' id='word_1_428' title='bbox 1567 2927 1618 2976; x_wconf 90' lang='lat' dir='ltr'><strong>sit:</strong></span> <span class='ocrx_word' id='word_1_429' title='bbox 1634 2925 1723 2977; x_wconf 64' lang='lat' dir='ltr'><strong>nunde</strong></span> <span class='ocrx_word' id='word_1_430' title='bbox 1734 2927 1757 2978; x_wconf 80' lang='lat' dir='ltr'><strong>si</strong></span> <span class='ocrx_word' id='word_1_431' title='bbox 1769 2928 1825 2992; x_wconf 84' lang='lat' dir='ltr'><strong>ipse</strong></span> <span class='ocrx_word' id='word_1_432' title='bbox 1835 2943 1879 2978; x_wconf 81' lang='lat' dir='ltr'><strong>sun</strong></span> 
     </span>
     <span class='ocr_line' id='line_1_30' title="bbox 270 3005 1881 3088; baseline 0.001 -24"><span class='ocrx_word' id='word_1_433' title='bbox 270 3007 421 3087; x_wconf 77' lang='grc' dir='ltr'><strong>όπράιτει·</strong></span> <span class='ocrx_word' id='word_1_434' title='bbox 435 3007 545 3081; x_wconf 79' lang='grc' dir='ltr'><strong>ἔπειτα,</strong></span> <span class='ocrx_word' id='word_1_435' title='bbox 563 3006 609 3066; x_wconf 79' lang='lat' dir='ltr'><strong>tim</strong></span> <span class='ocrx_word' id='word_1_436' title='bbox 623 3007 827 3088; x_wconf 80' lang='grc' dir='ltr'><strong>προαιρούμενος</strong></span> <span class='ocrx_word' id='word_1_437' title='bbox 844 3005 922 3073; x_wconf 78' lang='grc' dir='ltr'><strong>αὐτὸς</strong></span> <span class='ocrx_word' id='word_1_438' title='bbox 936 3007 1049 3088; x_wconf 83' lang='grc' dir='ltr'><strong>πράττῃ·</strong></span> <span class='ocrx_word' id='word_1_439' title='bbox 1094 3013 1180 3074; x_wconf 85' lang='lat' dir='ltr'><strong>spnntn</strong></span> <span class='ocrx_word' id='word_1_440' title='bbox 1202 3010 1268 3074; x_wconf 79' lang='lat' dir='ltr'><strong>agit,</strong></span> <span class='ocrx_word' id='word_1_441' title='bbox 1285 3015 1408 3075; x_wconf 86' lang='lat' dir='ltr'><strong>postremo</strong></span> <span class='ocrx_word' id='word_1_442' title='bbox 1429 3011 1450 3062; x_wconf 84' lang='lat' dir='ltr'><strong>si</strong></span> <span class='ocrx_word' id='word_1_443' title='bbox 1468 3012 1540 3062; x_wconf 84' lang='lat' dir='ltr'><strong>iirma</strong></span> <span class='ocrx_word' id='word_1_444' title='bbox 1558 3017 1584 3062; x_wconf 85' lang='lat' dir='ltr'><strong>et</strong></span> <span class='ocrx_word' id='word_1_445' title='bbox 1604 3014 1725 3064; x_wconf 84' lang='lat' dir='ltr'><strong>nunstanti</strong></span> <span class='ocrx_word' id='word_1_446' title='bbox 1749 3015 1881 3067; x_wconf 65' lang='lat' dir='ltr'><strong>retunsae</strong></span> 
     </span>
     <span class='ocr_line' id='line_1_31' title="bbox 270 3093 1882 3176; baseline 0.002 -24"><span class='ocrx_word' id='word_1_447' title='bbox 270 3094 315 3154; x_wconf 83' lang='grc' dir='ltr'><strong>καί</strong></span> <span class='ocrx_word' id='word_1_448' title='bbox 332 3095 437 3174; x_wconf 86' lang='grc' dir='ltr'><strong>τρίτον,</strong></span> <span class='ocrx_word' id='word_1_449' title='bbox 453 3097 476 3154; x_wconf 84' lang='grc' dir='ltr'><strong>εί</strong></span> <span class='ocrx_word' id='word_1_450' title='bbox 490 3095 601 3174; x_wconf 80' lang='grc' dir='ltr'><strong>βεόαίως</strong></span> <span class='ocrx_word' id='word_1_451' title='bbox 622 3095 669 3157; x_wconf 82' lang='grc' dir='ltr'><strong>καί</strong></span> <span class='ocrx_word' id='word_1_452' title='bbox 692 3093 889 3172; x_wconf 79' lang='grc' dir='ltr'><strong>όμεταιιιιήτως</strong></span> <span class='ocrx_word' id='word_1_453' title='bbox 912 3093 967 3176; x_wconf 68' lang='grc' dir='ltr'><strong>ἔχει</strong></span> <span class='ocrx_word' id='word_1_454' title='bbox 985 3097 1049 3175; x_wconf 81' lang='grc' dir='ltr'><strong>πρὸς</strong></span> <span class='ocrx_word' id='word_1_455' title='bbox 1094 3098 1152 3163; x_wconf 75' lang='lat' dir='ltr'><strong>sgit-</strong></span> <span class='ocrx_word' id='word_1_456' title='bbox 1168 3098 1264 3150; x_wconf 77' lang='lat' dir='ltr'><strong>Etenim</strong></span> <span class='ocrx_word' id='word_1_457' title='bbox 1282 3100 1327 3164; x_wconf 86' lang='lat' dir='ltr'><strong>qui</strong></span> <span class='ocrx_word' id='word_1_458' title='bbox 1347 3101 1416 3150; x_wconf 83' lang='lat' dir='ltr'><strong>novit</strong></span> <span class='ocrx_word' id='word_1_459' title='bbox 1427 3101 1496 3164; x_wconf 83' lang='lat' dir='ltr'><strong>justa</strong></span> <span class='ocrx_word' id='word_1_460' title='bbox 1508 3101 1644 3166; x_wconf 79' lang='lat' dir='ltr'><strong>volensque</strong></span> <span class='ocrx_word' id='word_1_461' title='bbox 1660 3103 1729 3166; x_wconf 86' lang='lat' dir='ltr'><strong>jnste</strong></span> <span class='ocrx_word' id='word_1_462' title='bbox 1747 3105 1815 3168; x_wconf 78' lang='lat' dir='ltr'><strong>agit,</strong></span> <span class='ocrx_word' id='word_1_463' title='bbox 1837 3119 1882 3155; x_wconf 80' lang='lat' dir='ltr'><strong>nee</strong></span> 
     </span>
     <span class='ocr_line' id='line_1_32' title="bbox 269 3181 1882 3264; baseline 0.001 -22"><span class='ocrx_word' id='word_1_464' title='bbox 269 3183 318 3256; x_wconf 75' lang='lat' dir='ltr'><strong>rip</strong></span> <span class='ocrx_word' id='word_1_465' title='bbox 335 3182 438 3262; x_wconf 70' lang='grc' dir='ltr'><strong>πρᾶξιν.</strong></span> <span class='ocrx_word' id='word_1_466' title='bbox 462 3184 516 3243; x_wconf 81' lang='grc' dir='ltr'><strong>Καί</strong></span> <span class='ocrx_word' id='word_1_467' title='bbox 527 3182 578 3264; x_wconf 75' lang='grc' dir='ltr'><strong>γὰρ</strong></span> <span class='ocrx_word' id='word_1_468' title='bbox 595 3185 643 3242; x_wconf 80' lang='grc' dir='ltr'><strong>οὐκ</strong></span> <span class='ocrx_word' id='word_1_469' title='bbox 657 3181 689 3242; x_wconf 66' lang='grc' dir='ltr'><strong>ἂν</strong></span> <span class='ocrx_word' id='word_1_470' title='bbox 705 3181 745 3255; x_wconf 80' lang='grc' dir='ltr'><strong>τίη</strong></span> <span class='ocrx_word' id='word_1_471' title='bbox 767 3181 865 3248; x_wconf 84' lang='grc' dir='ltr'><strong>δίκαιος</strong></span> <span class='ocrx_word' id='word_1_472' title='bbox 878 3185 893 3241; x_wconf 86' lang='grc' dir='ltr'><strong>ό</strong></span> <span class='ocrx_word' id='word_1_473' title='bbox 906 3181 980 3247; x_wconf 76' lang='grc' dir='ltr'><strong>εἰδὼς</strong></span> <span class='ocrx_word' id='word_1_474' title='bbox 1000 3181 1048 3258; x_wconf 85' lang='grc' dir='ltr'><strong>μίν</strong></span> <span class='ocrx_word' id='word_1_475' title='bbox 1094 3199 1176 3238; x_wconf 85' lang='lat' dir='ltr'><strong>tamen</strong></span> <span class='ocrx_word' id='word_1_476' title='bbox 1186 3191 1258 3251; x_wconf 90' lang='lat' dir='ltr'><strong>putat</strong></span> <span class='ocrx_word' id='word_1_477' title='bbox 1269 3202 1341 3238; x_wconf 86' lang='lat' dir='ltr'><strong>omne</strong></span> <span class='ocrx_word' id='word_1_478' title='bbox 1355 3193 1454 3254; x_wconf 87' lang='lat' dir='ltr'><strong>tempus</strong></span> <span class='ocrx_word' id='word_1_479' title='bbox 1464 3190 1569 3253; x_wconf 79' lang='lat' dir='ltr'><strong>justitie</strong></span> <span class='ocrx_word' id='word_1_480' title='bbox 1590 3204 1644 3242; x_wconf 82' lang='lat' dir='ltr'><strong>esse</strong></span> <span class='ocrx_word' id='word_1_481' title='bbox 1658 3191 1792 3250; x_wconf 84' lang='lat' dir='ltr'><strong>idoneum,</strong></span> <span class='ocrx_word' id='word_1_482' title='bbox 1819 3207 1882 3243; x_wconf 86' lang='lat' dir='ltr'><strong>non-</strong></span> 
     </span>
     <span class='ocr_line' id='line_1_33' title="bbox 269 3269 1881 3350; baseline -0.001 -20"><span class='ocrx_word' id='word_1_483' title='bbox 269 3271 304 3330; x_wconf 80' lang='grc' dir='ltr'><strong>τά</strong></span> <span class='ocrx_word' id='word_1_484' title='bbox 319 3270 409 3329; x_wconf 85' lang='grc' dir='ltr'><strong>δίκαια</strong></span> <span class='ocrx_word' id='word_1_485' title='bbox 423 3271 469 3330; x_wconf 82' lang='grc' dir='ltr'><strong>καί</strong></span> <span class='ocrx_word' id='word_1_486' title='bbox 489 3270 613 3350; x_wconf 82' lang='grc' dir='ltr'><strong>πράττων</strong></span> <span class='ocrx_word' id='word_1_487' title='bbox 629 3269 714 3342; x_wconf 74' lang='lat' dir='ltr'><strong>tuuis,</strong></span> <span class='ocrx_word' id='word_1_488' title='bbox 732 3269 851 3345; x_wconf 83' lang='grc' dir='ltr'><strong>οἰόμενος</strong></span> <span class='ocrx_word' id='word_1_489' title='bbox 866 3269 893 3329; x_wconf 85' lang='grc' dir='ltr'><strong>δὲ</strong></span> <span class='ocrx_word' id='word_1_490' title='bbox 909 3269 946 3346; x_wconf 76' lang='grc' dir='ltr'><strong>μὴ</strong></span> <span class='ocrx_word' id='word_1_491' title='bbox 962 3271 1049 3329; x_wconf 86' lang='grc' dir='ltr'><strong>πάντα</strong></span> <span class='ocrx_word' id='word_1_492' title='bbox 1093 3274 1154 3326; x_wconf 83' lang='lat' dir='ltr'><strong>uun</strong></span> <span class='ocrx_word' id='word_1_493' title='bbox 1161 3276 1298 3340; x_wconf 80' lang='lat' dir='ltr'><strong>justusest.</strong></span> <span class='ocrx_word' id='word_1_494' title='bbox 1313 3275 1362 3327; x_wconf 83' lang='lat' dir='ltr'><strong>Sed</strong></span> <span class='ocrx_word' id='word_1_495' title='bbox 1377 3276 1402 3326; x_wconf 95' lang='lat' dir='ltr'><strong>in</strong></span> <span class='ocrx_word' id='word_1_496' title='bbox 1414 3277 1469 3326; x_wconf 87' lang='lat' dir='ltr'><strong>aliis</strong></span> <span class='ocrx_word' id='word_1_497' title='bbox 1481 3277 1576 3327; x_wconf 83' lang='lat' dir='ltr'><strong>artibus</strong></span> <span class='ocrx_word' id='word_1_498' title='bbox 1592 3277 1613 3327; x_wconf 91' lang='lat' dir='ltr'><strong>si</strong></span> <span class='ocrx_word' id='word_1_499' title='bbox 1631 3279 1881 3344; x_wconf 78' lang='lat' dir='ltr'><strong>qniseaspemipere</strong></span> 
     </span>
     <span class='ocr_line' id='line_1_34' title="bbox 270 3348 1880 3439; baseline 0.002 -24"><span class='ocrx_word' id='word_1_500' title='bbox 270 3357 364 3439; x_wconf 82' lang='grc' dir='ltr'><strong>χρόνον</strong></span> <span class='ocrx_word' id='word_1_501' title='bbox 379 3356 470 3436; x_wconf 79' lang='grc' dir='ltr'><strong>καιρὸν</strong></span> <span class='ocrx_word' id='word_1_502' title='bbox 485 3348 551 3414; x_wconf 74' lang='grc' dir='ltr'><strong>εἶναι</strong></span> <span class='ocrx_word' id='word_1_503' title='bbox 569 3355 745 3428; x_wconf 83' lang='grc' dir='ltr'><strong>δικαιοσύνης·</strong></span> <span class='ocrx_word' id='word_1_504' title='bbox 768 3357 860 3414; x_wconf 85' lang='grc' dir='ltr'><strong>Ταῦτα</strong></span> <span class='ocrx_word' id='word_1_505' title='bbox 877 3355 903 3414; x_wconf 72' lang='lat' dir='ltr'><strong>ii</strong></span> <span class='ocrx_word' id='word_1_506' title='bbox 921 3358 985 3434; x_wconf 79' lang='grc' dir='ltr'><strong>πρὸς</strong></span> <span class='ocrx_word' id='word_1_507' title='bbox 1001 3355 1048 3433; x_wconf 76' lang='grc' dir='ltr'><strong>μὲν</strong></span> <span class='ocrx_word' id='word_1_508' title='bbox 1094 3366 1170 3428; x_wconf 81' lang='lat' dir='ltr'><strong>utque</strong></span> <span class='ocrx_word' id='word_1_509' title='bbox 1182 3363 1293 3427; x_wconf 73' lang='lat' dir='ltr'><strong>egregius</strong></span> <span class='ocrx_word' id='word_1_510' title='bbox 1308 3363 1383 3428; x_wconf 84' lang='lat' dir='ltr'><strong>hujus</strong></span> <span class='ocrx_word' id='word_1_511' title='bbox 1402 3365 1498 3427; x_wconf 79' lang='lat' dir='ltr'><strong>generis</strong></span> <span class='ocrx_word' id='word_1_512' title='bbox 1518 3364 1609 3416; x_wconf 79' lang='lat' dir='ltr'><strong>artifex</strong></span> <span class='ocrx_word' id='word_1_513' title='bbox 1622 3379 1676 3416; x_wconf 84' lang='lat' dir='ltr'><strong>esse</strong></span> <span class='ocrx_word' id='word_1_514' title='bbox 1695 3369 1765 3426; x_wconf 86' lang='lat' dir='ltr'><strong>rult,</strong></span> <span class='ocrx_word' id='word_1_515' title='bbox 1789 3368 1880 3418; x_wconf 76' lang='lat' dir='ltr'><strong>tanturn</strong></span> 
     </span>
     <span class='ocr_line' id='line_1_35' title="bbox 271 3434 1880 3523; baseline 0 -15"><span class='ocrx_word' id='word_1_516' title='bbox 271 3450 301 3508; x_wconf 78' lang='grc' dir='ltr'><strong>τό</strong></span> <span class='ocrx_word' id='word_1_517' title='bbox 314 3444 404 3506; x_wconf 84' lang='grc' dir='ltr'><strong>λαόεῖν</strong></span> <span class='ocrx_word' id='word_1_518' title='bbox 430 3443 477 3512; x_wconf 67' lang='grc' dir='ltr'><strong>τίς</strong></span> <span class='ocrx_word' id='word_1_519' title='bbox 493 3445 576 3511; x_wconf 86' lang='grc' dir='ltr'><strong>οίλλας</strong></span> <span class='ocrx_word' id='word_1_520' title='bbox 591 3443 685 3523; x_wconf 86' lang='grc' dir='ltr'><strong>τίχνας</strong></span> <span class='ocrx_word' id='word_1_521' title='bbox 705 3441 750 3502; x_wconf 87' lang='grc' dir='ltr'><strong>καλ</strong></span> <span class='ocrx_word' id='word_1_522' title='bbox 771 3442 891 3523; x_wconf 76' lang='grc' dir='ltr'><strong>τεχνίτας</strong></span> <span class='ocrx_word' id='word_1_523' title='bbox 906 3434 973 3502; x_wconf 74' lang='grc' dir='ltr'><strong>εἶναι</strong></span> <span class='ocrx_word' id='word_1_524' title='bbox 989 3447 1048 3504; x_wconf 84' lang='grc' dir='ltr'><strong>κατ’</strong></span> <span class='ocrx_word' id='word_1_525' title='bbox 1094 3450 1156 3501; x_wconf 86' lang='lat' dir='ltr'><strong>nihii</strong></span> <span class='ocrx_word' id='word_1_526' title='bbox 1168 3451 1304 3516; x_wconf 76' lang='lat' dir='ltr'><strong>requiritur</strong></span> <span class='ocrx_word' id='word_1_527' title='bbox 1316 3457 1406 3516; x_wconf 74' lang='lat' dir='ltr'><strong>preter</strong></span> <span class='ocrx_word' id='word_1_528' title='bbox 1415 3453 1793 3516; x_wconf 75' lang='lat' dir='ltr'><strong>seientiam3namsiatienusn</strong></span> <span class='ocrx_word' id='word_1_529' title='bbox 1805 3457 1880 3508; x_wconf 69' lang='lat' dir='ltr'><strong>stirne</strong></span> 
     </span>
     <span class='ocr_line' id='line_1_36' title="bbox 272 3530 1880 3612; baseline 0.001 -18"><span class='ocrx_word' id='word_1_530' title='bbox 272 3535 352 3600; x_wconf 72' lang='grc' dir='ltr'><strong>αὖτίς</strong></span> <span class='ocrx_word' id='word_1_531' title='bbox 367 3534 397 3592; x_wconf 82' lang='grc' dir='ltr'><strong>ού</strong></span> <span class='ocrx_word' id='word_1_532' title='bbox 410 3535 566 3606; x_wconf 84' lang='grc' dir='ltr'><strong>ζητοῦνται,</strong></span> <span class='ocrx_word' id='word_1_533' title='bbox 581 3531 651 3602; x_wconf 73' lang='grc' dir='ltr'><strong>πλὴν</strong></span> <span class='ocrx_word' id='word_1_534' title='bbox 665 3537 710 3590; x_wconf 77' lang='grc' dir='ltr'><strong>τοῦ</strong></span> <span class='ocrx_word' id='word_1_535' title='bbox 725 3530 827 3589; x_wconf 73' lang='lat' dir='ltr'><strong>sitisse</strong></span> <span class='ocrx_word' id='word_1_536' title='bbox 844 3532 925 3612; x_wconf 82' lang='grc' dir='ltr'><strong>χωρίς</strong></span> <span class='ocrx_word' id='word_1_537' title='bbox 939 3532 990 3612; x_wconf 79' lang='grc' dir='ltr'><strong>γάρ</strong></span> <span class='ocrx_word' id='word_1_538' title='bbox 1004 3535 1049 3591; x_wconf 83' lang='grc' dir='ltr'><strong>τοῦ</strong></span> <span class='ocrx_word' id='word_1_539' title='bbox 1094 3539 1130 3589; x_wconf 86' lang='lat' dir='ltr'><strong>tis</strong></span> <span class='ocrx_word' id='word_1_540' title='bbox 1142 3539 1182 3598; x_wconf 79' lang='lat' dir='ltr'><strong>sit¹</strong></span> <span class='ocrx_word' id='word_1_541' title='bbox 1195 3539 1320 3603; x_wconf 85' lang='lat' dir='ltr'><strong>quomodo</strong></span> <span class='ocrx_word' id='word_1_542' title='bbox 1332 3540 1390 3604; x_wconf 87' lang='lat' dir='ltr'><strong>quis</strong></span> <span class='ocrx_word' id='word_1_543' title='bbox 1405 3539 1497 3590; x_wconf 80' lang='lat' dir='ltr'><strong>artifex</strong></span> <span class='ocrx_word' id='word_1_544' title='bbox 1511 3541 1683 3601; x_wconf 74' lang='lat' dir='ltr'><strong>eritioundsi</strong></span> <span class='ocrx_word' id='word_1_545' title='bbox 1696 3557 1779 3608; x_wconf 84' lang='lat' dir='ltr'><strong>neque</strong></span> <span class='ocrx_word' id='word_1_546' title='bbox 1793 3549 1880 3609; x_wconf 84' lang='lat' dir='ltr'><strong>sponte</strong></span> 
     </span>
     <span class='ocr_line' id='line_1_37' title="bbox 271 3618 1876 3700; baseline -0.001 -16"><span class='ocrx_word' id='word_1_547' title='bbox 271 3620 384 3692; x_wconf 81' lang='grc' dir='ltr'><strong>είδίναι,</strong></span> <span class='ocrx_word' id='word_1_548' title='bbox 399 3623 455 3688; x_wconf 81' lang='grc' dir='ltr'><strong>πῶς</strong></span> <span class='ocrx_word' id='word_1_549' title='bbox 474 3621 506 3679; x_wconf 82' lang='grc' dir='ltr'><strong>όν</strong></span> <span class='ocrx_word' id='word_1_550' title='bbox 520 3643 558 3687; x_wconf 88' lang='grc' dir='ltr'><strong>τις</strong></span> <span class='ocrx_word' id='word_1_551' title='bbox 572 3619 611 3694; x_wconf 84' lang='grc' dir='ltr'><strong>τίη</strong></span> <span class='ocrx_word' id='word_1_552' title='bbox 629 3618 766 3698; x_wconf 69' lang='grc' dir='ltr'><strong>τεχνίτης,</strong></span> <span class='ocrx_word' id='word_1_553' title='bbox 782 3621 805 3677; x_wconf 83' lang='grc' dir='ltr'><strong>εί</strong></span> <span class='ocrx_word' id='word_1_554' title='bbox 821 3618 847 3678; x_wconf 74' lang='grc' dir='ltr'><strong>δὲ</strong></span> <span class='ocrx_word' id='word_1_555' title='bbox 864 3619 932 3696; x_wconf 76' lang='grc' dir='ltr'><strong>μήτε</strong></span> <span class='ocrx_word' id='word_1_556' title='bbox 951 3643 1049 3700; x_wconf 86' lang='grc' dir='ltr'><strong>προαι-</strong></span> <span class='ocrx_word' id='word_1_557' title='bbox 1094 3633 1174 3680; x_wconf 89' lang='lat' dir='ltr'><strong>artem</strong></span> <span class='ocrx_word' id='word_1_558' title='bbox 1186 3629 1259 3689; x_wconf 78' lang='lat' dir='ltr'><strong>uniit,</strong></span> <span class='ocrx_word' id='word_1_559' title='bbox 1275 3643 1355 3694; x_wconf 85' lang='lat' dir='ltr'><strong>neque</strong></span> <span class='ocrx_word' id='word_1_560' title='bbox 1374 3630 1477 3680; x_wconf 82' lang='lat' dir='ltr'><strong>nnntter</strong></span> <span class='ocrx_word' id='word_1_561' title='bbox 1494 3630 1519 3680; x_wconf 93' lang='lat' dir='ltr'><strong>in</strong></span> <span class='ocrx_word' id='word_1_562' title='bbox 1539 3643 1570 3682; x_wconf 86' lang='lat' dir='ltr'><strong>ea</strong></span> <span class='ocrx_word' id='word_1_563' title='bbox 1591 3631 1729 3683; x_wconf 79' lang='lat' dir='ltr'><strong>exemerrda</strong></span> <span class='ocrx_word' id='word_1_564' title='bbox 1751 3635 1876 3698; x_wconf 76' lang='lat' dir='ltr'><strong>persistit,</strong></span> 
     </span>
     <span class='ocr_line' id='line_1_38' title="bbox 272 3705 1879 3794; baseline 0.002 -26"><span class='ocrx_word' id='word_1_565' title='bbox 272 3711 395 3794; x_wconf 82' lang='grc' dir='ltr'><strong>ρούμενος</strong></span> <span class='ocrx_word' id='word_1_566' title='bbox 418 3707 466 3780; x_wconf 79' lang='grc' dir='ltr'><strong>τὴν</strong></span> <span class='ocrx_word' id='word_1_567' title='bbox 490 3707 586 3788; x_wconf 81' lang='grc' dir='ltr'><strong>τίχνην</strong></span> <span class='ocrx_word' id='word_1_568' title='bbox 609 3707 696 3781; x_wconf 84' lang='grc' dir='ltr'><strong>ποιεῖ,</strong></span> <span class='ocrx_word' id='word_1_569' title='bbox 738 3705 805 3784; x_wconf 80' lang='grc' dir='ltr'><strong>μήτε</strong></span> <span class='ocrx_word' id='word_1_570' title='bbox 829 3709 1051 3784; x_wconf 75' lang='grc' dir='ltr'><strong>οἰμετακινιίτοιςι</strong></span> <span class='ocrx_word' id='word_1_571' title='bbox 1095 3718 1156 3768; x_wconf 87' lang='lat' dir='ltr'><strong>nihii</strong></span> <span class='ocrx_word' id='word_1_572' title='bbox 1170 3721 1297 3782; x_wconf 84' lang='lat' dir='ltr'><strong>propterea</strong></span> <span class='ocrx_word' id='word_1_573' title='bbox 1309 3719 1401 3778; x_wconf 83' lang='lat' dir='ltr'><strong>obstet,</strong></span> <span class='ocrx_word' id='word_1_574' title='bbox 1419 3719 1552 3782; x_wconf 88' lang='lat' dir='ltr'><strong>quominus</strong></span> <span class='ocrx_word' id='word_1_575' title='bbox 1568 3720 1602 3770; x_wconf 88' lang='lat' dir='ltr'><strong>sit</strong></span> <span class='ocrx_word' id='word_1_576' title='bbox 1615 3719 1706 3772; x_wconf 76' lang='lat' dir='ltr'><strong>artifex</strong></span> <span class='ocrx_word' id='word_1_577' title='bbox 1724 3735 1732 3766; x_wconf 84' lang='grc' dir='ltr'><strong>ι</strong></span> <span class='ocrx_word' id='word_1_578' title='bbox 1752 3721 1785 3773; x_wconf 82' lang='lat' dir='ltr'><strong>ad</strong></span> <span class='ocrx_word' id='word_1_579' title='bbox 1798 3724 1879 3772; x_wconf 78' lang='lat' dir='ltr'><strong>virtu-</strong></span> 
     </span>
     <span class='ocr_line' id='line_1_39' title="bbox 273 3793 1875 3878; baseline 0.004 -24"><span class='ocrx_word' id='word_1_580' title='bbox 273 3793 344 3876; x_wconf 81' lang='grc' dir='ltr'><strong>ίχων</strong></span> <span class='ocrx_word' id='word_1_581' title='bbox 359 3797 424 3878; x_wconf 85' lang='grc' dir='ltr'><strong>πρὸς</strong></span> <span class='ocrx_word' id='word_1_582' title='bbox 438 3796 486 3870; x_wconf 79' lang='grc' dir='ltr'><strong>τλν</strong></span> <span class='ocrx_word' id='word_1_583' title='bbox 497 3821 564 3874; x_wconf 86' lang='grc' dir='ltr'><strong>μετα</strong></span> <span class='ocrx_word' id='word_1_584' title='bbox 585 3797 676 3877; x_wconf 88' lang='grc' dir='ltr'><strong>είριοιν</strong></span> <span class='ocrx_word' id='word_1_585' title='bbox 690 3797 737 3866; x_wconf 76' lang='grc' dir='ltr'><strong>ιη”ς</strong></span> <span class='ocrx_word' id='word_1_586' title='bbox 751 3795 859 3876; x_wconf 76' lang='grc' dir='ltr'><strong>τέχνης,</strong></span> <span class='ocrx_word' id='word_1_587' title='bbox 874 3819 903 3855; x_wconf 92' lang='grc' dir='ltr'><strong>ου</strong></span> <span class='ocrx_word' id='word_1_588' title='bbox 919 3797 962 3854; x_wconf 83' lang='grc' dir='ltr'><strong>δια</strong></span> <span class='ocrx_word' id='word_1_589' title='bbox 975 3802 1051 3858; x_wconf 81' lang='grc' dir='ltr'><strong>τοῦτο</strong></span> <span class='ocrx_word' id='word_1_590' title='bbox 1095 3815 1145 3856; x_wconf 76' lang='lat' dir='ltr'><strong>sem</strong></span> <span class='ocrx_word' id='word_1_591' title='bbox 1159 3820 1217 3856; x_wconf 84' lang='lat' dir='ltr'><strong>vero</strong></span> <span class='ocrx_word' id='word_1_592' title='bbox 1228 3819 1315 3871; x_wconf 82' lang='lat' dir='ltr'><strong>parum</strong></span> <span class='ocrx_word' id='word_1_593' title='bbox 1325 3811 1369 3857; x_wconf 90' lang='lat' dir='ltr'><strong>aut</strong></span> <span class='ocrx_word' id='word_1_594' title='bbox 1382 3807 1443 3857; x_wconf 89' lang='lat' dir='ltr'><strong>nihii</strong></span> <span class='ocrx_word' id='word_1_595' title='bbox 1457 3807 1557 3871; x_wconf 69' lang='lat' dir='ltr'><strong>prodest</strong></span> <span class='ocrx_word' id='word_1_596' title='bbox 1571 3821 1655 3859; x_wconf 85' lang='lat' dir='ltr'><strong>earum</strong></span> <span class='ocrx_word' id='word_1_597' title='bbox 1668 3810 1783 3860; x_wconf 89' lang='lat' dir='ltr'><strong>omnium</strong></span> <span class='ocrx_word' id='word_1_598' title='bbox 1794 3825 1875 3860; x_wconf 77' lang='lat' dir='ltr'><strong>rernm</strong></span> 
     </span>
     <span class='ocr_line' id='line_1_40' title="bbox 272 3821 1877 3967; baseline 0.004 -25"><span class='ocrx_word' id='word_1_599' title='bbox 272 3885 401 3944; x_wconf 76' lang='grc' dir='ltr'><strong>κωλύεται</strong></span> <span class='ocrx_word' id='word_1_600' title='bbox 415 3885 537 3967; x_wconf 73' lang='grc' dir='ltr'><strong>τεχνίτης</strong></span> <span class='ocrx_word' id='word_1_601' title='bbox 553 3821 625 3944; x_wconf 53' lang='lat' dir='ltr'><strong>riter</strong></span> <span class='ocrx_word' id='word_1_602' title='bbox 642 3881 705 3963; x_wconf 72' lang='grc' dir='ltr'><strong>πρὸς</strong></span> <span class='ocrx_word' id='word_1_603' title='bbox 721 3881 748 3942; x_wconf 77' lang='grc' dir='ltr'><strong>δὲ</strong></span> <span class='ocrx_word' id='word_1_604' title='bbox 763 3883 811 3954; x_wconf 75' lang='grc' dir='ltr'><strong>τὴν</strong></span> <span class='ocrx_word' id='word_1_605' title='bbox 833 3885 943 3962; x_wconf 71' lang='grc' dir='ltr'><strong>ἆραι-ην,</strong></span> <span class='ocrx_word' id='word_1_606' title='bbox 957 3883 986 3943; x_wconf 81' lang='grc' dir='ltr'><strong>τό</strong></span> <span class='ocrx_word' id='word_1_607' title='bbox 1004 3884 1051 3958; x_wconf 86' lang='grc' dir='ltr'><strong>μίν</strong></span> <span class='ocrx_word' id='word_1_608' title='bbox 1095 3894 1206 3954; x_wconf 83' lang='lat' dir='ltr'><strong>seientia,</strong></span> <span class='ocrx_word' id='word_1_609' title='bbox 1217 3907 1281 3960; x_wconf 85' lang='lat' dir='ltr'><strong>quas</strong></span> <span class='ocrx_word' id='word_1_610' title='bbox 1295 3895 1358 3946; x_wconf 82' lang='lat' dir='ltr'><strong>seire</strong></span> <span class='ocrx_word' id='word_1_611' title='bbox 1369 3896 1486 3946; x_wconf 80' lang='lat' dir='ltr'><strong>conuenit</strong></span> <span class='ocrx_word' id='word_1_612' title='bbox 1498 3907 1555 3946; x_wconf 91' lang='lat' dir='ltr'><strong>eum</strong></span> <span class='ocrx_word' id='word_1_613' title='bbox 1568 3896 1660 3960; x_wconf 86' lang='lat' dir='ltr'><strong>quirir</strong></span> <span class='ocrx_word' id='word_1_614' title='bbox 1673 3897 1756 3948; x_wconf 88' lang='lat' dir='ltr'><strong>bonus</strong></span> <span class='ocrx_word' id='word_1_615' title='bbox 1768 3897 1822 3948; x_wconf 82' lang='lat' dir='ltr'><strong>iteri</strong></span> <span class='ocrx_word' id='word_1_616' title='bbox 1836 3913 1877 3948; x_wconf 84' lang='lat' dir='ltr'><strong>rr-</strong></span> 
     </span>
     <span class='ocr_line' id='line_1_41' title="bbox 273 3969 1875 4052; baseline 0.002 -21"><span class='ocrx_word' id='word_1_617' title='bbox 273 3973 368 4032; x_wconf 81' lang='grc' dir='ltr'><strong>είδόναι</strong></span> <span class='ocrx_word' id='word_1_618' title='bbox 383 3973 442 4052; x_wconf 79' lang='grc' dir='ltr'><strong>περί</strong></span> <span class='ocrx_word' id='word_1_619' title='bbox 459 3974 539 4046; x_wconf 71' lang='grc' dir='ltr'><strong>αὐτῆς</strong></span> <span class='ocrx_word' id='word_1_620' title='bbox 553 3972 639 4033; x_wconf 86' lang='grc' dir='ltr'><strong>πάντα</strong></span> <span class='ocrx_word' id='word_1_621' title='bbox 652 3972 669 4031; x_wconf 78' lang='grc' dir='ltr'><strong>ά</strong></span> <span class='ocrx_word' id='word_1_622' title='bbox 683 3973 814 4052; x_wconf 75' lang='grc' dir='ltr'><strong>προσῆκεν</strong></span> <span class='ocrx_word' id='word_1_623' title='bbox 829 3969 941 4044; x_wconf 84' lang='grc' dir='ltr'><strong>είδίναι,</strong></span> <span class='ocrx_word' id='word_1_624' title='bbox 959 3972 1051 4052; x_wconf 78' lang='grc' dir='ltr'><strong>μικρὸν</strong></span> <span class='ocrx_word' id='word_1_625' title='bbox 1095 3982 1126 4032; x_wconf 90' lang='lat' dir='ltr'><strong>tit</strong></span> <span class='ocrx_word' id='word_1_626' title='bbox 1140 4003 1147 4033; x_wconf 88' lang='grc' dir='ltr'><strong>ι</strong></span> <span class='ocrx_word' id='word_1_627' title='bbox 1160 3985 1248 4034; x_wconf 73' lang='lat' dir='ltr'><strong>cetera</strong></span> <span class='ocrx_word' id='word_1_628' title='bbox 1259 3997 1316 4034; x_wconf 85' lang='grc' dir='ltr'><strong>ιοιο</strong></span> <span class='ocrx_word' id='word_1_629' title='bbox 1332 3997 1381 4034; x_wconf 88' lang='lat' dir='ltr'><strong>nou</strong></span> <span class='ocrx_word' id='word_1_630' title='bbox 1395 3998 1495 4048; x_wconf 84' lang='lat' dir='ltr'><strong>purvam</strong></span> <span class='ocrx_word' id='word_1_631' title='bbox 1511 3983 1563 4034; x_wconf 85' lang='lat' dir='ltr'><strong>viru</strong></span> <span class='ocrx_word' id='word_1_632' title='bbox 1575 3984 1677 4044; x_wconf 83' lang='lat' dir='ltr'><strong>habent,</strong></span> <span class='ocrx_word' id='word_1_633' title='bbox 1695 3986 1741 4036; x_wconf 83' lang='lat' dir='ltr'><strong>seri</strong></span> <span class='ocrx_word' id='word_1_634' title='bbox 1758 4000 1875 4036; x_wconf 78' lang='lat' dir='ltr'><strong>omnem:</strong></span> 
     </span>
     <span class='ocr_line' id='line_1_42' title="bbox 273 4055 1877 4140; baseline 0.006 -26"><span class='ocrx_word' id='word_1_635' title='bbox 273 4055 290 4126; x_wconf 80' lang='grc' dir='ltr'>ἢ</span> <span class='ocrx_word' id='word_1_636' title='bbox 307 4058 381 4115; x_wconf 74' lang='grc' dir='ltr'><strong>οὐδὲν</strong></span> <span class='ocrx_word' id='word_1_637' title='bbox 396 4063 528 4133; x_wconf 67' lang='lat' dir='ltr'><strong>rurestri,</strong></span> <span class='ocrx_word' id='word_1_638' title='bbox 551 4059 616 4140; x_wconf 82' lang='grc' dir='ltr'><strong>πρὸς</strong></span> <span class='ocrx_word' id='word_1_639' title='bbox 635 4059 665 4118; x_wconf 84' lang='grc' dir='ltr'><strong>τό</strong></span> <span class='ocrx_word' id='word_1_640' title='bbox 688 4056 829 4119; x_wconf 81' lang='grc' dir='ltr'><strong>σπουδαῖόν</strong></span> <span class='ocrx_word' id='word_1_641' title='bbox 851 4081 909 4116; x_wconf 87' lang='grc' dir='ltr'><strong>τινα</strong></span> <span class='ocrx_word' id='word_1_642' title='bbox 922 4059 1051 4135; x_wconf 79' lang='grc' dir='ltr'><strong>γενέσθαι·</strong></span> <span class='ocrx_word' id='word_1_643' title='bbox 1096 4071 1188 4122; x_wconf 82' lang='lat' dir='ltr'><strong>etenim</strong></span> <span class='ocrx_word' id='word_1_644' title='bbox 1203 4071 1256 4122; x_wconf 84' lang='lat' dir='ltr'><strong>fleri</strong></span> <span class='ocrx_word' id='word_1_645' title='bbox 1267 4075 1356 4137; x_wconf 76' lang='lat' dir='ltr'><strong>potest,</strong></span> <span class='ocrx_word' id='word_1_646' title='bbox 1368 4076 1397 4122; x_wconf 93' lang='lat' dir='ltr'><strong>ut</strong></span> <span class='ocrx_word' id='word_1_647' title='bbox 1409 4073 1452 4138; x_wconf 90' lang='lat' dir='ltr'><strong>qui</strong></span> <span class='ocrx_word' id='word_1_648' title='bbox 1467 4071 1498 4124; x_wconf 86' lang='lat' dir='ltr'><strong>de</strong></span> <span class='ocrx_word' id='word_1_649' title='bbox 1511 4073 1604 4123; x_wconf 78' lang='lat' dir='ltr'><strong>virtute</strong></span> <span class='ocrx_word' id='word_1_650' title='bbox 1617 4073 1744 4124; x_wconf 81' lang='lat' dir='ltr'><strong>subtiliter</strong></span> <span class='ocrx_word' id='word_1_651' title='bbox 1760 4073 1877 4124; x_wconf 74' lang='lat' dir='ltr'><strong>disserere</strong></span> 
     </span>
     <span class='ocr_line' id='line_1_43' title="bbox 273 4142 1875 4228; baseline 0.007 -28"><span class='ocrx_word' id='word_1_652' title='bbox 273 4142 306 4201; x_wconf 77' lang='grc' dir='ltr'><strong>τὰ</strong></span> <span class='ocrx_word' id='word_1_653' title='bbox 325 4143 347 4201; x_wconf 86' lang='grc' dir='ltr'><strong>δ’</strong></span> <span class='ocrx_word' id='word_1_654' title='bbox 361 4145 429 4203; x_wconf 81' lang='grc' dir='ltr'><strong>όλλα</strong></span> <span class='ocrx_word' id='word_1_655' title='bbox 443 4147 471 4203; x_wconf 82' lang='grc' dir='ltr'><strong>οὐ</strong></span> <span class='ocrx_word' id='word_1_656' title='bbox 486 4146 597 4226; x_wconf 85' lang='grc' dir='ltr'><strong>μικρόν,</strong></span> <span class='ocrx_word' id='word_1_657' title='bbox 614 4145 682 4206; x_wconf 71' lang='grc' dir='ltr'><strong>ἀλλὰ</strong></span> <span class='ocrx_word' id='word_1_658' title='bbox 697 4145 727 4205; x_wconf 80' lang='grc' dir='ltr'><strong>τό</strong></span> <span class='ocrx_word' id='word_1_659' title='bbox 744 4155 797 4207; x_wconf 73' lang='grc' dir='ltr'><strong>πᾶν</strong></span> <span class='ocrx_word' id='word_1_660' title='bbox 812 4144 928 4205; x_wconf 83' lang='grc' dir='ltr'><strong>δύναται·</strong></span> <span class='ocrx_word' id='word_1_661' title='bbox 942 4146 988 4206; x_wconf 82' lang='grc' dir='ltr'><strong>καί</strong></span> <span class='ocrx_word' id='word_1_662' title='bbox 1001 4147 1052 4224; x_wconf 71' lang='grc' dir='ltr'><strong>γάρ</strong></span> <span class='ocrx_word' id='word_1_663' title='bbox 1096 4163 1215 4225; x_wconf 77' lang='lat' dir='ltr'><strong>nequeat,</strong></span> <span class='ocrx_word' id='word_1_664' title='bbox 1236 4163 1319 4212; x_wconf 88' lang='lat' dir='ltr'><strong>tamen</strong></span> <span class='ocrx_word' id='word_1_665' title='bbox 1337 4161 1464 4212; x_wconf 78' lang='lat' dir='ltr'><strong>virbonus</strong></span> <span class='ocrx_word' id='word_1_666' title='bbox 1481 4161 1522 4212; x_wconf 86' lang='lat' dir='ltr'><strong>sit.</strong></span> <span class='ocrx_word' id='word_1_667' title='bbox 1539 4161 1663 4212; x_wconf 78' lang='lat' dir='ltr'><strong>ceterum</strong></span> <span class='ocrx_word' id='word_1_668' title='bbox 1684 4161 1732 4213; x_wconf 77' lang='lat' dir='ltr'><strong>nisi</strong></span> <span class='ocrx_word' id='word_1_669' title='bbox 1747 4168 1834 4228; x_wconf 84' lang='lat' dir='ltr'><strong>sponte</strong></span> <span class='ocrx_word' id='word_1_670' title='bbox 1846 4161 1875 4212; x_wconf 73' lang='lat' dir='ltr'><strong>ut</strong></span> 
     </span>
     <span class='ocr_line' id='line_1_44' title="bbox 277 4230 1876 4314; baseline 0.008 -28"><span class='ocrx_word' id='word_1_671' title='bbox 277 4230 410 4308; x_wconf 80' lang='grc' dir='ltr'><strong>ίνδίχεται</strong></span> <span class='ocrx_word' id='word_1_672' title='bbox 428 4232 510 4308; x_wconf 81' lang='grc' dir='ltr'><strong>μηδὲν</strong></span> <span class='ocrx_word' id='word_1_673' title='bbox 533 4233 639 4314; x_wconf 80' lang='grc' dir='ltr'><strong>όκριόὲς</strong></span> <span class='ocrx_word' id='word_1_674' title='bbox 658 4234 720 4313; x_wconf 82' lang='grc' dir='ltr'><strong>περί</strong></span> <span class='ocrx_word' id='word_1_675' title='bbox 739 4237 833 4314; x_wconf 78' lang='grc' dir='ltr'><strong>ἀρετῆς</strong></span> <span class='ocrx_word' id='word_1_676' title='bbox 849 4235 946 4308; x_wconf 79' lang='grc' dir='ltr'><strong>εἰπεῖν,</strong></span> <span class='ocrx_word' id='word_1_677' title='bbox 966 4236 1053 4295; x_wconf 76' lang='grc' dir='ltr'><strong>εἰδότα</strong></span> <span class='ocrx_word' id='word_1_678' title='bbox 1097 4253 1164 4300; x_wconf 85' lang='lat' dir='ltr'><strong>reete</strong></span> <span class='ocrx_word' id='word_1_679' title='bbox 1179 4249 1318 4300; x_wconf 85' lang='lat' dir='ltr'><strong>iaciendum</strong></span> <span class='ocrx_word' id='word_1_680' title='bbox 1330 4250 1465 4308; x_wconf 80' lang='lat' dir='ltr'><strong>incumbit,</strong></span> <span class='ocrx_word' id='word_1_681' title='bbox 1488 4253 1564 4314; x_wconf 84' lang='lat' dir='ltr'><strong>utque</strong></span> <span class='ocrx_word' id='word_1_682' title='bbox 1583 4250 1609 4299; x_wconf 91' lang='lat' dir='ltr'><strong>in</strong></span> <span class='ocrx_word' id='word_1_683' title='bbox 1627 4249 1766 4301; x_wconf 69' lang='lat' dir='ltr'><strong>exercenda</strong></span> <span class='ocrx_word' id='word_1_684' title='bbox 1785 4253 1876 4301; x_wconf 72' lang='lat' dir='ltr'><strong>virtute</strong></span> 
     </span>
     <span class='ocr_line' id='line_1_45' title="bbox 276 4311 1876 4404; baseline 0.007 -27"><span class='ocrx_word' id='word_1_685' title='bbox 276 4319 416 4377; x_wconf 78' lang='grc' dir='ltr'><strong>σπουδαῖον</strong></span> <span class='ocrx_word' id='word_1_686' title='bbox 430 4311 506 4379; x_wconf 79' lang='grc' dir='ltr'><strong>εἶναι.</strong></span> <span class='ocrx_word' id='word_1_687' title='bbox 525 4319 615 4398; x_wconf 78' lang='grc' dir='ltr'><strong>Χωρίς</strong></span> <span class='ocrx_word' id='word_1_688' title='bbox 629 4319 656 4379; x_wconf 72' lang='lat' dir='ltr'><strong>ii</strong></span> <span class='ocrx_word' id='word_1_689' title='bbox 668 4325 713 4379; x_wconf 79' lang='grc' dir='ltr'><strong>τοῦ</strong></span> <span class='ocrx_word' id='word_1_690' title='bbox 728 4320 910 4401; x_wconf 82' lang='grc' dir='ltr'><strong>προαιρεῖσθαι</strong></span> <span class='ocrx_word' id='word_1_691' title='bbox 925 4321 970 4380; x_wconf 81' lang='grc' dir='ltr'><strong>καί</strong></span> <span class='ocrx_word' id='word_1_692' title='bbox 986 4325 1053 4400; x_wconf 76' lang='grc' dir='ltr'><strong>ἅμα·</strong></span> <span class='ocrx_word' id='word_1_693' title='bbox 1097 4337 1201 4388; x_wconf 83' lang='lat' dir='ltr'><strong>tirmiter</strong></span> <span class='ocrx_word' id='word_1_694' title='bbox 1213 4337 1330 4402; x_wconf 76' lang='lat' dir='ltr'><strong>persistit.</strong></span> <span class='ocrx_word' id='word_1_695' title='bbox 1345 4338 1425 4388; x_wconf 89' lang='lat' dir='ltr'><strong>bonus</strong></span> <span class='ocrx_word' id='word_1_696' title='bbox 1440 4351 1494 4388; x_wconf 84' lang='lat' dir='ltr'><strong>esse</strong></span> <span class='ocrx_word' id='word_1_697' title='bbox 1508 4351 1580 4389; x_wconf 79' lang='lat' dir='ltr'><strong>nense</strong></span> <span class='ocrx_word' id='word_1_698' title='bbox 1592 4341 1673 4402; x_wconf 84' lang='lat' dir='ltr'><strong>petest</strong></span> <span class='ocrx_word' id='word_1_699' title='bbox 1686 4353 1764 4404; x_wconf 82' lang='lat' dir='ltr'><strong>:qum</strong></span> <span class='ocrx_word' id='word_1_700' title='bbox 1777 4339 1876 4404; x_wconf 76' lang='lat' dir='ltr'><strong>quidem</strong></span> 
     </span>
    </p>
   </div>
   <div class='ocr_carea' id='block_1_3' title="bbox 274 4399 1876 4581">
    <p class='ocr_par' dir='ltr' id='par_1_6' title="bbox 274 4399 1876 4581">
     <span class='ocr_line' id='line_1_46' title="bbox 274 4399 1876 4490; baseline 0.005 -18"><span class='ocrx_word' id='word_1_701' title='bbox 274 4406 421 4478; x_wconf 70' lang='grc' dir='ltr'><strong>τακῑνύτωι</strong></span> <span class='ocrx_word' id='word_1_702' title='bbox 436 4407 505 4488; x_wconf 72' lang='grc' dir='ltr'><strong>ἔχειν</strong></span> <span class='ocrx_word' id='word_1_703' title='bbox 518 4408 532 4444; x_wconf 64' lang='lat'>²</span> <span class='ocrx_word' id='word_1_704' title='bbox 544 4407 607 4488; x_wconf 69' lang='lat' dir='ltr'><strong>spi&lt;</strong></span> <span class='ocrx_word' id='word_1_705' title='bbox 620 4406 716 4485; x_wconf 65' lang='grc' dir='ltr'><strong>ἅρῑτίν</strong></span> <span class='ocrx_word' id='word_1_706' title='bbox 728 4451 737 4484; x_wconf 88' lang='grc'><strong>,</strong></span> <span class='ocrx_word' id='word_1_707' title='bbox 750 4407 875 4466; x_wconf 74' lang='grc' dir='ltr'><strong>ἀδύνατον</strong></span> <span class='ocrx_word' id='word_1_708' title='bbox 888 4399 955 4468; x_wconf 80' lang='grc' dir='ltr'><strong>εἶναι</strong></span> <span class='ocrx_word' id='word_1_709' title='bbox 965 4433 1053 4471; x_wconf 88' lang='grc' dir='ltr'><strong>απου-</strong></span> <span class='ocrx_word' id='word_1_710' title='bbox 1097 4439 1128 4476; x_wconf 78' lang='lat' dir='ltr'><strong>ex</strong></span> <span class='ocrx_word' id='word_1_711' title='bbox 1139 4424 1261 4490; x_wconf 79' lang='lat' dir='ltr'><strong>frequenti</strong></span> <span class='ocrx_word' id='word_1_712' title='bbox 1272 4438 1403 4477; x_wconf 85' lang='lat' dir='ltr'><strong>munerum</strong></span> <span class='ocrx_word' id='word_1_713' title='bbox 1419 4423 1559 4486; x_wconf 82' lang='lat' dir='ltr'><strong>iunctione,</strong></span> <span class='ocrx_word' id='word_1_714' title='bbox 1571 4430 1601 4476; x_wconf 92' lang='lat' dir='ltr'><strong>ut</strong></span> <span class='ocrx_word' id='word_1_715' title='bbox 1611 4425 1708 4478; x_wconf 82' lang='lat' dir='ltr'><strong>dietum</strong></span> <span class='ocrx_word' id='word_1_716' title='bbox 1722 4431 1770 4488; x_wconf 79' lang='lat' dir='ltr'><strong>est.</strong></span> <span class='ocrx_word' id='word_1_717' title='bbox 1781 4430 1876 4480; x_wconf 83' lang='lat' dir='ltr'><strong>nuntia·</strong></span> 
     </span>
     <span class='ocr_line' id='line_1_47' title="bbox 276 4493 1166 4581; baseline 0.011 -27"><span class='ocrx_word' id='word_1_718' title='bbox 276 4495 358 4554; x_wconf 82' lang='grc' dir='ltr'><strong>δαῖον·</strong></span> <span class='ocrx_word' id='word_1_719' title='bbox 384 4493 460 4555; x_wconf 80' lang='grc' dir='ltr'><strong>ἅτινα</strong></span> <span class='ocrx_word' id='word_1_720' title='bbox 482 4499 512 4556; x_wconf 74' lang='grc' dir='ltr'><strong>ἐκ</strong></span> <span class='ocrx_word' id='word_1_721' title='bbox 535 4500 582 4555; x_wconf 81' lang='grc' dir='ltr'><strong>τοῦ</strong></span> <span class='ocrx_word' id='word_1_722' title='bbox 604 4496 732 4566; x_wconf 80' lang='grc' dir='ltr'><strong>πολλάκις</strong></span> <span class='ocrx_word' id='word_1_723' title='bbox 752 4503 836 4556; x_wconf 82' lang='grc' dir='ltr'><strong>ποιεῖν</strong></span> <span class='ocrx_word' id='word_1_724' title='bbox 860 4496 907 4566; x_wconf 79' lang='grc' dir='ltr'><strong>τάς</strong></span> <span class='ocrx_word' id='word_1_725' title='bbox 926 4499 1054 4581; x_wconf 84' lang='grc' dir='ltr'><strong>ίνεργείας</strong></span> <span class='ocrx_word' id='word_1_726' title='bbox 1097 4517 1166 4578; x_wconf 79' lang='lat' dir='ltr'><strong>gunt.</strong></span> 
     </span>
    </p>
   </div>
   <div class='ocr_carea' id='block_1_4' title="bbox 276 4582 1878 5020">
    <p class='ocr_par' dir='ltr' id='par_1_7' title="bbox 276 4582 676 4666">
     <span class='ocr_line' id='line_1_48' title="bbox 276 4582 676 4666; baseline 0.003 -23"><span class='ocrx_word' id='word_1_727' title='bbox 276 4582 452 4665; x_wconf 86' lang='grc' dir='ltr'><strong>περιγίνεται,</strong></span> <span class='ocrx_word' id='word_1_728' title='bbox 463 4583 550 4652; x_wconf 86' lang='grc' dir='ltr'><strong>καθὼς</strong></span> <span class='ocrx_word' id='word_1_729' title='bbox 565 4583 676 4666; x_wconf 88' lang='grc' dir='ltr'><strong>είρηται.</strong></span> 
     </span>
    </p>

    <p class='ocr_par' dir='ltr' id='par_1_8' title="bbox 276 4663 1878 5020">
     <span class='ocr_line' id='line_1_49' title="bbox 316 4663 1878 4758; baseline 0 -24"><span class='ocrx_word' id='word_1_730' title='bbox 316 4671 376 4706; x_wconf 58' lang='lat' dir='ltr'><strong>W*</strong></span> <span class='ocrx_word' id='word_1_731' title='bbox 390 4672 434 4734; x_wconf 79' lang='lat' dir='ltr'><strong>Tt</strong></span> <span class='ocrx_word' id='word_1_732' title='bbox 446 4674 493 4750; x_wconf 76' lang='grc' dir='ltr'><strong>μὲν</strong></span> <span class='ocrx_word' id='word_1_733' title='bbox 511 4663 555 4734; x_wconf 72' lang='lat' dir='ltr'><strong>niis</strong></span> <span class='ocrx_word' id='word_1_734' title='bbox 573 4673 734 4754; x_wconf 82' lang='grc' dir='ltr'><strong>πράγματα,</strong></span> <span class='ocrx_word' id='word_1_735' title='bbox 752 4674 841 4734; x_wconf 85' lang='grc' dir='ltr'><strong>δίκαια</strong></span> <span class='ocrx_word' id='word_1_736' title='bbox 855 4676 900 4735; x_wconf 85' lang='grc' dir='ltr'><strong>καί</strong></span> <span class='ocrx_word' id='word_1_737' title='bbox 915 4674 1051 4758; x_wconf 79' lang='grc' dir='ltr'><strong>σύρροια.</strong></span> <span class='ocrx_word' id='word_1_738' title='bbox 1129 4686 1176 4734; x_wconf 80' lang='lat' dir='ltr'><strong>ties</strong></span> <span class='ocrx_word' id='word_1_739' title='bbox 1191 4683 1268 4746; x_wconf 78' lang='lat' dir='ltr'><strong>igitur</strong></span> <span class='ocrx_word' id='word_1_740' title='bbox 1283 4683 1359 4746; x_wconf 78' lang='lat' dir='ltr'><strong>juste</strong></span> <span class='ocrx_word' id='word_1_741' title='bbox 1372 4695 1402 4732; x_wconf 83' lang='lat' dir='ltr'><strong>ae</strong></span> <span class='ocrx_word' id='word_1_742' title='bbox 1421 4685 1565 4746; x_wconf 78' lang='lat' dir='ltr'><strong>temperate</strong></span> <span class='ocrx_word' id='word_1_743' title='bbox 1576 4681 1708 4742; x_wconf 79' lang='lat' dir='ltr'><strong>dicuntur,</strong></span> <span class='ocrx_word' id='word_1_744' title='bbox 1722 4697 1804 4748; x_wconf 88' lang='lat' dir='ltr'><strong>quum</strong></span> <span class='ocrx_word' id='word_1_745' title='bbox 1821 4683 1878 4734; x_wconf 73' lang='lat' dir='ltr'><strong>ntes</strong></span> 
     </span>
     <span class='ocr_line' id='line_1_50' title="bbox 276 4753 1878 4846; baseline 0.002 -26"><span class='ocrx_word' id='word_1_746' title='bbox 276 4759 339 4821; x_wconf 85' lang='grc' dir='ltr'><strong>όταν</strong></span> <span class='ocrx_word' id='word_1_747' title='bbox 350 4753 368 4842; x_wconf 71' lang='grc' dir='ltr'><strong>ᾖ</strong></span> <span class='ocrx_word' id='word_1_748' title='bbox 376 4767 496 4840; x_wconf 86' lang='grc' dir='ltr'><strong>τοιαῦτα,</strong></span> <span class='ocrx_word' id='word_1_749' title='bbox 510 4754 553 4824; x_wconf 80' lang='grc' dir='ltr'><strong>οἶα</strong></span> <span class='ocrx_word' id='word_1_750' title='bbox 568 4761 599 4822; x_wconf 69' lang='grc' dir='ltr'><strong>ἂν</strong></span> <span class='ocrx_word' id='word_1_751' title='bbox 614 4763 767 4838; x_wconf 59' lang='lat' dir='ltr'><strong>tatanus]</strong></span> <span class='ocrx_word' id='word_1_752' title='bbox 781 4769 795 4824; x_wconf 88' lang='grc' dir='ltr'><strong>ό</strong></span> <span class='ocrx_word' id='word_1_753' title='bbox 810 4765 920 4846; x_wconf 84' lang='grc' dir='ltr'><strong>οεύρρων</strong></span> <span class='ocrx_word' id='word_1_754' title='bbox 935 4763 1054 4844; x_wconf 65' lang='grc' dir='ltr'><strong>πράξῃ·ο</strong></span> <span class='ocrx_word' id='word_1_755' title='bbox 1099 4777 1171 4832; x_wconf 83' lang='lat' dir='ltr'><strong>sunt,</strong></span> <span class='ocrx_word' id='word_1_756' title='bbox 1189 4772 1277 4838; x_wconf 86' lang='lat' dir='ltr'><strong>quates</strong></span> <span class='ocrx_word' id='word_1_757' title='bbox 1295 4773 1333 4822; x_wconf 86' lang='lat' dir='ltr'><strong>vir</strong></span> <span class='ocrx_word' id='word_1_758' title='bbox 1346 4773 1468 4836; x_wconf 81' lang='lat' dir='ltr'><strong>justusne</strong></span> <span class='ocrx_word' id='word_1_759' title='bbox 1478 4776 1618 4837; x_wconf 84' lang='lat' dir='ltr'><strong>temperans</strong></span> <span class='ocrx_word' id='word_1_760' title='bbox 1631 4772 1710 4834; x_wconf 75' lang='lat' dir='ltr'><strong>egerit</strong></span> <span class='ocrx_word' id='word_1_761' title='bbox 1724 4775 1878 4837; x_wconf 77' lang='lat' dir='ltr'><strong>:justusne-</strong></span> 
     </span>
     <span class='ocr_line' id='line_1_51' title="bbox 278 4848 1878 4934; baseline 0.003 -26"><span class='ocrx_word' id='word_1_762' title='bbox 278 4848 377 4919; x_wconf 80' lang='grc' dir='ltr'><strong>δίκαιος</strong></span> <span class='ocrx_word' id='word_1_763' title='bbox 385 4849 411 4909; x_wconf 83' lang='grc' dir='ltr'><strong>δὲ</strong></span> <span class='ocrx_word' id='word_1_764' title='bbox 418 4851 463 4910; x_wconf 87' lang='grc' dir='ltr'><strong>καλ</strong></span> <span class='ocrx_word' id='word_1_765' title='bbox 469 4851 580 4934; x_wconf 84' lang='grc' dir='ltr'><strong>οόιρρων</strong></span> <span class='ocrx_word' id='word_1_766' title='bbox 591 4852 674 4928; x_wconf 79' lang='grc' dir='ltr'><strong>ἐστίν,</strong></span> <span class='ocrx_word' id='word_1_767' title='bbox 685 4853 734 4932; x_wconf 79' lang='grc' dir='ltr'><strong>οὐχ</strong></span> <span class='ocrx_word' id='word_1_768' title='bbox 746 4856 850 4912; x_wconf 81' lang='grc' dir='ltr'><strong>όταῦτα</strong></span> <span class='ocrx_word' id='word_1_769' title='bbox 860 4855 982 4934; x_wconf 78' lang='grc' dir='ltr'><strong>πράττων</strong></span> <span class='ocrx_word' id='word_1_770' title='bbox 991 4861 1052 4924; x_wconf 71' lang='grc' dir='ltr'><strong>πᾶς,</strong></span> <span class='ocrx_word' id='word_1_771' title='bbox 1099 4865 1186 4914; x_wconf 77' lang='lat' dir='ltr'><strong>tentet</strong></span> <span class='ocrx_word' id='word_1_772' title='bbox 1201 4865 1340 4926; x_wconf 83' lang='lat' dir='ltr'><strong>temperans</strong></span> <span class='ocrx_word' id='word_1_773' title='bbox 1353 4864 1398 4920; x_wconf 77' lang='lat' dir='ltr'><strong>nst,</strong></span> <span class='ocrx_word' id='word_1_774' title='bbox 1411 4875 1460 4912; x_wconf 90' lang='lat' dir='ltr'><strong>non</strong></span> <span class='ocrx_word' id='word_1_775' title='bbox 1471 4862 1614 4926; x_wconf 87' lang='lat' dir='ltr'><strong>quicunque</strong></span> <span class='ocrx_word' id='word_1_776' title='bbox 1625 4861 1671 4910; x_wconf 83' lang='lat' dir='ltr'><strong>hes</strong></span> <span class='ocrx_word' id='word_1_777' title='bbox 1689 4875 1731 4912; x_wconf 83' lang='lat' dir='ltr'><strong>res</strong></span> <span class='ocrx_word' id='word_1_778' title='bbox 1748 4865 1812 4927; x_wconf 78' lang='lat' dir='ltr'><strong>gerit</strong></span> <span class='ocrx_word' id='word_1_779' title='bbox 1827 4867 1878 4912; x_wconf 81' lang='lat' dir='ltr'><strong>taa-</strong></span> 
     </span>
     <span class='ocr_line' id='line_1_52' title="bbox 279 4937 1876 5020; baseline 0.003 -25"><span class='ocrx_word' id='word_1_780' title='bbox 279 4937 346 4996; x_wconf 78' lang='grc' dir='ltr'><strong>ἀλλὰ</strong></span> <span class='ocrx_word' id='word_1_781' title='bbox 360 4941 374 4996; x_wconf 86' lang='grc' dir='ltr'><strong>ό</strong></span> <span class='ocrx_word' id='word_1_782' title='bbox 388 4938 456 4998; x_wconf 77' lang='grc' dir='ltr'><strong>οὕτω</strong></span> <span class='ocrx_word' id='word_1_783' title='bbox 471 4940 595 5020; x_wconf 83' lang='grc' dir='ltr'><strong>πράττων</strong></span> <span class='ocrx_word' id='word_1_784' title='bbox 607 4937 696 5020; x_wconf 76' lang='grc' dir='ltr'><strong>ὥσπερ</strong></span> <span class='ocrx_word' id='word_1_785' title='bbox 710 4941 734 4999; x_wconf 85' lang='lat' dir='ltr'><strong>ni</strong></span> <span class='ocrx_word' id='word_1_786' title='bbox 747 4939 843 5000; x_wconf 83' lang='grc' dir='ltr'><strong>δίκαιοι</strong></span> <span class='ocrx_word' id='word_1_787' title='bbox 855 4941 900 5000; x_wconf 81' lang='grc' dir='ltr'><strong>καί</strong></span> <span class='ocrx_word' id='word_1_788' title='bbox 913 4942 937 4998; x_wconf 81' lang='grc' dir='ltr'><strong>οἱ</strong></span> <span class='ocrx_word' id='word_1_789' title='bbox 953 4939 1055 5020; x_wconf 74' lang='lat' dir='ltr'><strong>quippo·</strong></span> <span class='ocrx_word' id='word_1_790' title='bbox 1100 4955 1162 5012; x_wconf 83' lang='lat' dir='ltr'><strong>tum,</strong></span> <span class='ocrx_word' id='word_1_791' title='bbox 1175 4949 1218 5000; x_wconf 81' lang='lat' dir='ltr'><strong>sed</strong></span> <span class='ocrx_word' id='word_1_792' title='bbox 1229 4949 1272 5014; x_wconf 90' lang='lat' dir='ltr'><strong>qut</strong></span> <span class='ocrx_word' id='word_1_793' title='bbox 1285 4949 1319 4999; x_wconf 76' lang='lat' dir='ltr'><strong>itu</strong></span> <span class='ocrx_word' id='word_1_794' title='bbox 1336 4949 1397 5013; x_wconf 76' lang='lat' dir='ltr'><strong>gerit</strong></span> <span class='ocrx_word' id='word_1_795' title='bbox 1412 4952 1440 4998; x_wconf 87' lang='lat' dir='ltr'><strong>ut</strong></span> <span class='ocrx_word' id='word_1_796' title='bbox 1453 4949 1515 5013; x_wconf 86' lang='lat' dir='ltr'><strong>justi</strong></span> <span class='ocrx_word' id='word_1_797' title='bbox 1534 4962 1564 4999; x_wconf 84' lang='lat' dir='ltr'><strong>nn</strong></span> <span class='ocrx_word' id='word_1_798' title='bbox 1575 4952 1743 5014; x_wconf 76' lang='lat' dir='ltr'><strong>temperantes</strong></span> <span class='ocrx_word' id='word_1_799' title='bbox 1761 4951 1876 5001; x_wconf 67' lang='lat' dir='ltr'><strong>nominas</strong></span> 
     </span>
    </p>
   </div>
   <div class='ocr_carea' id='block_1_5' title="bbox 282 5183 1878 5324">
    <p class='ocr_par' dir='ltr' id='par_1_9' title="bbox 282 5183 1878 5324">
     <span class='ocr_line' id='line_1_53' title="bbox 311 5183 1878 5254; baseline 0.003 -20"><span class='ocrx_word' id='word_1_800' title='bbox 311 5183 325 5214; x_wconf 62' lang='grc' dir='ltr'><strong>’ί</strong></span> <span class='ocrx_word' id='word_1_801' title='bbox 341 5185 399 5248; x_wconf 85' lang='lat' dir='ltr'><strong>an.</strong></span> <span class='ocrx_word' id='word_1_802' title='bbox 416 5189 440 5236; x_wconf 80' lang='lat' dir='ltr'><strong>t.</strong></span> <span class='ocrx_word' id='word_1_803' title='bbox 453 5187 585 5252; x_wconf 77' lang='grc' dir='ltr'><strong>ἀπορήσειε</strong></span> <span class='ocrx_word' id='word_1_804' title='bbox 602 5189 621 5236; x_wconf 81' lang='grc' dir='ltr'><strong>δ’</strong></span> <span class='ocrx_word' id='word_1_805' title='bbox 637 5190 665 5238; x_wconf 84' lang='grc' dir='ltr'><strong>ἄν</strong></span> <span class='ocrx_word' id='word_1_806' title='bbox 676 5205 724 5246; x_wconf 85' lang='grc' dir='ltr'><strong>τις,</strong></span> <span class='ocrx_word' id='word_1_807' title='bbox 737 5191 788 5246; x_wconf 80' lang='grc' dir='ltr'><strong>πῶς</strong></span> <span class='ocrx_word' id='word_1_808' title='bbox 799 5192 901 5254; x_wconf 79' lang='grc' dir='ltr'><strong>λέγομεν</strong></span> <span class='ocrx_word' id='word_1_809' title='bbox 917 5192 968 5239; x_wconf 81' lang='grc' dir='ltr'><strong>κτλ.</strong></span> <span class='ocrx_word' id='word_1_810' title='bbox 980 5215 1010 5226; x_wconf 88' lang='grc'>-</span> <span class='ocrx_word' id='word_1_811' title='bbox 1026 5190 1051 5219; x_wconf 63' lang='lat' dir='ltr'><strong>*i</strong></span> <span class='ocrx_word' id='word_1_812' title='bbox 1065 5190 1096 5238; x_wconf 81' lang='grc' dir='ltr'><strong>ἸΙ</strong></span> <span class='ocrx_word' id='word_1_813' title='bbox 1117 5190 1171 5240; x_wconf 78' lang='grc' dir='ltr'><strong>οὐδὲ</strong></span> <span class='ocrx_word' id='word_1_814' title='bbox 1186 5190 1224 5238; x_wconf 78' lang='grc' dir='ltr'><strong>ἐπὶ</strong></span> <span class='ocrx_word' id='word_1_815' title='bbox 1241 5191 1290 5238; x_wconf 83' lang='grc' dir='ltr'><strong>τιῖιν</strong></span> <span class='ocrx_word' id='word_1_816' title='bbox 1307 5191 1400 5254; x_wconf 80' lang='grc' dir='ltr'><strong>τεχνῶν</strong></span> <span class='ocrx_word' id='word_1_817' title='bbox 1412 5189 1488 5246; x_wconf 83' lang='grc' dir='ltr'><strong>οὕτως</strong></span> <span class='ocrx_word' id='word_1_818' title='bbox 1504 5190 1568 5254; x_wconf 78' lang='grc' dir='ltr'><strong>ἔχεις</strong></span> <span class='ocrx_word' id='word_1_819' title='bbox 1588 5192 1640 5239; x_wconf 88' lang='grc' dir='ltr'><strong>κτλ.</strong></span> <span class='ocrx_word' id='word_1_820' title='bbox 1656 5215 1687 5226; x_wconf 91' lang='grc'>-</span> <span class='ocrx_word' id='word_1_821' title='bbox 1697 5191 1745 5221; x_wconf 60' lang='lat' dir='ltr'><strong>*i*</strong></span> <span class='ocrx_word' id='word_1_822' title='bbox 1761 5191 1816 5242; x_wconf 87' lang='grc' dir='ltr'><strong>Ἔτι</strong></span> <span class='ocrx_word' id='word_1_823' title='bbox 1828 5191 1878 5240; x_wconf 68' lang='lat' dir='ltr'><strong>esst</strong></span> 
     </span>
     <span class='ocr_line' id='line_1_54' title="bbox 282 5255 1342 5324; baseline 0.004 -20"><span class='ocrx_word' id='word_1_824' title='bbox 282 5255 365 5316; x_wconf 79' lang='grc' dir='ltr'><strong>ὅμοιόν</strong></span> <span class='ocrx_word' id='word_1_825' title='bbox 375 5255 441 5304; x_wconf 76' lang='grc' dir='ltr'><strong>ἐστιν</strong></span> <span class='ocrx_word' id='word_1_826' title='bbox 452 5257 490 5306; x_wconf 82' lang='grc' dir='ltr'><strong>ἐπί</strong></span> <span class='ocrx_word' id='word_1_827' title='bbox 498 5274 524 5306; x_wconf 86' lang='grc' dir='ltr'><strong>τε</strong></span> <span class='ocrx_word' id='word_1_828' title='bbox 539 5261 590 5308; x_wconf 78' lang='grc' dir='ltr'><strong>τῶν</strong></span> <span class='ocrx_word' id='word_1_829' title='bbox 607 5262 700 5323; x_wconf 79' lang='grc' dir='ltr'><strong>τεχνιῖιν</strong></span> <span class='ocrx_word' id='word_1_830' title='bbox 713 5261 765 5308; x_wconf 85' lang='grc' dir='ltr'><strong>κτλ.</strong></span> <span class='ocrx_word' id='word_1_831' title='bbox 779 5288 807 5296; x_wconf 93' lang='grc'><strong>--</strong></span> <span class='ocrx_word' id='word_1_832' title='bbox 820 5263 880 5290; x_wconf 62' lang='lat'><strong>⁴⁹⁴*</strong></span> <span class='ocrx_word' id='word_1_833' title='bbox 893 5262 930 5310; x_wconf 79' lang='grc' dir='ltr'><strong>Τόν</strong></span> <span class='ocrx_word' id='word_1_834' title='bbox 944 5261 984 5323; x_wconf 83' lang='grc' dir='ltr'><strong>μὲν</strong></span> <span class='ocrx_word' id='word_1_835' title='bbox 998 5259 1040 5310; x_wconf 81' lang='grc' dir='ltr'><strong>οὖν</strong></span> <span class='ocrx_word' id='word_1_836' title='bbox 1052 5261 1184 5324; x_wconf 82' lang='grc' dir='ltr'><strong>πράγματα</strong></span> <span class='ocrx_word' id='word_1_837' title='bbox 1198 5261 1280 5309; x_wconf 69' lang='grc' dir='ltr'><strong>δίκαια</strong></span> <span class='ocrx_word' id='word_1_838' title='bbox 1291 5262 1342 5309; x_wconf 89' lang='grc' dir='ltr'><strong>κτλ.</strong></span> 
     </span>
    </p>
   </div>
   <div class='ocr_carea' id='block_1_6' title="bbox 0 0 1983 5956">
    <p class='ocr_par' dir='ltr' id='par_1_10' title="bbox 0 0 1983 5956">
     <span class='ocr_line' id='line_1_55' title="bbox 0 0 1983 5956; baseline 0 0"><span class='ocrx_word' id='word_1_839' title='bbox 0 0 1983 5956; x_wconf 95' lang='lat' dir='ltr'><strong> </strong></span> 
     </span>
    </p>
   </div>
  </div>
 </body>
</html>
