3934 5956
470 388 690 453 arsinoeum
711 393 1045 460 mcouuoanonum
1069 355 1350 464 PARAPiiitisis.
1647 410 1707 468 aas

151 517 256 578 *θύται
270 514 328 592 τρία
340 517 387 576 εἰσί
398 515 431 574 τά
445 517 516 576 αἴτια
525 523 552 578 ἐν
563 521 615 587 τοῖς
624 514 694 594 odor,
710 523 796 603 ρύσις,
809 526 886 602 ἀνάγ·
965 537 1052 600 ltaque
1073 540 1122 588 tres
1140 552 1222 588 rerum
1242 539 1352 589 omnium
1368 553 1449 590 causac
1462 543 1529 602 sunt,
1548 545 1649 603 natura,
1667 558 1707 596 nc·

110 632 143 680 κη
157 608 203 666 καὶ
226 605 305 685 τύχη·
331 605 370 662 ἔτι
385 603 413 663 δὲ
428 611 485 674 νοῦς
499 608 608 668 καίπᾶν
629 609 658 669 τὸ
684 613 718 670 δι’
734 613 887 693 ἀνθρώπου,
933 625 1046 688 cessitas,
1066 625 1187 675 fortuna:
1204 627 1405 690 quibusacredit
1424 642 1494 678 mens
1511 633 1537 679 et
1554 644 1707 696 quaecunque

110 689 164 755 οἷον
182 693 262 774 τέχνη
277 691 294 764 ἢ
315 691 382 766 άλλη
406 717 444 760 τις
456 697 559 776 πρᾶξις.
576 698 611 758 Οί
632 696 660 756 δέ
677 697 809 778 ἀνθρωττοι
825 705 888 778 βου·
933 725 976 776 per
992 713 1116 764 hominem
1129 714 1205 772 liunt,
1220 715 1289 764 velut
1313 720 1378 764 artes
1396 709 1502 780 aliaeque
1517 717 1632 770 actiones.
1651 724 1707 770 luna

108 783 227 842 ἐύονται
247 780 306 840 οὔτε
323 781 384 860 περί
405 773 441 840 dv
465 783 536 842 αἰτία
550 790 567 857 ἡ
583 783 674 863 φύσις,
696 784 754 845 οὔτε
775 788 836 868 περί
851 779 888 848 ἀν
932 814 991 850 vcro
1004 815 1085 864 neque
1099 801 1131 852 de
1146 801 1176 852 iis
1193 817 1299 866 quorum
1319 807 1422 863 natura,
1438 817 1483 854 nec
1502 804 1533 854 de
1551 806 1582 856 iis
1601 821 1707 871 quorum

110 875 125 944 i,
139 873 239 948 ἀνάγκη
252 869 337 944 αἰτία,
352 868 368 940 ἢ
383 861 450 944 abab
467 871 545 950 τύχη,
567 872 635 932 ἀλλὰ
645 873 704 953 περί
722 874 807 952 μόνων
821 875 887 936 ἐκεί·
932 890 1064 940 necessitas
1089 894 1132 940 aut
1146 890 1245 942 fortuna
1262 906 1335 942 cansa
1350 895 1403 952 est,
1419 891 1554 944 deliberare
1570 894 1649 945 solent
1662 897 1708 946 ho-

122 980 174 1030 ννν,
190 949 225 1018 ὧν
242 959 314 1017 «ἶνίν
340 958 409 1015 ἐστὶν
431 962 447 1028 θ
474 959 625 1037 ἀνθρωπίνη
651 963 774 1038 μέθοδος,
800 963 845 1022 καλ
870 969 886 1033 ἡ
931 977 1023 1038 minos,
1049 979 1093 1028 sed
1115 979 1145 1030 dc
1165 978 1196 1028 iis
1215 983 1330 1042 tantum,
1354 995 1460 1045 quorum
1478 981 1606 1046 disciplina
1626 984 1708 1048 aliqua

108 1045 209 1123 πρᾶξαι.
931 1065 1038 1114 humana
1054 1079 1127 1116 causa
1143 1079 1180 1116 es.
1193 1071 1234 1114 ια’.
1250 1069 1322 1117 actio.

147 1133 177 1169 **
188 1133 251 1194 Ἔτι
260 1133 353 1193 δὲούθέ
360 1133 420 1214 περί
429 1137 521 1194 πασῶν
529 1137 579 1192 τῶν
590 1136 758 1215 ἀνθρωπίνων
771 1138 885 1214 μεθόδων
962 1153 1009 1202 Sed
1022 1166 1103 1218 nequo
1115 1154 1146 1203 do
1159 1155 1274 1204 omnibus
1288 1155 1425 1219 disciplinis
1443 1156 1558 1206 humanis
1571 1157 1708 1210 deliberare

107 1227 129 1279 oi
145 1222 280 1304 ἄνθρωποι
302 1221 480 1301 βουλεύονται.
499 1222 566 1303 Περὶ
581 1221 631 1303 γὰρ
647 1222 693 1290 τόις
708 1227 824 1304 άκριύεῑς
841 1232 885 1285 καί
931 1241 1041 1290 bornines
1053 1241 1140 1291 solent.
1153 1241 1249 1306 Quippe
1262 1244 1286 1292 in
1296 1243 1416 1294 doctrinis
1425 1245 1557 1310 exquisitis
1574 1260 1669 1311 suaque
1682 1248 1707 1297 ri

107 1310 245 1388 αὐτάρκεις
266 1314 318 1368 τῶν
339 1312 491 1386 ἐπιστημῶν
507 1315 553 1369 ούκ
567 1310 623 1369 ἔστι
639 1314 730 1389 βουλή·
751 1304 803 1372 οἷον
826 1319 885 1394 περὶ
930 1330 1051 1380 contentis
1064 1329 1233 1380 deliberationi
1247 1331 1299 1380 sive
1318 1331 1491 1382 consultationi
1507 1333 1576 1384 locus
1589 1348 1639 1384 non
1652 1338 1706 1385 est:

106 1401 157 1455 τῶν
171 1401 346 1476 γραμμάτων·
358 1401 386 1458 οὖ
399 1397 449 1476 γὰρ
461 1399 613 1474 διστάζομεν
622 1403 677 1466 πῶς
687 1401 827 1478 γραπτέον·
845 1401 884 1460 ύτι
930 1421 999 1470 uerbi
1013 1421 1091 1482 gratia
1105 1420 1136 1470 de
1148 1421 1238 1470 titteris
1249 1435 1298 1470 non
1311 1421 1495 1486 consultamus,
1510 1423 1569 1488 quia
1585 1423 1708 1488 quouido

108 1487 270 1592 ἐγνωσμένον
282 1486 352 1546 ἐστὶν
374 1487 503 1566 σῖκρνύῶι,
518 1485 562 1546 καλ
574 1489 707 1568 ὡρισμένα
723 1489 773 1546 εἶσὶ
788 1490 821 1550 τόν
837 1513 884 1563 cr,-
930 1507 1086 1558 scribendum
1107 1509 1140 1558 sit
1156 1523 1204 1558 non
1225 1509 1387 1572 ambigimus,
1398 1509 1520 1574 siquidem
1533 1511 1593 1562 satis
1602 1515 1660 1562 nota
1670 1525 1708 1562 res

107 1597 181 1647 μενα.
313 1627 317 1634 .
930 1596 1001 1642 estet
1013 1592 1120 1644 definitae
1134 1597 1192 1644 sunt
1208 1595 1349 1646 litterarum
1361 1595 1455 1647 tormae.

146 1660 194 1697 ***
204 1661 273 1722 Ἀλλ’
283 1659 331 1720 ὅσα
341 1664 454 1741 γίνονται
464 1665 505 1743 ὑφ’
518 1665 592 1738 ἡμῶν
600 1662 880 1744 δυνάμεναπολλαχῶς
959 1685 990 1730 m
1003 1696 1060 1732 vero
1072 1683 1102 1732 dc
1116 1683 1145 1733 ils
1161 1697 1218 1748 quae
1233 1699 1307 1748 opera
1319 1687 1404 1734 nostra
1419 1685 1494 1743 liunt,
1512 1699 1590 1750 quum
1603 1687 1709 1738 diversis

105 1749 242 1828 γενέσθαι,
259 1750 318 1830 περὶ
341 1751 437 1809 τούτων
455 1751 640 1829 βουλευόμεθα.
665 1742 731 1813 Olor
751 1753 811 1835 rupi
830 1759 881 1812 τῶν
928 1769 1008 1820 inedia
1022 1769 1074 1820 ieri
1086 1773 1192 1833 queant,
1209 1770 1381 1822 deliberamus.
1414 1773 1528 1835 Exempli
1540 1775 1618 1834 gratia
1635 1775 1665 1824 de
1680 1789 1709 1824 a·

104 1836 174 1894 κατά
194 1836 241 1909 τὴν
266 1839 384 1918 ἰατρικὴν
407 1837 542 1918 πμᾶίνννν,
560 1835 657 1904 “stitit
681 1843 709 1897 αὖ
724 1839 793 1898 πσίνν
817 1840 883 1898 σῖσλν
929 1857 1051 1908 ctionibus
1060 1857 1174 1914 medicis,
1189 1871 1246 1922 quae
1256 1873 1304 1909 non
1320 1858 1453 1909 admodum
1465 1859 1571 1909 delinitur
1586 1863 1651 1919 sunt,
1665 1864 1708 1910 aaut

102 1925 262 2005 ὡρισμέναι,
288 1927 306 2000 ἢ
329 1927 376 1998 τὴν
402 1927 631 2007 χρηματιστικήν,
658 1929 812 2008 (πολλαχῶς
832 1930 882 2008 γὰρ
928 1944 959 1995 de
981 1945 1055 1996 rebus
1074 1946 1236 2009 pecuniariis,
1264 1947 1336 2010 (quia
1360 1949 1445 1997 multis
1471 1949 1552 2000 modis
1579 1949 1708 2013 pecuniam

103 2019 210 2078 δυνατόν
231 2021 464 2098 χρηματίσασθαι)
479 2019 495 2090 ἢ
515 2021 562 2090 τὴν
579 2021 783 2098 κυύερνητικήν,
800 2021 817 2090 ἢ
837 2045 883 2098 γυ-
928 2045 1039 2096 quaerere
1049 2033 1125 2094 licct‚)
1136 2037 1179 2082 aut
1193 2033 1224 2083 de
1237 2034 1388 2097 gubernandi
1400 2039 1465 2098 arlc,
1485 2041 1527 2086 aut
1542 2040 1707 2100 gymnastica:

103 2106 260 2186 μναοτικήν·
278 2107 323 2166 καί
340 2111 438 2184 μᾶλλον
452 2108 512 2186 περί
527 2113 578 2166 τῶν
602 2111 672 2166 κατὰ
686 2107 733 2180 τὴν
749 2109 881 2188 κυθερνη·
928 2123 954 2170 et
969 2121 1048 2183 magis
1062 2121 1094 2171 de
1109 2121 1184 2172 rebus
1198 2121 1231 2172 ad
1243 2123 1394 2185 gubernandi
1418 2128 1499 2175 artem
1515 2125 1641 2190 quemad
1664 2141 1709 2192 gy-

101 2198 176 2268 τικὴν
199 2197 410 2276 βουλευσόμεθα,
431 2197 448 2268 ἢ
474 2195 521 2268 τὴν
546 2195 734 2275 γυμναστικήν·
756 2197 811 2256 ἐπεί
836 2198 880 2256 καὶ
928 2209 1074 2260 maasticam
1090 2209 1270 2273 pertinentibus
1285 2209 1470 2270 consultamus,
1490 2209 1613 2275 siquidem
1627 2211 1708 2260 uulnus

106 2285 213 2344 ἔλαττόν
230 2287 298 2344 ἐστιν
319 2284 430 2365 ἀκριύὴς
451 2288 467 2355 ἡ
484 2284 669 2364 κυθερνητική·
687 2285 731 2343 καί
752 2284 811 2364 περί
828 2289 880 2344 τῶν
927 2297 1026 2348 subtilis
1039 2299 1077 2348 esi
1088 2297 1239 2360 gubernandi
1257 2311 1315 2347 ars:
1326 2311 1355 2346 ac
1366 2297 1396 2348 de
1408 2298 1511 2362 reliquis
1523 2298 1643 2348 similiter.

101 2375 200 2432 λοιπῶν
215 2373 322 2448 δμοίως.

141 2461 204 2496 ****
219 2461 303 2522 Πλέσν
321 2461 347 2521 δέ
362 2461 423 2542 περὶ
437 2465 488 2521 τῶν
503 2460 571 2520 κατόν
587 2460 633 2527 τὰς
648 2459 741 2539 τέχνας
762 2461 881 2540 βουλευό·
958 2473 1006 2524 Sed
1026 2473 1052 2523 ia
1066 2474 1161 2523 artibus
1174 2473 1252 2536 magis
1267 2485 1343 2536 quam
1361 2472 1386 2520 in
1400 2469 1519 2522 doctrinis
1532 2470 1706 2520 consultationi

101 2552 198 2628 μεθαῆ
214 2550 259 2618 rt<
277 2551 435 2628 ἐπιστήμας·
454 2551 531 2609 πλέον
545 2551 595 2630 γὰρ
611 2549 762 2624 διστάζομεν
783 2550 808 2605 έν
824 2557 881 2616 ταῖς
928 2562 996 2612 locus
1008 2565 1046 2610 est
1062 2561 1160 2624 :magis
1175 2561 1241 2610 enirn
1258 2560 1403 2611 dubitamus
1418 2559 1567 2619 inertibus,
1582 2559 1642 2624 quia
1657 2559 1706 2608 mi-

98 2640 218 2719 τέχναις,
230 2637 270 2698 ότι
283 2640 388 2699 ἔλαττόν
403 2643 466 2698 εἰσιν
481 2643 624 2718 ὡρισμέναι
636 2641 687 2696 τῶν
702 2639 865 2712 ἐπιστημῶν.
929 2664 976 2700 nus
987 2649 1094 2700 delinitas
1104 2651 1162 2698 sunt
1175 2661 1252 2712 qnam
1263 2643 1390 2697 dbctrime.

140 2727 219 2765 *m*
244 2728 282 2788 Τὸ
298 2731 324 2786 δὲ
342 2727 509 2807 βουλεύεσθαί
525 2731 604 2786 ἐστιν
619 2727 665 2805 μὲν
678 2729 729 2784 τῶν
744 2729 779 2793 ὡς
795 2728 837 2786 ἐπὶ
852 2727 881 2786 τὸ
958 2740 1035 2787 Ροττο
1046 2735 1184 2800 deiisquoe
1197 2735 1373 2798 utplurimum
1393 2735 1504 2785 accidere
1515 2737 1631 2799 possunt,
1648 2734 1706 2785 deli·

97 2819 220 2877 πλεῖστον
235 2819 410 2897 θνάεχομένων
420 2819 546 2896 γίνεσθαι·
560 2817 621 2876 όταν
632 2815 659 2874 δὲ
673 2815 717 2874 καί
727 2815 770 2874 ἐπί
783 2816 880 2876 τούτων
927 2825 1012 2874 berare
1023 2823 1210 2886 consuevimus,
1225 2835 1303 2886 quum
1312 2835 1371 2871 vero
1381 2821 1471 2870 horum
1480 2821 1572 2870 incerta
1582 2825 1620 2872 est
1632 2822 1703 2879 ratio,

97 2911 112 2965 θ
126 2908 220 2987 τρόπος
235 2905 347 2979 ἄδηλος,
362 2907 379 2978 ἦ
392 2911 448 2972 πῶς
470 2904 590 2978 δηλονότι
607 2903 764 2982 γενήσεται,
786 2905 830 2963 καί
854 2907 880 2962 ἐν
926 2915 965 2963 vet
979 2927 1057 2977 quum
1069 2911 1192 2976 quomodo
1206 2915 1324 2961 eventura
1340 2911 1397 2968 sint,
1413 2913 1438 2960 et
1449 2911 1475 2960 in
1489 2910 1588 2974 quibus,
1602 2925 1649 2960 non
1662 2923 1704 2974 ap·

97 2987 151 3066 οἷς,
171 2998 217 3054 οὐκ
232 2993 288 3053 ἔστι
313 2995 421 3055 δυνατὸν
446 2993 494 3068 τλν
518 2994 653 3074 βούλευσιν
668 2993 817 3070 ὡρισμένην
841 2984 877 3052 εἶ·
926 3006 1011 3067 paret,
1023 3002 1058 3052 ibi
1070 3015 1158 3052 rursus
1170 2999 1271 3051 delinita
1282 3013 1331 3049 non
1349 3003 1431 3063 potest
1447 3012 1501 3050 esse
1512 2998 1664 3050 deliberatio.

96 3109 152 3144 ναι.

138 3171 230 3208 *m*
244 3173 295 3232 Διά
307 3173 437 3233 τοῦτοκαὶ
449 3171 611 3247 συμθούλους
622 3168 878 3250 παραλαμίάνομεν,
958 3177 1040 3230 Quare
1065 3177 1090 3224 et
1113 3173 1263 3224 consiliarios
1282 3172 1443 3230 assumimus,
1473 3186 1551 3235 quum
1576 3172 1608 3222 de
1632 3173 1707 3224 rebus

96 3261 160 3321 όταν
183 3253 275 3341 ᾗπερὶ
295 3263 416 3342 μεγάλων
440 3267 456 3334 ἡ
480 3259 570 3341 βουλή·
586 3259 631 3318 καί
649 3259 699 3340 γθιρ
716 3263 877 3332 ἀπιστοῦμεν
927 3261 1021 3324 magnis
1044 3261 1211 3312 deliberamus
1230 3276 1236 3309 ι
1256 3260 1395 3324 quianobis
1407 3260 1467 3325 ipsis
1483 3259 1634 3318 diffidimus,
1648 3263 1706 3312 tan-

96 3356 162 3427 ἡμῖν
177 3351 264 3421 αὐτοῖς
278 3355 313 3418 ὡς
329 3352 378 3430 οὐχ
391 3353 490 3417 ἱκανοῖς
509 3350 568 3430 περὶ
585 3353 631 3407 τοῦ
654 3348 809 3428 πράγματος
825 3348 880 3404 δια·
926 3363 1002 3414 quam
1013 3364 1062 3402 non
1075 3350 1136 3401 satis
1144 3348 1240 3402 idoneis
1252 3348 1297 3414 qni
1309 3348 1340 3400 de
1350 3351 1419 3398 tanto
1428 3349 1525 3413 negotio
1536 3348 1684 3412 judicemus.

96 3441 236 3517 γνιί’νναι.“ι

138 3529 250 3566 *******
267 3527 448 3606 Βουλευόμεθα
461 3529 487 3586 δὲ
508 3530 537 3586 ού
552 3527 612 3606 περί
622 3529 715 3604 τελῶν,
730 3525 797 3584 ἀλλά
817 3525 879 3603 περὶ
956 3529 991 3577 Ac
1003 3527 1167 3578 deliberamus
1178 3525 1280 3590 quidem
1291 3539 1339 3575 non
1348 3525 1380 3576 de
1393 3525 1496 3584 linibus,
1511 3525 1554 3574 sed
1563 3525 1594 3575 de
1607 3525 1637 3574 iis
1649 3538 1706 3589 qum

98 3625 150 3678 τῶν
163 3620 227 3699 πρός
240 3620 274 3678 τθι
285 3620 357 3690 τέλη.
368 3617 403 3677 ‘0
414 3617 464 3696 γὰρ
475 3617 561 3696 ἰατρὸς
572 3621 600 3676 οὐ
611 3619 779 3697 βουλεύσεται
790 3615 878 3672 δοῦναι
925 3615 957 3666 ad
971 3615 1031 3666 lines
1050 3619 1169 3680 spectant.
1188 3618 1274 3679 licque
1290 3615 1356 3664 enim
1371 3613 1483 3663 medicus
1504 3613 1535 3663 dc
1554 3613 1705 3663 restituenda

96 3709 145 3779 ripa
158 3708 255 3785 ὑγίειαν
268 3712 306 3786 τῷ
321 3707 455 3785 κάμνοντι·
469 3708 515 3783 (οὐ
527 3705 576 3784 γάρ
592 3707 725 3783 ἐνδέχεται
737 3703 800 3782 πρὸς
814 3702 878 3760 ἄλλο
927 3719 993 3770 [egro
1005 3706 1110 3756 sanitate
1125 3704 1271 3754 deliberabit
1283 3703 1412 3767 (quianon
1426 3704 1507 3765 potest
1517 3701 1590 3750 allam
1600 3715 1653 3750 rena
1666 3715 1706 3750 re·

96 3823 122 3856 τι
137 3809 148 3834 ²
164 3798 268 3876 βλέπειν
280 3799 323 3856 τὸν
336 3795 425 3876 ἰατρόν
437 3843 444 3872 ,
467 3795 511 3853 καί
528 3794 625 3853 τούτοιν
646 3795 723 3871 χάριν
746 3795 774 3849 ού
789 3791 879 3868 χρείαν
926 3797 1034 3860 spicere,
1048 3809 1077 3844 ac
1089 3797 1218 3857 propterea
1228 3791 1402 3842 deliberatione
1411 3804 1459 3839 non
1474 3793 1543 3851 eget,
1554 3793 1562 3850 l
1572 3789 1616 3836 sed
1627 3789 1659 3837 de
1673 3789 1703 3836 iis

97 3885 150 3952 ἕξει
167 3887 362 3964 βαυλεύσεως,)
381 3885 449 3942 ἀλλά
465 3885 524 3963 περὶ
549 3887 601 3941 τῶν
625 3882 755 3961 ρερόντων
773 3883 808 3944 εἷς
832 3879 879 3949 τὴν
924 3898 983 3950 quaa
997 3884 1028 3933 ad
1039 3883 1170 3932 sanitatem
1189 3879 1331 3937 conterunt,
1345 3892 1402 3942 quae
1419 3891 1468 3926 non
1491 3889 1541 3924 uno
1561 3875 1635 3924 modo
1652 3876 1705 3926 lieri

97 3977 217 4050 ὑγίειαν,
240 3975 300 4052 περὶ
325 3974 422 4032 τούτων
450 3971 618 4052 βουλεύεται,
636 3969 711 4028 άτινα
734 3969 874 4046 πολλαχῶς
925 3974 1036 4036 possum,
1052 3969 1172 4019 deliberat
1191 3963 1559 4016 :simibteretoratornonde
1575 3961 1702 4019 suasione,

98 4065 232 4142 ἐνδέχεται
249 4061 378 4140 γενέσθαι·
395 4061 490 4138 ὁμοίως
505 4063 615 4120 δὲκαὶθ
631 4059 760 4140 βήτωρού
779 4055 882 4132 βουλεύ-
925 4059 969 4110 sed
984 4059 1015 4108 de
1030 4057 1061 4106 iis
1077 4069 1134 4120 quae
1160 4055 1191 4103 ud
1220 4051 1419 4117 persuadendum
1441 4049 1624 4100 accommodata
1647 4053 1705 4100 snat

99 4176 175 4212 σεται
196 4153 256 4234 περὶ
271 4157 317 4224 τῆς
330 4155 446 4223 πειθοῦς,
466 4149 534 4209 ἀλλά
559 4148 618 4227 περὶ
634 4152 686 4206 τῶν
702 4143 830 4226 φερόντων
845 4149 880 4210 εἰς
924 4144 1087 4196 deliberabit:
1106 4157 1186 4205 neque
1201 4143 1239 4190 vir
1253 4140 1362 4190 civitatis
1382 4139 1494 4202 regendae
1506 4137 1599 4202 peritus
1620 4151 1702 4186 'oneo

98 4243 148 4312 τὴν
162 4240 254 4302 πειθώ·
277 4239 322 4298 καί
347 4241 360 4297 ό
382 4237 514 4305 πολιτικός
539 4239 568 4296 ού
593 4233 693 4303 καθίζει
707 4233 755 4304 τὴν
774 4233 879 4310 βουλήν,
925 4237 966 4284 cat
977 4235 1101 4290 senatum,
1116 4234 1144 4278 ut
1155 4229 1186 4278 dc
1201 4229 1270 4278 bonis
1282 4229 1377 4292 legibus
1386 4227 1482 4290 judicet
1496 4242 1502 4272 :
1516 4226 1622 4290 (quippo
1635 4237 1699 4289 opor.

100 4329 146 4388 ίνα
161 4331 215 4407 γνῷ
226 4329 234 4366 ¹
247 4327 366 4406 περὶτῆς
379 4324 509 4401 εὐνομίας·
523 4328 573 4406 (δεῖ
582 4321 632 4400 γάρ
646 4323 732 4386 καλῶς
757 4319 788 4377 τόν
801 4317 882 4396 πράγ-
926 4325 963 4372 tet
975 4335 1032 4371 enm
1041 4320 1103 4370 bene
1113 4318 1290 4383 rempublicam
1302 4316 1503 4376 administrare,)
1514 4315 1557 4365 sed
1566 4313 1637 4364 cleiis
1648 4325 1704 4378 qum

99 4441 175 4494 ματα
197 4417 272 4475 αὐτόν
299 4416 459 4492 ductricem)
482 4411 550 4471 ἀλλά
568 4411 692 4490 περὶτῶν
708 4405 881 4468 συνιστάντων
926 4411 957 4461 ad
975 4408 1161 4460 constituendas
1174 4406 1251 4457 bonas
1264 4407 1329 4470 leges
1342 4405 1426 4456 velent
1441 4401 1596 4455 deliberabit.

103 4505 153 4576 τὴν
169 4504 290 4578 εύνομίαν
305 4504 481 4583 βουλεύσεται.

140 4591 265 4628 mm*
282 4589 415 4656 καίνισις
432 4589 525 4653 πάντες
545 4587 568 4643 ol
581 4587 692 4643 τοιοῦτον
707 4581 795 4660 τὸμὲν
811 4581 881 4648 τέλος
957 4587 1068 4651 Denique
1089 4584 1233 4648 omnesqui
1252 4583 1301 4633 talo
1321 4583 1383 4647 quid
1401 4582 1492 4645 agunt,
1513 4579 1586 4628 finem
1603 4575 1702 4641 quidem

97 4681 267 4753 ὑποτιθέασι,
287 4684 392 4750 ζητοῦσι
408 4677 450 4749 δέ,
466 4681 520 4743 πῶς
535 4675 580 4735 καὶ
597 4674 638 4731 bt
653 4673 728 4732 τίνων
745 4671 880 4753 ἀφίξονται
925 4676 972 4726 sibi
981 4676 1134 4738 proponunt,
1147 4673 1191 4724 sed
1202 4670 1410 4735 quemadmodum
1422 4673 1447 4718 et
1458 4667 1550 4732 quibus
1561 4665 1635 4715 rebus
1646 4677 1703 4712 cum

98 4769 251 4850 πρθςαύτό.
278 4769 331 4828 Καὶ
346 4765 594 4826 aolidae-derenci?
612 4753 717 4821 ἀνέσει
733 4761 821 4841 τυχεῖν
836 4763 882 4817 τοῦ
925 4764 1022 4826 assequi
1042 4761 1288 4824 possint,queorunt.
1309 4763 1441 4820 Quumque
1469 4755 1542 4804 multi
1564 4751 1613 4802 sint
1637 4750 1700 4802 modi

98 4863 219 4929 σκοποῦ,
238 4860 345 4926 ζητοῦσι
363 4855 405 4912 διά
429 4853 496 4920 τίνος
535 4859 619 4933 ῥᾷστα
647 4853 690 4909 καί
711 4853 839 4909 κάλλιστα
854 4847 883 4908 τό
925 4852 1016 4916 quibus
1030 4849 1098 4914 quod
1107 4847 1247 4912 expetimus
1260 4845 1373 4908 consequi
1387 4845 1474 4901 beent,
1489 4855 1539 4905 quo
1549 4843 1621 4904 pacto
1637 4837 1703 4888 lacit·

100 4947 176 5013 τέλος
189 4946 351 5025 εύρήσαυσιν.
366 4941 452 5005 Ὅταν
468 4943 495 5001 δέ
511 4942 543 5000 δι’
556 4941 610 5006 ένθς
623 4940 781 5018 ἐνάέχηταιν
793 4937 881 5013 μόνου,
906 4992 908 5000 ,
925 4942 983 4990 linrc
998 4943 1023 4990 et
1034 4938 1126 5002 optime
1147 4935 1179 4986 ad
1201 4935 1292 4984 calcem
1312 4931 1500 4996 perveniamus,
1521 4926 1660 4990 inspiciunt.
1671 4929 1702 4976 st

106 5037 1695 5080 ΜΝ

134 5125 149 5155 ⁴¹
160 5125 233 5175 λίτιιι
241 5125 286 5191 γὰρ
300 5127 413 5175 δοκοῦσιν
427 5123 488 5172 εἶναι
497 5125 547 5170 κτλ.
565 5146 596 5154 -
612 5119 639 5146 **
656 5119 703 5167 Καὶ
720 5117 773 5181 περὶ
787 5115 829 5177 μὲν
842 5113 884 5169 τὰς
896 5113 1003 5177 sapias,
1029 5109 1064 5154 νλ
1085 5132 1115 5143 -
1126 5107 1166 5136 a„
1185 5106 1242 5156 'sib
1254 5106 1302 5155 όσα
1319 5104 1411 5167 γίνεται
1429 5104 1480 5150 κτλ.
1491 5124 1522 5136 ··-
1535 5097 1596 5130 m*
1606 5099 1701 5150 iratior

99 5195 128 5250 δέ
142 5196 184 5244 καὶ
205 5196 261 5259 περὶ
281 5196 324 5250 τὰς
338 5194 423 5259 τέχνας
443 5194 496 5242 κτλ.
509 5215 541 5226 -
565 5188 634 5216 *Μ*
654 5189 688 5238 Τὸ
705 5185 860 5251 βουλεύεσθαι
878 5183 904 5231 δὲ
919 5183 971 5230 κτλ.
990 5205 1022 5216 -
1043 5177 1129 5208 *mi*
1151 5177 1301 5240 Σνιμθούλους
1314 5173 1341 5222 dl
1363 5171 1583 5237 τταγιαλαμθάνομνν,Ι
1600 5171 1639 5218 eri
1677 5191 1703 5203 υ-

101 5265 200 5292 “*'****
215 5263 382 5328 Βουλευθμεθα
390 5263 416 5313 δὲ
428 5263 455 5312 σὺ
469 5262 523 5326 περὶ
535 5261 584 5310 τῶν
597 5259 681 5307 τελῶν.
692 5281 724 5291 -
734 5253 845 5283 *mm*
863 5249 929 5301 ’aiio
941 5251 1035 5316 θέμενοι
1048 5249 1115 5306 τέλος
1126 5264 1149 5297 τι
1159 5249 1210 5297 κτλ.
