3938 5968
271 340 331 398 574
892 331 1104 398 Anonoltlcl
1126 332 1261 395 nilonis

544 465 692 536 Εύλαῦιίας
706 465 775 540 ιίδη.
1378 475 1505 530 emtionis
1516 476 1610 530 forme.

307 555 412 630 Αίδύις,
429 553 530 635 ἁγνεία.
1130 566 1292 627 verecundia.
1313 568 1465 618 castimonia.

537 640 618 726 Ὅροι
633 647 684 703 σῦν
700 646 787 706 εἰδῶν.
1307 649 1310 658 ’
1328 659 1475 707 Formarum
1486 656 1666 707 definitiones·

308 733 393 802 Αίδιύς
411 733 480 794 ἀστιν
503 731 625 792 εῦλοίῦτια
648 735 723 813 ὀρθοῦ
739 733 828 812 λύγου.
1130 745 1285 797 verecundia
1296 750 1372 798 rectm
1389 746 1491 798 rationis
1503 747 1586 798 eantio
1602 749 1649 798 est.

308 821 450 903 Ἆγνιίαδί
464 821 588 882 εύλάύεια
609 825 660 880 τῶν
675 821 735 904 πιρί
752 823 796 882 τὸν
817 819 873 882 θεὸν
888 818 1053 903 δμορτημοί-
1131 835 1280 887 castimonia
1292 841 1330 887 est
1348 837 1431 888 cautio
1444 836 1556 888 omnium
1568 837 1594 887 iu
1609 835 1670 887 deos
1683 836 1859 900 peecatorum.

266 933 329 974 των.

569 998 638 1072 Είδη
649 1001 755 1079 ἀρετῆς.
1382 1001 1490 1050 Virtutis
1501 998 1597 1052 iormm.

307 1087 459 1168 Φρύνησις,
474 1087 645 1168 σωφροσύνη,
660 1083 828 1160 δικαιοσύνη,
847 1083 961 1166 ἀνδρεία.
976 1093 999 1144 ·.
1129 1086 1273 1150 Prudentia,
1289 1091 1460 1154 temperantia,
1472 1091 1583 1154 justitia,
1597 1089 1728 1143 tortitudo.

533 1175 614 1258 Ὅροι
629 1181 681 1238 τιῦν
692 1177 779 1236 sitos.
1328 1181 1474 1230 Formarum
1488 1179 1651 1231 delinitiones.

305 1263 437 1343 Φρύνηοις
454 1263 501 1342 μίν
516 1256 561 1326 οῦν
580 1269 650 1326 ίστιν
665 1265 800 1342 ἀπιστίμη
817 1265 923 1343 ἀγαθῶν
940 1261 986 1322 καί
999 1284 1048 1322 κα·
1132 1267 1264 1318 Prudentia
1288 1267 1391 1332 quidem
1411 1270 1449 1318 est
1476 1267 1579 1318 seientia
1603 1283 1685 1320 rerum
1714 1270 1844 1321 bonarum
1867 1277 1890 1322 rt

266 1357 319 1414 κῦν
334 1355 379 1414 καί
393 1355 581 1436 ούδιτίρων·ἢ
602 1355 725 1436 φρόνησίς
738 1356 807 1413 ἐστιν
823 1357 841 1424 ἡ
855 1357 907 1412 τῶν
926 1354 1051 1430 πρακτῶν
1100 1330 1673 1444 ’ἒξίῗῦἳωῐθξὶἓιωωῗξὲρᾞῶκωᾞέὲᾛ
1687 1338 1761 1446 2⁰:32}
1782 1335 1891 1446 ίέἷίίῗξίη·

265 1440 328 1522 ὀρθὴ
340 1443 385 1502 καί
403 1445 502 1516 ἀληθὴς
515 1446 560 1504 καί
575 1447 632 1523 μετ’
649 1443 734 1512 αίτίας
757 1441 870 1522 θιωρία·
893 1439 909 1512 ἢ
930 1440 1051 1522 φρόνησίς
1102 1459 1127 1504 et
1149 1453 1284 1504 rationibus
1305 1453 1449 1504 confirmata
1468 1456 1642 1520 contemplatio
1659 1475 1667 1507 ε
1683 1461 1729 1506 aut
1753 1459 1890 1522 prudentia

265 1531 335 1590 ίστιν
357 1531 437 1610 ἀρετὴ
453 1538 499 1592 τοῦ
518 1536 668 1612 λογιστικοῦ
691 1530 751 1611 περὶ
766 1529 799 1589 τά
825 1529 917 1610 eriperis
928 1527 974 1587 καί
989 1551 1051 1610 φευ-
1102 1520 1140 1568 0⁸²
1161 1515 1242 1589 Vilius
1255 1517 1313 1590 ,⁰1⁰⁸
1337 1517 1413 1566 animi
1434 1517 1512 1582 iiiiii
1533 1518 1558 1568 iu
1575 1533 1626 1584 ΨΜ
1643 1520 1708 1570 iffli
1726 1521 1795 1571 ῐῑίίῦ
1814 1527 1891 1586 iique

265 1619 331 1691 Πάν
349 1623 393 1680 καί
404 1621 452 1692 ‘it
468 1621 554 1702 κρίῦῑθ
569 1625 621 1681 τῶν
635 1617 787 1702 Ιῑῑρθνωνῆ
808 1618 958 1700 palatinos.
1099 1641 1239 1707 iudicandis
1253 1641 1418 1693 deterioribus
1432 1645 1476 1692 aut
1490 1645 1634 1695 melioribus
1653 1650 1788 1710 occupate

304 1709 467 1789 Σωφροσύνη
483 1709 510 1768 δὲ
526 1710 659 1790 ἐπιστήμη
683 1712 793 1792 αίριτῦν
814 1709 860 1767 καί
881 1706 954 1788 aopi
979 1711 1050 1788 αίρτ-
1129 1714 1302 1777 l‘ernperantia
1321 1718 1407 1764 antem
1430 1717 1468 1762 est
1481 1727 1565 1765 reruni
1578 1717 1780 1782 expetendarum
1792 1717 1891 1782 tugien-

264 1795 316 1852 τῶν
331 1798 376 1856 καὶ
391 1798 542 1880 οὐδετέρων.
792 1788 796 1796 ’
1097 1805 1236 1870 durumque
1247 1807 1273 1854 et
1284 1807 1430 1855 neutrarum
1443 1805 1553 1855 seientia.

304 1887 462 1960 Δικαιοσύνη
487 1887 515 1947 di
541 1887 590 1957 ίξις
616 1885 789 1967 διανεμητικὴ
822 1890 868 1948 τοῦ
891 1887 951 1946 κατ’
977 1883 1050 1956 ἀξίαν
1127 1894 1228 1946 lustitia
1245 1897 1284 1946 est
1302 1895 1378 1946 animi
1388 1894 1487 1947 allectio
1506 1907 1552 1960 pro
1563 1893 1683 1960 dignitate
1701 1909 1781 1947 sunm
1798 1897 1891 1961 cuique

261 1973 387 2037 ίκιίστου.
1095 1983 1214 2036 tribuens.

1102 1578 1230 1630 cononum
1253 1593 1278 1628 nr
1299 1579 1375 1630 rebus
1401 1580 1545 1644 expetendis
1568 1587 1594 1630 et
1617 1581 1740 1646 fugiendis
1762 1587 1844 1649 atque
1867 1586 1891 1634 in
1962 1641 1963 1656 γ

307 2062 443 2144 ’λνδρείαθ
467 2061 489 2124 δ’
513 2063 649 2144 ίιτισιήμη
670 2065 761 2124 δεινῶν
785 2061 831 2123 καί
848 2064 878 2123 ού
897 2063 986 2124 δεινῶν
1005 2063 1050 2124 καί
1126 2071 1256 2124 Fortitudo
1274 2075 1312 2124 est
1336 2073 1440 2124 scientia
1459 2087 1544 2124 rerum
1569 2077 1624 2126 tom
1648 2075 1812 2134 terribilium,
1835 2079 1888 2126 tum
1962 2055 1963 2072 ³

264 2151 415 2232 οὐδετέρων.
1093 2180 1143 2218 nou
1158 2163 1315 2224 terribilium,
1335 2166 1391 2215 turn
1413 2165 1567 2217 neutrarum.
1668 2219 1669 2222 ,

307 2241 433 2322 (Scripsi
449 2249 486 2300 ι·
509 2241 650 2324 ἀνδριία];
671 2242 757 2305 codd.
785 2241 889 2322 ἀνδρία.
912 2244 976 2290 -b
1001 2245 1049 2324 οὐχ

263 2331 507 2498 {gaiani-ciam.
524 2334 572 2392 ούκ
594 2335 715 2412 αἱρετῶν.
731 2339 792 2378 „a
810 2329 938 2413 ἀνδρεία]
962 2333 1046 2393 codd.

303 2509 329 2567 Τ
331 2515 451 2588 ριμιρσῦς
465 2509 493 2569 δί
511 2513 557 2582 τῆς
570 2511 657 2592 ψυχῆς
675 2509 881 2589 λαμὸανομίνης
891 2509 961 2571 κατά
975 2509 1049 2572 Πλοί·
1124 2523 1209 2580 Quum
1235 2519 1334 2570 animus
1359 2516 1501 2583 tripartitus
1526 2515 1664 2568 meandum
1682 2515 1818 2567 Platonem
1836 2517 1887 2567 esi-
1962 2511 1963 2594 ί

263 2617 354 2675 τωνα,
369 2603 414 2658 τοῦ
430 2597 478 2676 μίν
493 2599 642 2676 λογιστικοῦ
665 2599 745 2679 ἀρετ-λ
760 2605 777 2674 ἡ
794 2599 934 2682 φρόνησις·
958 2607 1003 2660 τοῦ
1019 2601 1047 2660 δὲ
1093 2612 1217 2670 sumetur,
1234 2611 1288 2675 ejus
1301 2609 1380 2675 partis
1392 2609 1417 2659 iu
1430 2622 1481 2672 qua
1499 2608 1566 2658 iuest
1581 2606 1645 2658 ratio
1658 2609 1737 2671 atque
1754 2607 1888 2657 masiliam
1962 2595 1963 2628 ί

263 2687 413 2760 θυμοειδοῦς
428 2690 444 2758 ἡ
461 2687 578 2768 πραότης
592 2687 637 2746 καί
655 2693 668 2762 η
687 2689 810 2769 ἀνδρεία·
824 2697 836 2727 ¹
851 2693 896 2748 τοῦ
914 2688 941 2749 δί
957 2691 1047 2750 ἐπιθυ·
1093 2701 1174 2752 virtus
1190 2703 1229 2750 est
1244 2697 1391 2764 prudentie:
1412 2697 1517 2749 illiusiu
1539 2696 1697 2762 quatrarum
1716 2696 1827 2745 exsistit
1849 2711 1889 2746 ar-
1962 2689 1963 2710 ί

262 2779 375 2848 μητικοῦ
387 2780 404 2848 ἡ
416 2775 571 2857 σωφροσύνη
589 2776 666 2850 καὶὴ
687 2777 836 2857 ἀγκράετια.
858 2776 945 2851 Ὀλης
960 2777 988 2837 di
1001 2782 1047 2850 τῆς
1092 2789 1146 2852 dor,
1164 2787 1253 2840 lenitas
1266 2791 1292 2838 ot
1311 2786 1433 2838 tortitudo
1455 2787 1529 2850 :eius
1543 2785 1651 2850 denique
1661 2797 1719 2850 qua
1743 2783 1780 2834 ad
1794 2798 1888 2834 coucu-

262 2862 379 2942 ψυχῆςὴ
396 2864 568 2939 δικαιοσύνη,
584 2865 659 2938 καλή
680 2866 889 2948 ίλιυθιριύτηςδ,
905 2866 980 2939 καίή
997 2892 1045 2945 με·
1092 2879 1235 2944 piscandum
1257 2892 1377 2944 propensa
1402 2883 1453 2938 est,
1482 2876 1645 2942 temperantia
1673 2879 1699 2926 et
1720 2876 1886 2926 coutinentia
1962 2915 1963 2928 ι

261 2953 420 3033 γαλοψυχία.
447 2953 538 3015 Κακία
555 2954 583 3014 δύ
597 2957 652 3015 len
675 2960 720 3014 τοῦ
740 2955 787 3033 μίν
804 2959 909 3036 λογικοῦ
929 2959 1046 3038 ἡάφρο-
1091 2969 1179 3019 Totius
1194 2981 1254 3018 vero
1266 2965 1342 3018 animi
1357 2967 1535 3018 virtutessunt
1549 2964 1654 3030 justitia,
1665 2964 1820 3020 liberalitas.
1841 2979 1890 3014 ma·

262 3038 336 3111 σύνη·
351 3045 399 3100 τοῦ
414 3041 629 3121 δίθυμοιιδοῦςὴ
645 3045 782 3124 ὀργιλότης
798 3045 844 3104 καί
859 3050 876 3118 ἡ
890 3046 983 3106 δειλία·
1001 3055 1046 3108 τοῦ
1092 3057 1248 3122 gnauimitas.
1268 3057 1364 3108 Vitium
1377 3060 1463 3108 autem
1490 3055 1545 3120 ejus
1566 3053 1644 3104 animi
1669 3053 1753 3117 partis
1767 3067 1830 3118 quse
1850 3069 1887 3103 ra-

261 3125 289 3186 δί
303 3131 495 3208 ἐπιθυμητικοῦ
510 3137 527 3204 ἡ
545 3132 674 3192 ἀκολασία
690 3132 736 3192 καί
754 3137 771 3206 ἡ
787 3134 916 3213 ἀκρασία·
931 3135 995 3208 δλης
1017 3135 1045 3195 δί
1092 3145 1166 3196 tionis
1178 3145 1301 3210 particeps
1320 3147 1358 3196 est
1373 3143 1480 3194 habetur
1495 3142 1621 3192 amentia:
1640 3141 1708 3191 illius
1722 3141 1751 3191 in
1771 3156 1826 3206 qua
1839 3143 1889 3190 ira-

258 3222 305 3292 τῆς
318 3223 405 3299 ψυχῆς
419 3219 436 3293 ἥ
451 3245 480 3280 τε
503 3229 515 3260 ⁰
528 3221 630 3294 ἀδικία,
651 3222 695 3282 καί
715 3227 732 3296 ἡ
758 3223 941 3306 ἀνελευθερία,
963 3224 1008 3285 καί
1024 3229 1041 3298 ἡ
1092 3248 1148 3284 rum
1161 3234 1259 3284 exsistit
1273 3233 1355 3291 ardor,
1372 3231 1500 3282 iracundia
1511 3234 1537 3281 et
1553 3228 1675 3280 timiditas
1688 3247 1694 3278 ι
1706 3229 1766 3294 ejus
1778 3229 1886 3294 denique

261 3307 436 3389 μικροψυχία.
1092 3337 1149 3387 qum
1162 3322 1193 3372 ad
1207 3321 1433 3387 eoucrrpiseendum
1448 3333 1569 3385 propensa
1585 3323 1631 3377 est,
1652 3319 1849 3382 intemperantia
1862 3324 1886 3370 st
1962 3317 1963 3390 ζ

299 3394 429 3475 (Scripsi
448 3419 454 3455 :
470 3397 618 3477 'daipeie]
635 3399 719 3460 codd.
746 3397 849 3478 ἀνδρία.
866 3398 1046 3462 -θάλευθι-
1091 3410 1267 3462 incontinentia
1282 3427 1287 3461 :
1303 3409 1544 3462 totiusneroauimi
1571 3407 1702 3472 injustitia,
1713 3406 1886 3468 illiberalitas,

261 3481 366 3564 ριύτης]
381 3485 466 3545 codd.
485 3486 624 3566 ἀλιυθερία.
647 3517 688 3534 -
707 3495 719 3526 ⁰
737 3486 817 3568 ἤτε]
839 3487 930 3564 vulgo
944 3493 976 3564 ἡ,
1004 3515 1043 3552 τε.
1092 3497 1257 3550 imbecillitas.

531 3663 599 3744 ssepi
611 3661 770 3746 opertionem.
907 3685 908 3688 ¹
1385 3669 1422 3718 ne
1438 3664 1579 3730 prudentia.

299 3747 415 3811 'tut
430 3751 863 3834 νυνισθνθυω
1099 3761 1175 3873 ...tt
1190 3755 1518 3871 nntrms‘mn
1533 3753 1885 3868 terestrium..
1962 3777 1963 3854 ς

259 3925 285 3988 δὲ
303 3929 371 4006 αὐτῇ
387 3930 451 3988 εἰσιν
472 3927 610 4003 ιύύουλία,
626 3931 763 4012 ἀγχίνοια,
793 3931 918 4010 πρόνοια,
938 3934 1044 4012 βασιλι-
1129 3881 1885 4014 iiiiiihilalielucitaiilrpioriiiiriiss‘sirimregiriri‚⁸32¹&ssss

1098 4009 1168 4068 toria,
1187 4021 1249 4058 usus
1265 4019 1362 4061 rerum,
1387 4007 1488 4052 scientia
1502 4001 1590 4060 crrrlrs.
1613 4006 1716 4066 prrrstae
1733 4004 1794 4054 uitas
1809 4005 1882 4060 ratio,
1962 4031 1963 4062 η

1090 4069 1248 4184 philosophia
1269 4069 1381 4128 irroratis,
1411 4063 1553 4124 dialectiea,
1575 4079 1616 4115 ars
1639 4065 1761 4126 oratoria,
1778 4065 1884 4130 physio·
1962 4123 1963 4134 γ

259 3839 336 3910 στικὴ
353 3842 403 3900 τῶν
420 3844 455 3906 είς
483 3840 649 3919 εὐδαιμονίαν
679 3841 869 3902 συντεινόντων.
894 3841 1044 3922 Σύμύωμοι

258 4015 309 4090 ari,
325 4019 502 4098 superaptari,
519 4018 712 4101 πραγματική,
728 4019 849 4091 πολιτική
861 4068 869 4096 ,
883 4023 1043 4098 οἰκονομική,

257 4105 351 4178 ἠθική,
366 4107 533 4182 διαλεκτική,
550 4109 673 4191 ῥητορική
688 4157 695 4188 ,
711 4113 819 4194 φυσική.
1099 4135 1161 4198 ogia,

298 4194 434 4254 Εύῦουλία
454 4196 501 4272 μὲν
521 4187 565 4257 σύν
582 4201 651 4260 ἀστιν
668 4201 804 4278 ἐπιστήμη
818 4201 1009 4284 συμφερόντων.
1121 4207 1222 4258 Consilii
1236 4205 1334 4258 bonitas
1350 4202 1452 4268 quidem
1464 4205 1502 4254 est
1515 4199 1653 4252 utilitatum
1672 4199 1782 4250 seientia.

302 4281 433 4362 Ἀγχίνοια
458 4283 485 4345 δὲ
512 4284 561 4354 ἵξις
584 4285 610 4354 ii
632 4288 757 4366 ὑπογυίου
781 4289 810 4348 τδ
834 4293 948 4362 καθῆκον
974 4289 1041 4372 εύρί·
1120 4297 1246 4362 Sagaeites
1267 4309 1326 4346 vero
1341 4293 1447 4344 facultas
1461 4307 1492 4343 ex
1509 4294 1618 4355 tempore
1635 4287 1792 4344 inveniendi.
1813 4287 1881 4353 quod
1962 4265 1963 4332 i

258 4392 357 4430 σκουοα
372 4371 416 4430 καί
434 4375 685 4453 κατυστοχαζομύντ.
701 4384 746 4439 τοῦ
761 4377 871 4446 δέοντος.
1089 4391 1202 4438 nostrum
1223 4387 1254 4437 sit
1268 4385 1376 4436 otlicium
1393 4388 1418 4435 et
1434 4379 1562 4448 spectandi
1574 4378 1599 4430 id
1614 4377 1681 4444 quod
1696 4378 1751 4429 lieri
1765 4376 1846 4428 decet.

297 4459 414 4540 Πρίθθῑα
430 4459 456 4521 δὲ
469 4459 518 4530 itit
530 4462 666 4526 είδοποιεῑν
681 4465 813 4544 δυναμένη
827 4465 857 4525 ri
869 4466 992 4542 pallev‚²
1008 4467 1042 4535 ὡς
1120 4474 1276 4526 Prouidentia
1296 4478 1334 4527 est
1357 4471 1463 4524 incultas
1479 4469 1562 4520 anirno
1575 4465 1660 4517 lutura
1677 4466 1831 4532 pmpieiendi
1855 4471 1880 4517 et

257 4547 603 4629 ἃνπρίίῖῐηῖθῑτδμίλλσν
624 4555 660 4621 ὣς
683 4551 784 4635 χρή-ἣ
805 4553 1041 4636 παρασκευαστικὴ
1088 4561 1249 4625 informandi,
1276 4569 1304 4616 nt
1330 4577 1370 4614 res
1394 4559 1488 4612 suturas
1514 4560 1575 4610 bene
1598 4561 1742 4622 gerantur:
1767 4560 1815 4606 aut
1833 4555 1881 4606 sibi
1962 4603 1963 4614 ,

256 4636 323 4718 “iii
332 4637 462 4712 μίλλοντοί
473 4661 543 4702 τινα.
1088 4655 1153 4704 riam
1175 4655 1207 4704 ad
1228 4653 1314 4705 lutura
1333 4652 1448 4717 queedarn
1463 4649 1599 4700 muniendi.

297 4725 426 4800 Βασιλικὴ
441 4727 468 4789 δὲ
484 4732 608 4814 ίμπειρία
621 4737 667 4794 τοῦ
684 4733 775 4816 ἀρχιιν
788 4734 904 4809 πλήθους
924 4737 1040 4794 donnau—
1119 4746 1212 4807 Regum
1227 4757 1268 4821 ars
1281 4745 1318 4794 est
1333 4741 1435 4794 scientia
1453 4737 1623 4790 multitudinis
1640 4751 1685 4788 suo
1698 4735 1826 4786 arbitratu
1839 4749 1880 4786 re-
1962 4723 1963 4750 ί

256 4818 345 4886 θύνυις.
1087 4828 1181 4894 gendes.

297 4908 468 4988 Στρατηγικὴ
488 4910 513 4972 δὲ
531 4909 581 4979 ἕξις
600 4913 745 4992 θεωρητικὴ
767 4911 961 4995 anteposuisti
988 4915 1040 4971 τῶν
1118 4923 1164 4970 Ars
1177 4918 1336 4984 imperatoria
1358 4921 1396 4970 est
1414 4917 1539 4969 exercitus
1559 4915 1747 4967 commodorum
1770 4917 1879 4980 cognitio
1962 4931 1963 4998 j

255 4999 293 5076 τῷ
308 4996 478 5079 στροτοπύδῳ
500 4998 694 5082 συμφερόντων.
1087 5007 1182 5059 ratione
1194 5012 1219 5059 et
1236 5023 1282 5059 usu
1294 5009 1388 5072 parata.

287 5084 479 5198 'ilpappaarai
495 5087 521 5146 δὲ
544 5089 680 5168 ίπιστήμη
691 5093 743 5150 τῶν
760 5091 931 5172 ἀνθρωπίνων
952 5113 1039 5170 πραγ·
1117 5100 1183 5149 Usus
1207 5111 1291 5149 rerum
1313 5099 1351 5148 est
1368 5096 1533 5148 humanarum
1548 5107 1631 5147 rernm
1648 5093 1761 5144 seientia.

257 5195 358 5249 ματων.
