3934 5956
256 385 316 446 ssi
752 386 903 448 subsiu
925 383 1059 450 uflooli
1085 386 1352 452 PElilPATll'l'lCl

255 517 446 598 percepisses,
470 518 507 578 de
524 519 722 598 hypotheticis
753 521 933 600 syllogismis
958 541 1034 602 saepe
1087 521 1140 604 γδρ
1155 521 1225 582 ἅπαν
1241 524 1268 582 ίν
1281 519 1381 604 θατίρῳ
1395 521 1480 581 αιἰτιῦν
1496 509 1573 595 εἶναι,
1598 519 1673 602 εἴπερ
1693 519 1799 582 ἐκείνου
1813 523 1876 581 δια-

254 598 417 690 ιγιιὲειείιαο,
434 609 464 666 in
478 608 587 687 quibus
602 609 674 668 nihil
690 623 733 668 est
745 609 783 669 ab
799 611 952 671 Aristotele
966 633 1035 671 con·
1082 611 1150 693 ρορδ
1163 611 1247 673 ἔσται.

254 696 719 776 seriptum‚'lbeophrastusvero
729 699 776 758 vir
787 701 882 759 omnis
896 700 1037 760 doctrinae
1122 701 1309 780 (Aristoteles
1333 699 1449 778 Analyt.
1478 711 1587 777 poster.
1605 698 1658 758 lib.
1686 697 1714 756 ll
1743 719 1815 778 cap.
1832 701 1874 758 ἰδ

254 807 345 866 capax
362 807 460 846 rerum
477 801 586 846 tantum
606 807 733 846 summas
748 789 928 866 exsequitur,
945 793 1036 848 Eude-
1084 811 1152 870 pag.
1163 810 1252 867 97.a.
1270 791 1287 848 6
1301 789 1347 848 ed.
1362 788 1484 848 bekker.
1503 790 1678 866 Anonymus
1693 789 1727 846 in
1742 789 1875 848 Scholiis

253 897 314 932 mus
328 876 460 934 latiorem
477 876 601 935 docendi
619 877 751 952 graditur
771 879 870 954 viam,
886 879 936 938 sed
952 881 992 940 ita
1005 895 1037 940 ut
1082 880 1202 940 Aristot.
1230 899 1298 958 pag.
1315 887 1383 947 aiii.
1402 897 1428 937 a.
1444 877 1489 935 ed.
1513 877 1647 940 Brundis.
1693 879 1875 938 Σπωιτίπιιοιι

253 966 347 1024 veluti
365 963 495 1042 quaedam
513 965 671 1024 seminaria
685 967 843 1044 τραποίατο,
858 969 970 1028 nullum
999 983 1037 1028 ta·
1081 971 1180 1040 ταύτην
1195 967 1242 1039 τὴν
1260 967 1336 1036 δόξαν
1355 966 1478 1044 Εὔδημος
1491 957 1559 1025 ι’ίνιιι
1574 968 1658 1044 λίγει,
1674 966 1724 1039 τὴν
1742 967 1786 1026 ὅτι
1809 967 1876 1026 αἰδό-

253 1073 319 1112 men
332 1054 421 1130 frugis
434 1054 566 1113 videatur
576 1055 712 1114 extulisse
727 1059 925 1133 proventum.)
1081 1058 1158 1118 νοιτόν
1184 1061 1253 1116 ἐστιν
1274 1055 1413 1137 δρίοασθαί
1433 1079 1459 1113 τι
1483 1055 1534 1114 τῶν
1560 1055 1642 1114 ὄντων
1664 1055 1703 1132 μὴ
1726 1057 1821 1114 πάντα
1844 1056 1876 1114 τί

295 1163 345 1202 us.
369 1141 454 1202 Οὐδὲν
468 1143 495 1202 δὲ
512 1145 550 1202 δεῖ
564 1141 608 1201 τὸν
628 1143 776 1220 ὁριζόμενον
796 1145 839 1203 καὶ
857 1145 1035 1225 διαιρούμενον
1081 1145 1143 1206 ὄντα
1161 1147 1256 1208 elidos.
1300 1151 1402 1222 ltaque
1413 1145 1542 1203 Eudemo
1553 1158 1675 1204 auctore
1686 1145 1875 1202 Thenrisiius

252 1231 358 1290 daem
373 1231 466 1292 εἰδέναι
478 1231 513 1292 τὰ
527 1231 601 1294 ὄντα.
643 1230 738 1292 Καίτοι
752 1232 878 1293 ἀδύνατόν
894 1235 959 1314 ροιοί
971 1257 1036 1301 τινες
1081 1249 1110 1294 et
1126 1227 1471 1313 Philoponususisunt,
1494 1237 1545 1310 qui
1573 1233 1634 1290 baec
1656 1233 1694 1291 ab
1715 1232 1876 1292 Aristotele

252 1309 318 1378 εἶναι
339 1319 386 1385 τὰς
400 1319 526 1402 διαρορδις
552 1320 648 1379 εἰδέναι
663 1319 709 1386 τδις
724 1320 789 1400 πρὸς
809 1319 920 1380 ίιιαοτον
935 1322 973 1399 μὴ
993 1325 1036 1381 εί·
1082 1338 1186 1383 contra
1209 1323 1407 1402 Speusippum
1429 1321 1506 1379 dicta
1526 1341 1589 1380 esse
1616 1323 1764 1381 referunt.
1791 1321 1874 1383 coni.

253 1407 315 1468 δότα
330 1409 460 1468 ἕκαστον·
482 1409 544 1478 dieu
559 1407 587 1468 il
608 1412 659 1468 τῶν
675 1411 805 1492 διαφορῶν
823 1412 871 1469 οὐκ
885 1401 952 1470 τίνοι
970 1411 1035 1471 iso·
1082 1411 1254 1470 Brundisius
1268 1413 1300 1470 in
1315 1409 1391 1472 llius.
1405 1410 1498 1472 libeu.
1514 1413 1523 1471 l
1539 1432 1570 1489 p.
1587 1433 1644 1484 27⁰

251 1521 312 1557 στον
325 1497 422 1558 εἰδέναι
433 1521 439 1535 ·
454 1488 545 1578 οῦγδρ
557 1495 594 1574 μὴ
608 1498 737 1579 διαρίριι,
749 1497 844 1557 ταύτὸν
856 1489 924 1558 εἶναι
937 1499 1034 1580 τούτῳ,

251 1577 281 1644 οὗ
303 1587 331 1646 δί
355 1586 484 1666 διαφέρει,
512 1585 601 1664 ἕτερον
628 1585 731 1648 τούτου.
775 1589 885 1667 Πρῶτον
916 1587 963 1662 μίν
990 1581 1035 1646 οῦν
1342 1588 1430 1647 ΠΕΡΙ
1454 1585 1617 1647 ΔΕΞΕΩΣ.

256 1681 328 1735 τοῦτο
344 1676 453 1756 ψεῦδος·
468 1673 559 1752 αιίγδιρ
586 1674 655 1734 κατδ
670 1684 759 1734 πᾶσαν
781 1675 909 1757 διαρορδιν
931 1675 1034 1756 ἕτερον·

251 1762 348 1822 πολλαί
362 1763 411 1841 γδιρ
427 1761 550 1842 διαφοραί
565 1761 713 1842 ὑπάρχουσι
727 1764 781 1832 τοῖς
800 1765 887 1834 αὐτοῖς
902 1768 939 1844 τῷ
956 1765 1035 1837 ιίδει,
1123 1782 1171 1824 ris.
1193 1765 1303 1842 Πρῶτον
1325 1759 1411 1821 τοίνυν
1436 1761 1582 1842 διωρίσθω,
1605 1761 1630 1821 τί
1656 1765 1712 1821 ἔστι
1742 1764 1875 1842 πρότασις

251 1853 311 1908 ἀλλ’
321 1853 351 1908 οὐ
366 1853 431 1910 κατ’
442 1851 531 1910 οὐσίαν
545 1849 603 1908 οὐδὲ
617 1849 764 1910 καθ”αίιτοί
807 1843 877 1912 Εἶτα
887 1852 949 1912 ὅταν
962 1851 1034 1934 taliq
1081 1849 1234 1922 διαλεκτικὴ
1255 1847 1301 1908 καί
1323 1849 1349 1910 τί
1368 1847 1514 1930 πρὸὅλημοι
1531 1850 1701 1909 διαλεκτικόν.
1749 1853 1796 1911 Οὐ
1822 1853 1875 1932 γὰρ

250 1941 437 2017 τάντικείμενα
453 1941 499 2000 καί
515 1939 562 2010 τὴν
580 1941 707 2020 διαφορὰν
723 1941 768 2000 καί
788 1940 829 1998 ὅτι
843 1951 897 2001 πᾶν
910 1942 1035 2020 ε’μπίιιτει
1081 1946 1170 1998 πᾶσαν
1185 1939 1314 2018 πρότασιν
1330 1937 1389 1997 eiii
1405 1945 1457 1996 πᾶν
1482 1937 1627 2018 πρόὸλημα
1642 1939 1813 1998 διαλεκτικὸν
1831 1947 1874 2000 θε-

251 2032 361 2090 ίνταῦδα
377 2029 394 2102 ἢ
409 2033 534 2102 ἐνταῦθα,
558 2029 604 2088 καί
625 2027 697 2109 taliq
711 2029 894 2112 ίνθατίριμτδ
908 2031 1035 2109 ζητούμε-
1082 2024 1151 2085 τίον·
1168 2027 1250 2094 uldel(
1264 2027 1315 2108 γδρ
1344 2025 1376 2085 ἂν
1399 2025 1542 2106 προτείνειε
1566 2033 1625 2086 νοῦν
1641 2025 1709 2104 ίχων
1729 2025 1761 2086 τὶ
1777 2032 1872 2104 μηδενί

250 2143 292 2180 νον
315 2110 391 2191 εἶναι,
415 2118 461 2178 καί
474 2123 551 2178 τοῦτο
566 2119 702 2198 γινώσκῃ,
720 2117 794 2178 οὐδὲν
808 2120 924 2202 διαφέρει
939 2121 1035 2180 εἰδέναι
1082 2115 1188 2189 δοκοῦν,
1203 2113 1262 2174 siit
1276 2113 1405 2194 προὸιίλοι
1419 2113 1449 2172 rb
1463 2121 1529 2172 πᾶσι
1549 2112 1659 2193 φανερὸν
1685 2112 1703 2182 ἢ
1724 2115 1783 2181 τοῖς
1797 2118 1873 2194 slsi-

249 2207 319 2286 ἡμὴ
342 2208 437 2268 εἰδέναι
461 2207 502 2287 ίρ’
513 2208 581 2266 ὅσων
598 2211 806 2288 κατηγοροῦνται
822 2209 909 2267 ἄλλων
930 2213 957 2268 ai
976 2211 1035 2268 διοι-
1081 2227 1163 2270 orout·
1179 2201 1212 2262 tlt
1227 2203 1274 2280 μίν
1290 2203 1340 2284 γδιρ
1357 2203 1404 2261 οὒκ
1420 2200 1475 2281 ἔχει
1494 2202 1627 2282 ἀπορίαν,
1643 2201 1677 2260 τί(
1693 2201 1717 2260 δ’
1738 2205 1827 2271 οὐδεὶς
1841 2205 1871 2264 ἓν

249 2295 337 2378 ρρραί.
380 2295 501 2376 disrupte
520 2295 625 2376 γδιρὸτι
647 2293 678 2354 δν
699 2293 767 2354 siro
784 2298 896 2376 βαδίζων
913 2296 975 2377 iiie
999 2299 1035 2368 εἷς
1081 2291 1147 2364 θείη.
1190 2291 1270 2354 Ἔστι
1282 2291 1309 2350 δὲ
1320 2291 1447 2370 πρότασις
1459 2291 1613 2361 διαλεκτικὴ
1627 2289 1758 2370 ἐρώτησις
1769 2291 1870 2362 ἔνδοξος

249 2391 332 2444 ταῦτα
346 2375 382 2451 ὧν
398 2383 494 2462 μηκίτι
510 2383 566 2444 ίοτδ
577 2383 698 2464 διαφορά,
718 2381 769 2452 ἕξει
782 2383 828 2444 τὸν
841 2385 918 2462 λόγον
932 2389 979 2456 τῆς
991 2387 1035 2442 οὐ-
1081 2381 1188 2452 dedeo
1201 2377 1218 2451 ἢ
1231 2383 1284 2447 τοῖς
1300 2377 1461 2451 πλείοτοιςῆ
1475 2379 1528 2446 τοῖς
1550 2380 1648 2459 σοροῖς,
1668 2379 1715 2438 καὶ
1730 2379 1835 2448 τούτοις
1852 2383 1868 2454 ἢ

249 2473 318 2540 σίας.
362 2473 402 2534 Τὸ
422 2474 445 2532 δ’
461 2472 530 2532 ἅπαν
555 2471 694 2550 ἐμπίπτειν
711 2474 747 2541 τίς
768 2472 815 2544 τὴν
842 2473 986 2554 διαίρεσιν,
1003 2471 1034 2530 ἂν
1082 2479 1161 2530 πᾶσιν
1176 2468 1401 2540 ἢτοῖςπλείστοις
1419 2467 1501 2540 Arois
1520 2465 1637 2545 peditura
1658 2467 1819 2550 γνωρίμοις,
1833 2471 1868 2549 μὴ

249 2555 440 2644 ᾗοίντικιίμενα
455 2553 492 2624 ὧν
507 2561 545 2642 μή
558 2567 613 2622 ἐστι
625 2561 732 2638 μεταξύ,
743 2565 790 2622 οὐκ
801 2561 919 2640 αἴτημα
930 2561 1032 2640 ἀνάγκη
1081 2559 1236 2638 παράδοξος.

246 2811 327 2876 posita
347 2809 522 2875 consequentia
542 2809 570 2860 si
590 2809 769 2874 conjunctionis
798 2809 839 2861 vel
862 2809 1034 2876 disiunctionis
1113 2811 1165 2858 iti.
1185 2808 1272 2872 iisque.
1285 2819 1344 2856 vero
1362 2807 1461 2870 oporiet
1473 2819 1531 2857 enm
1551 2805 1596 2870 qui
1609 2803 1714 2857 deliniat
1728 2821 1759 2856 ac
1773 2807 1869 2859 diridet

246 2897 394 2949 ostenditur.
414 2900 450 2948 Ao
464 2897 554 2962 prioris
564 2897 666 2962 quidem
677 2882 807 2962 positionis
825 2897 967 2963 exemplum
980 2899 1032 2955 est,
1079 2909 1119 2946 res
1141 2909 1227 2947 omnes
1247 2909 1326 2946 uosss.
1344 2898 1502 2960 Quamquam
1524 2895 1635 2944 nonnulli
1657 2893 1789 2946 aiiirmant
1814 2897 1867 2948 lieri

247 2986 328 3037 veluti
351 3000 409 3036 oum
431 2999 472 3036 res
494 3001 580 3038 omnes
607 2986 746 3052 wrporales
769 2987 880 3037 materias
896 2985 1033 3051 ianuaque
1079 2999 1128 3037 non
1141 2999 1225 3051 posse,
1239 2987 1269 3035 ut
1284 2999 1368 3035 rerum
1379 2983 1445 3034 inter
1460 2983 1644 3035 sediscrimina
1659 2987 1809 3047 teneamus,
1822 2988 1868 3038 nisi

247 3088 368 3125 eoncursu
381 3074 517 3126 subsistere
530 3073 736 3125 demonstremus.
751 3075 893 3126 Tuncenim
909 3075 976 3140 quod
989 3088 1033 3138 per
1079 3075 1188 3140 amguias
1199 3087 1240 3125 res
1258 3072 1457 3136 ωριιονοιίιιιιινς
1473 3072 1526 3124 sine
1543 3071 1693 3123 diiieremiis
1711 3077 1802 3124 autem
1819 3089 1868 3125 non

247 3177 332 3216 rerum
342 3163 519 3214 naturamderi
532 3178 581 3214 non
596 3165 691 3229 petest,
703 3163 829 3228 ponimus,
839 3163 865 3214 id
877 3167 924 3224 est,
935 3177 1032 3214 omnem
1077 3176 1149 3228 posse
1161 3159 1257 3226 singula
1270 3159 1374 3223 intelligi
1390 3177 1396 3209 ι
1414 3159 1442 3210 id
1457 3159 1522 3210 einim
1543 3173 1558 3209 a
1575 3173 1627 3225 quo
1637 3159 1685 3210 boc
1701 3174 1751 3212 nou
1763 3159 1868 3222 differt,

247 3253 336 3306 ronnas
356 3255 472 3302 naturam
489 3251 629 3316 asubjecta
649 3249 768 3308 materia,
786 3249 807 3299 si
828 3263 876 3297 nou
889 3263 929 3310 re,
945 3249 1033 3300 saliem
1077 3250 1144 3300 idom
1165 3263 1222 3300 curu
1238 3249 1286 3299 boc
1299 3261 1374 3299 esse:
1393 3247 1420 3298 id
1435 3261 1496 3298 vero
1513 3263 1528 3298 a
1544 3263 1595 3313 quo
1614 3249 1714 3308 differt.
1732 3250 1868 3304 diversum

118 3329 121 3332 ,
149 3329 171 3340 .,
200 3334 396 3407 mmm
412 3354 567 3406 separamus
583 3337 736 3404 etquoniarn
749 3337 1033 3402 nihilexrobuscorpo-
1077 3352 1132 3390 esse
1151 3339 1183 3390 ab
1200 3339 1255 3390 hoc.
1272 3337 1384 3388 Primum
1403 3336 1479 3401 igitur
1496 3336 1545 3388 1¹⁰0
1563 3337 1655 3388 falsum
1668 3341 1714 3389 0⁸2·
1729 3342 1868 3392 Nouem

247 3433 297 3484 reis
311 3431 437 3495 reliquum
456 3429 498 3488 tit,
512 3428 710 3479 demonstratum
724 3429 800 3492 atque
810 3429 938 3477 ostensum
959 3429 1033 3492 puia-
1077 3427 1214 3480 secundum
1230 3427 1347 3494 quamvis
1359 3425 1529 3477 differentiam
1547 3429 1586 3476 est
1604 3425 1685 3486 aliud,
1703 3429 1870 3496 ‹mnnduqui-

247 3535 304 3572 mus
315 3518 409 3570 eisdem
421 3517 624 3568 convenientibus
637 3515 802 3579 corporalium
820 3529 904 3565 rerum
920 3516 1033 3566 substan·
1076 3515 1134 3568 darn
1150 3517 1182 3566 iis
1198 3529 1257 3582 quse
1271 3517 1330 3566 suut
1342 3515 1428 3566 eadem
1449 3514 1545 3579 specie,
1563 3515 1651 3565 multe
1668 3519 1728 3566 seint
1742 3517 1870 3571 difform-

248 3607 308 3658 tiam
324 3605 425 3668 cantici,
437 3603 530 3669 quibus
542 3618 557 3654 a
571 3617 598 3654 se
613 3603 738 3654 distinctis
753 3617 781 3654 ac
794 3603 979 3654 discedentibus
993 3605 1033 3654 in·
1076 3605 1132 3662 tiis,
1149 3618 1198 3654 non
1218 3607 1301 3655 tauron
1327 3604 1363 3654 rei
1382 3606 1479 3653 naturis
1496 3607 1677 3663 convenienter,
1699 3617 1746 3656 nec
1767 3619 1813 3671 per
1830 3623 1867 3660 se.

248 3696 386 3746 terimaiur.
412 3694 440 3743 in
462 3693 511 3743 boc
532 3691 610 3757 igitur
629 3693 741 3757 exemplo
761 3693 842 3758 posita
865 3693 1032 3744 consentiendi
1075 3692 1170 3744 Deinde
1191 3691 1235 3742 ubi
1249 3692 1307 3758 quis
1323 3691 1429 3757 sumpsit
1451 3694 1506 3740 tuni
1526 3691 1650 3755 opposita.
1668 3695 1723 3744 tum
1745 3692 1869 3748 ditioru-

247 3783 399 3842 wnditione,
415 3783 444 3832 ui
464 3780 491 3833 id
508 3781 633 3846 paulisper
649 3779 702 3832 ueri
724 3781 877 3844 intelligatur
891 3780 959 3846 quod
977 3781 1031 3833 fieri
1075 3781 1152 3841 barn.
1173 3784 1200 3832 et
1218 3781 1319 3846 quidvis
1332 3781 1358 3830 in
1377 3779 1442 3830 banc
1453 3779 1495 3831 vel
1511 3779 1581 3830 illam
1599 3785 1697 3846 partem
1710 3782 1816 3845 cadere,
1840 3801 1871 3837 ae

247 3875 400 3940 nonpotest‚
412 3871 438 3921 id
450 3874 500 3933 est,
511 3873 540 3921 ut
554 3869 642 3921 iorrnu
656 3885 671 3922 a
686 3871 791 3921 materia
803 3873 957 3935 separentur,
969 3871 1031 3936 quid
1076 3869 1183 3936 sumpsit
1197 3871 1222 3920 in
1243 3869 1321 3920 altera
1337 3873 1408 3934 parte
1431 3883 1484 3920 esse
1507 3868 1533 3919 id
1549 3869 1617 3935 qnod
1638 3871 1770 3935 queritur,
1786 3873 1870 3940 idque

245 3965 413 4026 oonsequaiur
439 3959 603 4018 intendImus,
629 3959 710 4024 perire
733 3959 835 4010 scilicet
858 3971 972 4024 coqiora,
1002 3964 1031 4010 ut
1076 3958 1216 4022 cognoscit,
1238 3957 1300 4008 nibil
1319 3957 1399 4009 rciert
1412 3961 1499 4008 utrum
1516 3958 1579 4008 sciat
1598 3959 1751 4023 mignoio,
1769 3963 1870 4025 qubius

246 4048 331 4098 cadem
345 4063 377 4099 ex
387 4048 476 4098 iisdem
488 4048 622 4098 consistere
630 4049 826 4113 comprobemus.
841 4051 904 4098 Nam
913 4049 1030 4113 quoniam
1075 4047 1130 4098 aliis
1147 4048 1194 4098 bae
1207 4046 1356 4098 uoumue
1367 4047 1544 4098 attribuantur.
1560 4050 1668 4112 Apparet
1688 4048 1767 4108 enim.
1783 4051 1808 4100 si
1832 4053 1870 4102 ita

245 4136 361 4186 interitus
377 4135 541 4200 corporalium
559 4151 644 4186 rerum
663 4137 832 4202 crinsequitur,
847 4139 903 4202 jure
925 4136 1031 4188 dicimus
1074 4133 1233 4201 progrediens
1252 4135 1393 4200 pemenedt
1407 4133 1439 4184 ad
1456 4149 1486 4185 ea
1498 4127 1609 4200 'queem
1625 4148 1674 4185 non
1693 4137 1732 4186 est
1753 4139 1869 4202 amplisu

246 4237 285 4274 res
297 4237 382 4272 omnes
405 4236 536 4288 corporeus
556 4223 636 4274 iouria
652 4225 807 4289 materiaque
828 4229 947 4276 constare.
967 4231 1029 4285 Quae
1074 4225 1228 4284 differentia.
1252 4238 1311 4276 eum
1329 4223 1474 4274 habiturum
1490 4237 1544 4276 esse
1565 4223 1742 4275 definitionem.
1766 4227 1821 4277 Sed
1836 4233 1866 4278 nt

246 4327 331 4363 veroa
350 4311 652 4376 sonpiicibusdiirerrmt‚
669 4313 803 4366 iilusunt.
821 4314 921 4378 quando
935 4315 1028 4380 aliquid
1073 4313 1174 4378 quidvis
1192 4312 1218 4362 in
1239 4311 1387 4363 diriuonuu
1404 4311 1492 4372 cadat,
1518 4311 1539 4362 si
1567 4313 1617 4364 sint
1635 4313 1748 4377 opposita
1776 4316 1868 4367 radio

244 4400 337 4450 dieitur
353 4413 407 4450 esse
427 4399 467 4449 vel
487 4411 537 4448 non
555 4412 622 4459 esse,
646 4401 667 4451 si
689 4401 751 4466 quid
768 4401 809 4452 voi
826 4401 903 4452 inerit
919 4403 959 4453 vel
980 4418 1028 4454 non
1074 4401 1255 4461 caecutiamus
1271 4402 1309 4451 est
1328 4398 1490 4465 postulatum.
1504 4401 1609 4451 Necesse
1625 4401 1690 4451 enim
1703 4405 1744 4451 eat
1759 4403 1868 4466 qiridris

245 4490 328 4541 luerit.
346 4492 398 4540 Hae
420 4503 517 4554 semper
532 4504 590 4540 cum
614 4489 828 4554 conjunctionibus
849 4495 1026 4555 proponuntur,
1073 4490 1099 4541 in
1113 4491 1192 4542 altero
1210 4503 1296 4542 eorum
1314 4503 1382 4553 esse,
1402 4489 1541 4555 siquidem
1556 4490 1625 4542 iliius
1636 4490 1782 4543 differentia
1805 4495 1865 4546 erit.

244 4583 273 4630 ut
288 4593 345 4630 mm
368 4577 475 4628 dicineus
490 4577 529 4629 :si
547 4578 621 4629 bomo
636 4581 686 4640 est,
701 4579 792 4629 subeat
807 4582 853 4630 est.
876 4580 950 4629 Fiunt
969 4595 1028 4631 vero

243 4661 422 4734 propositiones
434 4667 600 4732 hypothetice)
610 4668 686 4718 etiam
705 4681 749 4733 per
764 4667 954 4732 disjunctionem
970 4669 1025 4720 ita:
1351 4625 1395 4674 DE
1417 4621 1578 4675 mmm

243 4759 287 4807 aut
309 4757 358 4808 boc
378 4759 429 4814 est.
450 4760 495 4806 aut
511 4755 574 4806 iliud
597 4759 643 4807 est.
662 4757 750 4807 Omnis
766 4757 844 4820 igitur
868 4757 1028 4822 hypothetica
1106 4761 1158 4807 11³.
1176 4755 1288 4806 Primum
1313 4755 1390 4819 igitur
1413 4751 1553 4814 definiatur,
1577 4752 1639 4819 quid
1661 4752 1695 4802 sit
1723 4755 1865 4818 prupoeitiu

244 4846 378 4911 propositio
393 4845 433 4897 vei
458 4859 502 4910 per
524 4845 699 4896 comunionem
721 4846 750 4895 iii
771 4847 832 4910 (per
851 4847 1027 4898 connexionem
1072 4845 1201 4897 dialectica
1227 4847 1254 4896 et
1280 4843 1342 4910 quid
1366 4843 1494 4909 problema
1523 4841 1689 4894 dialecticum.
1710 4845 1763 4894 tier
1796 4845 1864 4896 eninr

245 4947 304 4984 vero
327 4933 399 4984 illum
420 4949 520 5000 quoque
539 4933 655 4996 modum,
676 4933 720 4999 qui
744 4947 789 4998 per
807 4934 961 4998 negationem
985 4935 1025 4994 iri,
1072 4935 1152 4986 omnis
1176 4933 1311 5000 propositio
1330 4945 1375 4984 nec
1391 4932 1471 4984 omnis
1495 4931 1621 4997 proposita
1644 4931 1755 4996 questio
1780 4931 1865 4984 dialo-

242 5035 296 5074 osse
310 5024 467 5087 pronuntio),
493 5023 534 5076 rel
556 5037 600 5088 per
613 5023 818 5089 disjunctionem
840 5025 946 5088 uterque
962 5023 1027 5074 εοίιιι
1072 5023 1135 5073 ctiori
1151 5021 1288 5074 existimari
1301 5021 1384 5073 debet.
1396 5023 1473 5072 Nemo
1486 5021 1551 5072 enini
1566 5019 1658 5071 mentis
1675 5031 1780 5085 ooinpos
1791 5021 1865 5086 pris·

242 5107 333 5158 modus
344 5123 376 5160 ex
388 5111 545 5176 simplicibus
555 5111 765 5178 propositionibus
781 5115 946 5176 comparator.
960 5115 1028 5178 (isos
1072 5111 1164 5176 cipium
1177 5115 1251 5176 ponet
1267 5109 1336 5175 quod
1347 5110 1438 5161 nomini
1449 5109 1557 5168 ridetur,
1571 5123 1652 5174 neque
1663 5123 1710 5174 pro
1722 5111 1863 5174 qusuboe

243 5196 312 5249 tirius
329 5199 362 5251 de
379 5199 526 5264 syllogismo
545 5199 705 5265 hypothetico
727 5199 760 5251 ad
781 5201 971 5266 Symmachum.
995 5205 1020 5268 1,
1071 5199 1189 5259 babebit,
1203 5199 1271 5264 quod
1290 5199 1323 5249 sit
1340 5199 1498 5264 perspicuum
1518 5197 1635 5250 omnibus
1654 5201 1700 5250 aut
1718 5199 1859 5265 plerisque.

243 5299 297 5356 pap.
310 5289 354 5337 biii
366 5285 405 5337 ed.
420 5285 508 5345 basii.)
1071 5290 1189 5356 quoniam
1202 5289 1256 5340 bec
1268 5288 1330 5339 nibil
1345 5287 1509 5340 dubitationis
1529 5289 1635 5348 babent.
1649 5287 1694 5339 ilia
1710 5301 1775 5340 vero
1787 5303 1861 5340 neno
1960 5335 1961 5385 γ
