3958 5942
812 451 1064 539 russanum.
1679 463 1736 523 ιιι

125 607 205 665 φησιν
226 582 332 642 ἔσεσθαι
358 581 462 650 πάντας
474 582 534 650 τοὺς
550 581 682 652 τοιούτους
708 585 909 664 συλλογισμούς,
956 583 1032 646 ἔσται
1045 584 1091 645 καθ
1111 585 1142 648 τὸ
1159 585 1185 666 β’
1195 590 1247 646 τῶν
1263 583 1288 646 α’
1303 585 1507 666 ἀπιζευγμένον.
1551 589 1584 647 Εἰ
1601 585 1629 648 δὲ
1645 595 1738 664 τοῦτο,

124 671 172 732 καὶ
186 670 294 753 προσέτι
301 671 360 739 τοθς
371 672 402 729 τὸ
415 673 578 752 ἀποφατικὸν
594 675 754 748 συνάγοντας
761 677 791 734 ού
801 675 830 733 τθ
841 672 911 734 κατδι
956 674 1002 732 καὶ
1020 676 1050 735 τδ
1074 673 1099 755 β’
1115 675 1249 756 ἐνδέχεται
1265 678 1303 756 τῷ
1325 673 1350 733 α’
1367 675 1470 753 μηδενί.
1514 672 1606 736 Ἔοικε
1624 676 1652 736 δὲ
1669 677 1739 759 Ἀρι-

126 761 172 820 τὸν
198 761 334 841 διορισμὸν
363 758 533 838 ἐνδεχόμενον
551 762 685 840 συνάγειν,
706 763 774 824 ἀλλὰ
795 765 824 824 τδ
841 761 911 822 κατά
957 765 1081 836 στυτελης
1095 764 1197 844 βέλτιον
1210 765 1295 824 αὐτῶν
1310 763 1412 842 λέγειν,
1428 763 1466 840 μὴ
1477 762 1586 845 φάσκων
1598 765 1737 846 ἀντιστρέ-

126 849 207 931 ψιλὴν
223 849 357 930 ἀπόφασιν
373 853 427 908 τοῦ,
436 847 581 927 ἀναγκαίου
594 851 744 930 λεγόμενον,
758 851 775 923 ἣ
787 851 817 911 τὸ
828 851 911 910 οὐδενὶ
959 873 1016 929 φειν
1030 850 1079 923 τὴν
1094 852 1207 911 καθόλου
1224 851 1389 933 ἀποφατικὴν
1401 851 1576 933 ἐνδεχομένην
1590 856 1673 935 ἑαυτῇ
1687 853 1738 930 τὴν

126 939 151 1008 li
164 937 308 1018 ἀνάγκηςῆ
323 936 353 997 τὸ
366 940 395 996 οὐ
408 938 488 997 παντὶ
496 937 522 1006 ἐξ
537 940 655 1018 ἀνάγκης
667 935 909 1022 συναχθήσεοθαι.)
957 940 1025 1000 suriz
1041 939 1085 998 rhu
1100 941 1243 1022 διορισμόν.
1286 944 1326 1002 Οὐ
1345 940 1396 1022 γὰρ
1407 939 1431 998 si
1442 940 1467 1000 ri
1481 963 1549 1008 τινος
1565 941 1740 1019 ἀπέζευκται,

166 1050 213 1090 107.
237 1031 351 1108 Πρῶτον
367 1015 411 1085 oio
436 1027 549 1087 δεικτέον
564 1027 624 1107 ,δτι
646 1031 693 1090 οὐκ
705 1029 867 1111 ἀντιστρέφει
880 1027 910 1087 sis
956 1027 1007 1101 ἤδη
1022 1031 1068 1089 καθ
1082 1030 1258 1111 ἐνδεχομένως
1274 1033 1434 1100 ἀπέζευκται
1446 1031 1558 1112 αὐτοῦ.)

126 1119 154 1176 έν
177 1121 214 1198 τῷ
231 1117 384 1198 ἐνδέχεσθαι
395 1116 562 1198 στερητικύν.
998 1138 1048 1180 los.
1064 1117 1129 1180 lOri
1146 1119 1192 1198 μὲν
1207 1111 1251 1179 οὖν
1269 1122 1292 1179 ui
1308 1124 1334 1181 ἐν
1354 1115 1454 1188 τούτοις
1476 1127 1529 1186 τοῖς
1543 1120 1666 1200 σχήμασι
1679 1121 1742 1181 σολ-

166 1206 491 1282 (Aristoteleshnalyt.
508 1207 668 1284 priomlib.
685 1207 698 1266 l
714 1228 779 1286 cap.
795 1229 827 1282 17
844 1227 910 1288 pag.
956 1207 1078 1286 λογισμοὶ
1097 1211 1258 1268 τελειοῦνται
1281 1207 1326 1268 διὰ
1340 1212 1391 1268 τῶν
1409 1211 1436 1267 ἔν
1450 1211 1488 1287 τῷ
1501 1209 1600 1288 πρώτῳ
1619 1209 1741 1288 σχήματι
1831 1234 1832 1238 ’

127 1301 164 1356 36
176 1298 209 1358 b.
225 1299 262 1356 35
285 1296 333 1356 ed.
350 1295 473 1354 Βάλλαν.
496 1296 661 1356 Alexander
672 1297 911 1377 Aphrodisiensis
955 1296 1067 1355 καθολου
1083 1299 1269 1376 συλλογισμῶν
1284 1298 1331 1357 καθ
1349 1301 1385 1364 εἰς
1398 1297 1505 1365 τούτους
1523 1299 1675 1377 ἀνάγονται,
1691 1303 1741 1372 δῆ-

127 1387 180 1446 sol.
199 1388 235 1460 87
255 1385 286 1442 h.
302 1383 366 1462 (Cf.
390 1383 507 1442 Scholia
531 1385 564 1444 in
586 1386 703 1446 Aristot.
721 1406 789 1465 pag.
808 1387 864 1443 166
880 1385 910 1447 b.
955 1387 999 1444 λον
1016 1387 1046 1444 ἐκ
1060 1387 1112 1442 τῶν
1125 1385 1286 1465 εἰρημένων·
1304 1384 1344 1444 ὅτι
1359 1384 1381 1444 δ’
1394 1386 1483 1452 ἁπλῶς
1500 1395 1551 1453 πᾶς
1566 1389 1741 1465 συλλογισμὸς

128 1475 163 1532 15
178 1473 226 1535 ed.
242 1471 390 1550 Blandis.)
431 1467 500 1531 Ὅτε
521 1471 647 1551 περὶτῶν
665 1473 736 1534 κατδι
749 1473 795 1540 rt<
811 1473 911 1554 προτά-
955 1472 1036 1540 οὕτως
1050 1473 1118 1547 iius,
1134 1479 1178 1531 νῦν
1195 1473 1269 1532 ἔσται
1285 1472 1406 1555 φανεράν,
1420 1472 1483 1532 ὅταν
1499 1476 1589 1555 δειχθῇ
1602 1484 1654 1544 πᾶς
1668 1478 1738 1556 γινά-

125 1584 180 1629 σεις
207 1564 384 1643 ἀντιστροφῶν
403 1565 517 1620 ε’ποιεῒτο
541 1563 587 1622 τὸν
607 1561 701 1641 λύγον,
719 1560 821 1629 δεικνὺς
844 1561 911 1629 τίνες
956 1587 1032 1640 μενος
1048 1561 1091 1621 διὰ
1102 1561 1201 1621 τούτων
1213 1562 1283 1630 τινὸς
1291 1567 1343 1622 τῶν
1359 1562 1516 1642 σχημάτων.

124 1649 194 1708 τίσιν
210 1650 420 1732 ἀντιστρέφουσι,
440 1649 477 1726 μὴ
501 1650 623 1730 ἀντιστρέ
643 1673 680 1709 ειν
699 1649 747 1728 μέν
761 1653 842 1730 ἑαυτῇ
860 1649 909 1720 τὴν
996 1651 1184 1731 (Aristoteles
1200 1652 1317 1729 Analyt.
1332 1652 1424 1729 prior.
1441 1650 1494 1710 lib.
1511 1650 1524 1707 l
1543 1672 1606 1730 cap.
1619 1655 1656 1710 οδ
1672 1673 1739 1732 pag.

122 1737 237 1796 καθόλου
251 1736 417 1818 ἀποφατικην
430 1739 605 1817 ἐνδεχομένην
621 1674 710 1812 illrum
732 1737 871 1820 ὑπερέθετο
883 1735 911 1796 δὲ
956 1748 993 1808 40
1007 1738 1038 1800 b.
1059 1761 1091 1812 17
1109 1739 1156 1800 ed.
1173 1739 1295 1800 Bellen.
1313 1739 1445 1818 Scriptus
1459 1740 1577 1815 ignotus
1588 1742 1667 1820 apud
1680 1743 1743 1801 hle-

121 1825 170 1894 τλν
179 1826 268 1886 αἰτίαν
280 1826 426 1886 ἀποδώσειν
438 1825 556 1908 ὕστερον,
567 1833 613 1886 νῦν
622 1826 650 1886 δὲ
658 1827 798 1888 δείκνυσιν.
841 1825 910 1907 Πιρὶ
954 1847 1021 1885 nam
1032 1833 1109 1906 προθ.
1126 1828 1163 1886 ad
1181 1827 1283 1886 Galeni
1300 1827 1438 1902 isagogen
1452 1847 1483 1904 p.
1498 1849 1554 1886 νστ.
1569 1827 1643 1908 παρδι
1657 1835 1741 1889 ταῦτα

122 1915 198 1985 ποίοις
212 1915 240 1975 δὲ
255 1916 522 1996 ἀντιστροφῆςλέγει,
535 1917 653 1989 ἐδήλωσε
662 1917 843 1998 παραθέμενος
852 1915 910 1984 τοὺς
954 1915 1002 1991 μὲν
1016 1905 1060 1973 ούν
1075 1913 1162 1993 ἕτερον
1177 1919 1270 1994 σχῆμα
1283 1915 1403 1991 γενέσθαι
1419 1914 1614 1992 συλλογιστικὸν
1637 1915 1740 1973 ἀδύνα-

122 2005 209 2086 ὅρους·
224 2004 285 2086 περὶ
300 2005 353 2086 γάρ
364 2009 410 2078 τῆς
435 2005 504 2064 κατδι
527 2006 576 2079 τὴν
592 2007 750 2086 ὑπαλλαγὴν
761 2011 813 2065 τῶν
829 2007 908 2086 ὅρων,
956 2027 1000 2062 τον
1011 2001 1081 2072 ἔδοξε
1091 2005 1129 2084 τῷ
1137 2025 1166 2060 τε
1177 2002 1351 2082 Ἀριστοτέλει
1365 2001 1411 2060 καλ
1422 2002 1545 2083 τοῖςπερὶ
1558 2001 1645 2062 αὐτόν.
1668 2004 1741 2064 Ἀδύ-

123 2099 152 2156 οὐ
166 2095 228 2176 περὶ
243 2100 291 2168 τῆς
306 2098 342 2163 εἷς
356 2096 411 2174 ,τὴν
427 2097 578 2177 κατάφασιν
605 2097 791 2179 μεταλήψεως·
807 2096 908 2168 ἐκείνην
958 2116 1036 2151 νατον
1049 2091 1099 2172 γθιρ
1109 2091 1155 2150 καὶ
1170 2091 1253 2162 ἀλλην
1268 2090 1327 2149 τινδι
1344 2089 1435 2168 σχέσιν
1449 2089 1523 2170 παρδι
1538 2089 1584 2158 τάς
1599 2089 1740 2172 εἰρημένας

122 2183 174 2264 γάρ
198 2183 376 2266 ἀντιστρέφιιν
404 2184 501 2244 κεῖται.
546 2184 716 2266 Θεόφραστος
744 2186 834 2264 μέντοι
864 2185 910 2243 καθ
955 2183 981 2240 έν
1004 2180 1090 2261 τρισὶν
1106 2180 1173 2259 δροις
1190 2178 1234 2237 τὸν
1250 2179 1328 2257 μέσον
1344 2177 1403 2259 δρον
1418 2178 1483 2257 πρὸς
1497 2178 1556 2245 τοὺς
1568 2180 1620 2238 ,δύο
1641 2203 1738 2238 συντα-

123 2273 258 2352 Εύδημος,
281 2278 317 2340 ὡς
331 2275 390 2332 κατ’
406 2271 491 2352 ἀρχάς
512 2274 762 2354 ἐμνημονεύσαμεν,
775 2273 910 2350 ἀντιστρέ-
954 2273 1050 2349 χθῆναι
1061 2267 1119 2334 τοθς
1132 2267 1235 2346 ἄκρους.
1279 2267 1448 2348 Θεόφραστος
1458 2265 1485 2324 δὲ
1500 2267 1544 2326 καὶ
1559 2265 1682 2343 Εὔδημος
1695 2267 1742 2326 καί

122 2387 179 2444 φειν
194 2363 258 2444 φασὶ
273 2361 321 2422 καθ
335 2361 384 2434 τὴν
401 2364 513 2421 καθόλου
530 2362 696 2445 ἀποφατικήν
716 2365 798 2444 αθτῇ,
819 2356 909 2440 ὥσπερ
953 2380 1025 2423 τινας
1039 2355 1127 2436 ἑτέρας
1151 2354 1273 2431 συζυγίας
1293 2354 1368 2434 παρὰ
1382 2352 1430 2420 τδις
1454 2353 1601 2422 ἐκτεθεθσας
1615 2357 1653 2433 τῷ
1675 2352 1743 2433 ’Apr-

123 2451 281 2532 ἀντέστρεφε
295 2450 341 2509 καὶ
355 2453 372 2522 ἡ
387 2449 545 2530 ὑπάρχουσα
562 2450 674 2510 καθόλου
690 2449 844 2532 ἀποφατικὴ
863 2447 909 2506 καθ
955 2442 1072 2502 scortis
1086 2442 1288 2524 προστεθείκασι
1300 2445 1338 2522 τῷ
1348 2442 1447 2522 πρώτῳ
1461 2441 1590 2521 σχήματι,
1601 2441 1631 2508 ἃς
1642 2439 1688 2498 καὶ
1700 2441 1743 2499 τέ·

123 2539 267 2618 ἀναγκαία.
309 2535 376 2599 Ὅτι
405 2538 432 2598 δὲ
447 2538 623 2619 ἀντιστρέφει,
639 2537 799 2598 δεικνύουσιν
814 2535 907 2602 οὕτως.
953 2535 1191 2612 ταρτονάιιοτελεῖν
1207 2536 1302 2611 σχῆμα
1313 2533 1365 2590 τῶν
1375 2529 1510 2610 νεωτέρων
1526 2527 1650 2610 ᾠήθησάν
1661 2552 1740 2604 τινες,

123 2631 154 2688 Εἰ
168 2627 199 2687 τδ
214 2628 238 2686 α’
249 2625 383 2706 ἐνδέχεται
396 2631 434 2708 τῷ
452 2626 475 2706 β’
492 2628 669 2702 perimituri
686 2627 714 2686 δὲ
731 2625 867 2706 ἐνδέχεται
877 2622 908 2682 τὸ
955 2622 990 2686 ὡς
1004 2620 1067 2701 πρὸς
1081 2619 1186 2700 πατέρα
1200 2619 1248 2692 τὴν
1263 2619 1338 2689 δόξαν
1354 2617 1399 2678 τὸν
1421 2616 1741 2699 Γαληνὸνάναφέροντες.

123 2716 147 2776 α’
160 2719 198 2796 τῷ
214 2715 238 2794 β’
253 2715 355 2790 μηδενί,
371 2715 413 2775 ὅτε
429 2713 562 2795 ἐνδέχεται
575 2713 679 2792 μηδενί,
695 2713 754 2774 τύτι
768 2713 907 2793 ἐνδέχεται
953 2708 997 2769 Cf.
1009 2708 1119 2772 Prantl.
1137 2711 1158 2772 l.
1172 2729 1197 2767 c.
1215 2730 1244 2788 p.
1256 2710 1347 2788 572.)

123 2806 285 2884 ἀπεζεύχθαι
297 2805 327 2863 rh
345 2804 370 2863 α’
384 2805 489 2863 πάντων
512 2807 563 2862 τῶν
579 2808 624 2862 τοῦ
643 2801 678 2884 β’.
723 2806 757 2864 Εἰ
772 2805 799 2863 δὲ
819 2809 908 2876 τοῦτο,

154 3031 207 3077 ¹07.
225 3026 338 3076 Primum
351 3027 428 3089 igitur
439 3025 621 3076 ostendendum
634 3027 685 3085 est,
703 3026 845 3090 contingens
857 3027 910 3092 pri-
954 3027 986 3078 dc
1000 3028 1068 3078 omni
1087 3027 1227 3079 clenniuo
1239 3025 1425 3091 predicabitur.
1442 3026 1555 3090 Namque
1572 3023 1593 3073 A
1609 3021 1702 3072 bonum
1713 3019 1743 3072 'si

121 3118 236 3168 illitum
251 3129 302 3176 non
317 3115 437 3167 converti.
955 3120 1106 3184 predicetur
1118 3119 1150 3170 do
1162 3119 1229 3168 omni
1240 3120 1259 3168 B
1269 3119 1351 3181 iusto,
1366 3119 1395 3166 ut
1408 3117 1441 3166 sit
1457 3130 1529 3168 omns
1540 3116 1638 3180 justum
1650 3114 1742 3164 bonum

154 3209 208 3254 108.
225 3205 283 3253 Jam
295 3217 355 3254 vcro
373 3203 539 3268 syllogismos,
558 3204 603 3269 qui
624 3203 651 3254 in
673 3203 712 3255 his
729 3204 815 3270 figuris
829 3207 908 3265 nunt,
956 3211 1006 3269 est,
1023 3212 1043 3260 B
1060 3223 1121 3259 vero
1139 3209 1237 3272 justum
1254 3207 1275 3257 si
1292 3206 1323 3257 de
1336 3206 1354 3257 o
1367 3205 1518 3272 predicetur
1532 3204 1639 3263 virtute,
1663 3202 1743 3253 utsii

119 3306 166 3357 per
180 3291 335 3356 syllogismos
353 3291 506 3342 universales
520 3292 606 3356 primas
626 3293 713 3356 ligurus
731 3293 909 3356 pertimuisti
955 3295 1035 3346 omnis
1046 3295 1128 3346 virtus
1137 3295 1234 3359 justum
1261 3297 1312 3352 est,
1330 3293 1469 3344 necessario
1490 3291 1742 3342 concluditurcrtro-

118 3382 168 3432 hos
189 3381 277 3431 referri
297 3395 328 3430 er
349 3380 476 3445 predictis
495 3385 600 3431 constat.
621 3381 727 3432 Omnino
746 3385 831 3431 autem
850 3395 909 3432 can·
955 3383 1086 3434 mitatibus
1099 3381 1285 3434 adseinvicom
1298 3380 1454 3446 proculcatis,
1471 3379 1498 3430 id
1512 3383 1563 3438 est,
1582 3381 1639 3430 Aet
1661 3380 1695 3438 o,
1712 3383 1742 3428 ut

119 3470 181 3520 dom
197 3483 251 3520 usse
272 3469 394 3519 rationem
411 3469 522 3518 omnium
545 3470 758 3534 syllogismorum,
776 3483 842 3520 nuuc
861 3470 910 3520 etii
956 3471 988 3520 sit
1000 3470 1080 3520 omnis
1090 3470 1171 3520 virtus
1184 3469 1278 3520 honum
1287 3472 1333 3520 cst.
1348 3471 1412 3520 Sunt
1425 3467 1502 3532 igitur
1511 3467 1587 3531 hujus
1597 3466 1665 3517 modi
1681 3479 1741 3531 pro-

118 3559 293 3624 perspicuum,
319 3572 399 3622 quum
417 3571 515 3606 omnem
534 3557 705 3622 syllogismum
729 3559 756 3608 in
779 3558 862 3624 siqua
880 3573 910 3608 ex
955 3559 1088 3623 positiones
1099 3561 1175 3623 atque
1189 3557 1327 3617 conclusio,
1349 3557 1405 3608 siA
1421 3556 1528 3606 inomni
1544 3555 1666 3616 Bluerit,
1681 3557 1740 3606 ctll

118 3647 162 3699 his
174 3647 261 3710 liguris
277 3645 365 3696 confici
377 3645 576 3697 demonstratum
589 3645 674 3698 luerit.
955 3645 981 3696 iu
996 3646 1062 3696 omni
1082 3647 1100 3698 0
1118 3645 1207 3706 luerit,
1221 3645 1375 3696 Aterminus
1392 3643 1424 3694 de
1437 3643 1537 3694 omuiti
1554 3643 1738 3709 predicabitur,

155 3741 207 3788 tul.
225 3739 257 3786 At
270 3750 331 3786 roro
345 3749 502 3801 unaquoque
515 3736 605 3786 harum
617 3737 695 3786 trium
711 3737 847 3801 figurarum
863 3738 911 3788 ha·
955 3733 982 3784 id
995 3737 1033 3785 cst
1044 3747 1121 3785 ornus
1128 3735 1233 3797 Justum
1244 3735 1340 3784 bonum
1356 3735 1402 3794 est,
1412 3735 1494 3782 omuts
1505 3733 1588 3781 uirtus
1597 3732 1674 3792 justu
1692 3734 1740 3782 est.

120 3827 164 3876 het
181 3823 228 3876 snb
241 3838 269 3876 se
281 3825 366 3889 plures
384 3824 584 3890 syllogismorum
605 3825 703 3884 modos,
724 3829 753 3874 ui
772 3825 840 3876 modi
862 3825 909 3875 sub
955 3827 981 3877 et
995 3825 1119 3876 conclusio
1138 3828 1221 3876 omnis
1239 3827 1324 3887 icitur
1337 3826 1423 3875 uirtus
1435 3823 1531 3872 bouum
1545 3823 1590 3870 cst.
1606 3823 1639 3870 Et
1650 3820 1691 3870 hie
1703 3825 1743 3872 est

121 3914 208 3979 liguris
222 3913 258 3964 ita
269 3913 333 3972 sint,
349 3915 378 3963 ut
394 3915 453 3963 sunt
467 3913 561 3980 species
579 3913 626 3964 sub
640 3914 691 3964 suis
704 3913 844 3977 generibus.
859 3917 911 3964 llo-
954 3915 1042 3978 primus
1052 3915 1138 3978 figuris
1153 3913 1243 3963 modus
1255 3912 1359 3977 primus.

121 4006 164 4055 liet
179 4003 244 4054 enim
259 4003 338 4068 prima
350 4002 428 4067 figure
447 4002 494 4053 sub
513 4017 540 4053 se
555 4001 687 4054 Aristotele
704 4005 806 4054 auctore
823 4003 911 4053 modos
987 4002 1121 4052 secundus
1136 4015 1196 4051 vcro
1216 4000 1306 4050 modus
1319 3999 1406 4064 primos
1423 3997 1510 4062 liguros
1527 3999 1578 4056 est,
1592 3997 1691 4061 quoties
1710 4011 1742 4048 eu

120 4097 237 4160 quatuor,
268 4093 312 4144 sesi
334 4093 518 4157 Theophrastus
540 4092 580 4143 vol
603 4092 736 4143 Eudemus
760 4105 835 4156 super
865 4093 911 4142 hos
955 4091 1035 4156 prima
1046 4089 1181 4140 universali
1194 4089 1309 4152 negativa
1321 4089 1347 4138 et
1357 4085 1465 4138 secunda
1477 4085 1613 4136 universali
1627 4085 1740 4136 sisinna-

120 4185 229 4247 qustuor
253 4181 365 4246 quinque
386 4181 447 4231 alios
467 4181 554 4232 modos
572 4181 669 4231 addunt
686 4181 817 4232 Aristotele
836 4180 910 4232 dante
954 4180 1007 4231 tiva
1018 4178 1142 4229 conclusio
1154 4177 1287 4228 universali
1298 4175 1428 4240 negatione
1442 4175 1574 4239 colligitur.
1589 4173 1616 4226 si
1626 4173 1692 4225 euim
1707 4175 1741 4224 sit

120 4271 270 4336 principium
282 4271 308 4320 in
322 4269 430 4320 meando
447 4270 560 4334 priorum
574 4271 759 4335 Anolyticorum
771 4271 907 4331 volumine,
955 4266 1093 4324 Amalum,
1107 4267 1128 4316 B
1140 4265 1276 4324 honum,0
1294 4265 1404 4329 justum,
1424 4265 1444 4313 A
1456 4262 1579 4314 terminus
1593 4261 1625 4312 do
1643 4263 1741 4312 nulioB

120 4359 189 4425 quod
212 4359 301 4409 melius
320 4357 479 4423 postmodum
495 4359 668 4423 explicabitur.
689 4359 803 4410 Secunda
829 4359 908 4423 figura
956 4355 1061 4406 termino
1072 4353 1261 4418 praedicahitur3
1277 4352 1375 4402 nullum
1393 4351 1460 4402 eninr
1472 4351 1564 4402 honum
1580 4349 1675 4400 malum
1689 4349 1739 4406 est,

119 4447 197 4498 habet
210 4447 258 4497 sub
272 4459 298 4498 se
310 4451 419 4512 quatuor
429 4445 528 4505 modos,
540 4447 614 4497 tertia
628 4461 688 4496 vero
702 4450 803 4498 auclore
813 4447 910 4498 Aristo-
956 4447 975 4496 B
986 4458 1046 4496 vero
1058 4444 1179 4494 terminus
1191 4442 1223 4493 (lc
1234 4442 1301 4492 ornni
1315 4442 1333 4493 o
1346 4441 1453 4491 termino
1465 4439 1655 4505 predicabitum
1669 4451 1742 4489 omne

121 4538 171 4588 tels
185 4551 242 4596 sex,
254 4535 351 4586 addunt
362 4536 438 4586 eliam
454 4535 497 4586 alii
511 4550 601 4595 uuum,
615 4535 744 4600 sicutipse
756 4537 910 4602 Porphyrius
956 4535 1021 4585 enim
1037 4533 1133 4598 justum
1154 4531 1248 4582 honum
1263 4532 1315 4593 est;
1333 4541 1412 4594 quare
1436 4527 1568 4590 colligitur,
1586 4525 1683 4576 nullum
1698 4525 1742 4588 ju-

120 4626 262 4690 supcriores
280 4625 375 4676 scilicet
398 4638 519 4689 sequens,
541 4628 567 4675 et
585 4623 714 4689 quoniam,
730 4627 759 4674 ut
784 4627 910 4690 superiore
956 4626 1023 4674 sium
1041 4622 1136 4672 mulum
1151 4621 1202 4679 est,
1218 4621 1244 4669 el
1257 4620 1296 4670 est
1311 4618 1359 4668 hoc
1379 4615 1454 4667 modo
1473 4631 1480 4665 s
1501 4614 1524 4664 si
1540 4613 1695 4663 Aterruinus
1709 4610 1742 4662 dc
1772 4648 1780 4658 .

121 4715 186 4765 libro
204 4713 301 4764 dictiun
320 4716 373 4772 cst,
391 4712 447 4763 aliae
461 4712 640 4778 propositiones
658 4712 817 4764 oiiinnativae
836 4717 907 4772 sunt,
955 4711 1054 4760 nulloB
1068 4707 1174 4758 termino
1185 4705 1343 4771 predicatur,
1356 4707 1376 4754 B
1388 4717 1448 4754 vero
1464 4700 1585 4752 terminus
1597 4699 1629 4750 de
1640 4697 1740 4750 omuiti

121 4805 178 4855 alias
200 4804 336 4867 negativo,
360 4803 493 4854 ethorum
512 4804 567 4854 alio
585 4803 752 4864 universales,
771 4804 826 4855 alius
849 4817 910 4854 vero
955 4801 1031 4850 fuerit
1042 4798 1199 4864 predicatus,
1216 4795 1369 4846 Atcnuinus
1389 4793 1421 4844 dc
1434 4793 1503 4843 nullo
1521 4787 1737 4856 Gpraedioabitur,

123 4891 300 4960 particulares,
321 4892 460 4943 secundum
478 4905 520 4943 cos
534 4892 601 4956 ipsas
615 4893 794 4957 propositiones
812 4891 910 4956 syllogi-
955 4891 984 4938 ut
998 4891 1037 4938 est
1049 4888 1154 4938 nulium
1165 4885 1260 4936 bouum
1271 4884 1371 4936 muium
1381 4887 1433 4945 cst,
1444 4877 1740 4942 omncjustumlonum

121 4994 234 5030 sororum
249 4979 468 5044 conclusionesque
478 4980 625 5044 junguntur.
642 4983 755 5045 Namque
774 4981 861 5044 primus
878 4978 909 5028 sr-
955 4979 1011 5032 est.
1027 4976 1132 5026 nultum
1146 4972 1342 5038 iotturjustum
1358 4971 1462 5021 matum
1476 4972 1521 5021 cst.

120 5081 190 5132 gurao
201 5071 305 5132 primus
317 5067 406 5119 modus
425 5071 463 5118 cst
476 5067 521 5132 qui
533 5067 563 5118 fit
583 5083 614 5120 ex
634 5068 733 5119 duabus
762 5067 909 5118 universali·
988 5067 1094 5117 Tertius
1119 5077 1179 5114 reru
1200 5060 1290 5113 modus
1310 5059 1398 5125 primo
1422 5058 1509 5122 figure
1525 5056 1576 5115 est,
1592 5052 1691 5121 quoties
1710 5067 1742 5106 cx

121 5158 172 5208 lius
186 5157 355 5216 astumatiris,
369 5157 536 5207 universalem
553 5157 732 5208 aitinnativarn
744 5157 868 5221 colligens.
884 5156 910 5208 Si
956 5153 1090 5204 universali
1103 5149 1251 5202 affirmativa
1267 5151 1293 5200 et
1303 5145 1446 5213 particulari
1458 5142 1609 5196 affirmativa
1629 5141 1742 5210 particu-

121 5248 188 5298 enim
201 5248 277 5299 tuerit
297 5249 317 5297 A
332 5246 492 5298 terminusiu
507 5246 575 5298 omni
589 5249 610 5296 B
624 5247 741 5305 termino,
757 5246 844 5296 cisiis
858 5247 910 5296 ter·
961 5241 1022 5293 laris
1044 5239 1196 5292 affimativa
1217 5237 1350 5308 colligitur.
1368 5239 1430 5288 llam
1448 5233 1469 5286 si
1488 5235 1508 5286 A
1526 5233 1608 5286 virtus
1627 5231 1659 5284 dc
1675 5231 1742 5284 omni

121 5333 207 5387 minus
217 5334 249 5386 de
260 5333 326 5387 omni
339 5335 358 5388 o
372 5333 478 5386 tennim
489 5333 566 5386 fuerit
578 5333 739 5400 predicatus,
755 5333 776 5384 A
788 5331 909 5384 terminus
955 5334 990 5393 B,
1011 5330 1038 5384 isi
1051 5333 1089 5382 est
1107 5330 1182 5394 hono,
1196 5322 1357 5396 prodicetur,
1372 5327 1398 5378 ct
1408 5327 1429 5378 B
1439 5324 1532 5379 bouum
1543 5321 1575 5376 dc
1586 5321 1695 5390 ιγιιοάιιιιι
1709 5321 1738 5382 o,
