3882 5954
206 331 267 393 466

207 463 254 521 οὐκ
271 461 403 538 ἀναγκαῖα
420 459 485 536 μίν,
510 458 603 542 αἱρετὰ
622 459 649 519 δέ
669 463 729 519 καθ’
748 459 828 520 tanat
844 463 889 520 καὶ
905 460 986 534 ἡδέα·

208 549 278 628 λέγω
296 549 322 607 δέ
340 552 472 627 ἀναγκαῖα
488 547 553 621 μέν,
570 538 607 606 ὧν
630 549 711 628 χωρίς
735 549 763 607 οὗ
780 549 889 607 δύναται
908 571 989 607 συνι-

210 640 303 700 στάναι
318 638 335 709 ἢ
352 639 381 696 τδ
402 627 468 705 εἶδος
482 637 541 696 καθ’
557 639 639 697 δ’λουι
656 638 688 696 τὸ
704 639 880 717 ἀνθρώπινον,
901 637 990 720 ὥσπερ

207 732 222 786 δ
237 729 339 805 γάμος,
352 727 370 797 ἢ
384 731 413 784 τὸ
427 729 543 803 ἄτομον,
558 725 650 806 ὥσπερ
664 726 761 808 τρορή,
777 727 880 799 ἄνεσις,
894 727 989 801 ὕπνος,

208 819 252 874 καὶ
267 818 300 875 τό
315 822 441 874 τοιαῦτα·
457 817 504 874 οὐκ
530 820 662 889 ἀναγκαῖα
686 817 734 888 δέ,
751 817 842 894 αίριτίι
862 820 906 876 καὶ
925 818 990 888 ἡδέα

207 905 241 961 δι’
252 905 352 978 ίαυτά,
372 905 402 962 οὐ
419 903 461 962 διδ
477 903 526 976 τήν
541 902 669 964 σύστασιν
684 909 729 963 τοῦ
743 903 897 982 ἀνθρώπου,
910 909 990 964 πλοῦ·

207 1015 267 1069 τος,
283 991 363 1068 τιμή,
377 992 456 1065 νίκη,
476 992 521 1051 καί
540 993 574 1050 τδι
592 1001 716 1054 τοιαῦτα·
739 993 878 1070 συμδαένιι
898 999 942 1054 καὶ
963 997 990 1055 ίν

207 1082 363 1162 ἀμφοτέροις
378 1083 468 1153 ἡδέσιν
479 1081 625 1161 δπιρδολδς
637 1074 723 1156 εἶναι,
740 1081 784 1140 καί
800 1084 826 1141 iu
842 1091 895 1150 τοῖς
908 1085 990 1163 ἀναγ-

206 1173 290 1235 καίοις
307 1169 352 1228 καλ
369 1171 396 1228 έν
412 1177 464 1236 τοῖς
480 1171 513 1228 δι’
530 1169 611 1229 έαυτά
626 1175 757 1250 ἀίριτοῑς,
769 1169 830 1230 όταν
849 1195 887 1240 τις
901 1173 989 1240 αὐτοῖς

206 1257 340 1338 χρήσιμαι
355 1257 434 1317 πλέον
449 1256 538 1332 ήδιῑ,
554 1259 599 1318 καί
612 1264 627 1319 θ
640 1262 714 1340 ὀρθὸς
728 1260 828 1320 atisin
842 1262 917 1341 λόγος
940 1264 987 1320 αὖ·

206 1347 260 1414 τοῖς
273 1345 437 1426 χρήσασθαι.

246 1433 306 1495 *Ὁ
318 1427 365 1512 μέν
374 1425 418 1494 οίίν
430 1435 538 1517 πρδςτδ
548 1435 612 1509 ἡδέα
625 1435 798 1518 θπιρόάλλων
808 1437 842 1498 τδ
857 1437 895 1517 μή
911 1439 990 1517 ἀναγ-

206 1529 271 1582 καῖα
292 1524 322 1582 οὐ
343 1523 448 1602 λέγεται
471 1524 562 1594 ἁπλῶς
576 1525 657 1604 χωρίς
678 1525 830 1605 προσθήκης
854 1525 985 1606 ἀκρατής,

209 1613 278 1670 illl
295 1612 413 1694 ἀκρατής
429 1613 521 1686 δόξης,
537 1612 554 1686 ή
571 1613 690 1694 ἀκρατὴς
704 1615 834 1686 πλούτου,
849 1616 885 1682 ὡς
906 1614 992 1692 ίτιρος

206 1699 243 1760 ὢν
263 1699 361 1762 ίκιίνου
376 1706 422 1762 τοῦ
440 1703 534 1783 κυρίως
551 1701 597 1762 καί
612 1703 702 1770 ἁπλῶς
721 1705 869 1782 ἀκρατοῦς,
894 1706 991 1780 ἀνομα-

207 1790 314 1866 ζόμενος
329 1791 356 1849 δέ
369 1791 486 1870 ἀκρατής
507 1791 550 1850 διά
566 1814 624 1849 τινα
643 1790 708 1870 πρδς
722 1792 819 1850 ίκιῖνον
834 1790 991 1866 ὁμοιότητα·

207 1880 328 1959 καθάπερ
344 1879 461 1959 διαφέρει
484 1879 650 1959 θάνθροιπος
662 1882 676 1937 ὁ
686 1877 719 1937 τδι
731 1877 869 1954 Ὀλύμπια
890 1903 991 1952 νενικη·

207 1964 280 2052 ιιιδις.ί
291 1973 335 2026 τοῦ
346 1967 438 2033 ἁπλῶς
448 1965 601 2046 ἀνθρώπου·
611 1968 656 2026 καί
667 1966 718 2046 γδρ
731 1970 755 2024 ei
769 1969 815 2026 καλ
829 1967 921 2048 μικρόν
933 1971 989 2026 ἐστι

206 2055 237 2114 τδ
253 2055 376 2135 διάρορον
399 2058 504 2130 αὐτῶν,
518 2057 577 2115 ἀλλ’
592 2055 665 2136 ὅμως
689 2055 819 2137 διαφέροι,
840 2057 887 2117 καλ
907 2056 992 2138 ίτιρός

208 2145 263 2202 loct
278 2144 320 2204 διδ
335 2145 382 2216 τὴν
400 2145 562 2223 προσθήκην.

249 2229 279 2267 *³
295 2232 359 2293 Ὅτι
373 2233 400 2292 δέ
416 2235 537 2314 διάφορός
552 2237 642 2294 ἐστινο
655 2237 672 2305 ή
687 2233 747 2315 περὶ
760 2231 794 2292 ria
808 2233 846 2312 μή
862 2235 993 2315 ἀναγκαῖα

210 2321 275 2393 ἡδέα
291 2322 406 2402 ἀκρασία
421 2326 467 2394 τῆς
490 2323 633 2399 ἀκρασίας,
652 2324 730 2393 δῆλον
747 2321 793 2381 καί
816 2323 867 2380 ἀπὸ
884 2329 930 2382 τοῦ
945 2325 992 2396 τήν

209 2407 257 2484 μίν
280 2411 410 2488 ἀκρασίαν
426 2412 517 2478 ἁπλῶς
530 2411 671 2494 ψέγισθαι,
699 2411 744 2470 καί
761 2411 846 2469 δοκεῖν
861 2413 890 2470 οὐ
914 2411 992 2488 μόνον

209 2499 356 2579 ἁμαρτίαν,
378 2500 447 2558 citit
470 2501 516 2559 καὶ
536 2502 651 2572 κακίαν,
667 2499 684 2570 ἢ
707 2499 815 2578 κυρίως,
831 2499 848 2570 ή
864 2501 932 2558 κατά
949 2523 992 2576 τι,

207 2589 255 2662 τὴν
276 2589 303 2649 δί
320 2589 387 2666 μιτδ
402 2592 552 2668 προσθήκης
568 2590 698 2668 ἀκρασίαν
713 2593 743 2648 οὐ
756 2591 881 2671 ψέγεσθαι
895 2593 930 2657 ὡς
946 2614 991 2648 κα-

208 2682 281 2738 κίαν·
301 2682 323 2740 οἱ
339 2679 387 2752 μέν
399 2671 442 2738 οὖν
454 2680 514 2758 περὶ
531 2679 564 2738 ria
580 2678 617 2755 μή
632 2681 761 2757 ἀναγκαῖα
776 2678 841 2749 ἡδέα
855 2679 992 2759 ιἰπερόάλ·

210 2773 299 2836 λονττς
314 2773 437 2847 ἀκρατιῖς
451 2769 572 2846 λέγονται
588 2767 655 2846 μετδ
669 2767 830 2848 προσθήκης.

247 2856 292 2893 ***
307 2859 343 2918 Οί
358 2856 385 2915 δέ
395 2857 455 2934 περὶ
466 2857 513 2924 τδς
527 2857 672 2934 ἀναγκαίας
680 2857 725 2916 καί
736 2853 888 2933 σοιματικδς
897 2855 992 2928 ἡδονδς

209 2945 434 3026 δπιρόάλλοντες,
449 2946 478 3006 οίι
493 2945 623 3026 κρίνοντος
635 2947 680 3005 καί
695 2945 879 3022 συντιθιμένοο
889 2952 934 3006 τοῦ
948 2945 993 3004 λό·

209 3059 271 3111 γσυ,
293 3034 362 3093 ἀλλὰ
379 3034 588 3108 ἀνθισταμένου,
611 3035 656 3093 καί
672 3034 718 3102 τδς
736 3033 783 3112 μέν
799 3033 893 3108 niort<
913 3040 992 3110 ὑπερ-

209 3121 359 3188 όαλλόντως
380 3120 528 3194 διώκοντες,
543 3123 605 3203 περί
626 3120 656 3190 ἀς
679 3120 778 3202 ἔφαμεν
795 3109 863 3179 ιίναι
878 3121 922 3180 τὸν
938 3119 990 3179 σώ·

208 3233 289 3291 ρρονα
315 3209 360 3268 καὶ
382 3209 425 3268 τδν
447 3210 607 3282 ἀκόλαστον,
629 3209 677 3276 τδις
697 3208 725 3269 tt
749 3209 834 3276 λόπας
857 3206 993 3289 φεύγοντες

104 3351 108 3354 .
136 3293 321 3368 ...Mi
338 3303 484 3379 προσῆκον,
508 3289 561 3358 οἷον
580 3297 690 3374 πείνης,
712 3299 806 3378 δίήής,
828 3299 872 3358 καὶ
896 3298 991 3370 ἀλέας,

209 3389 254 3448 καί
268 3385 383 3467 ψύχους,
400 3386 445 3444 καὶ
460 3387 567 3444 πάντων
589 3389 640 3445 τῶν
656 3385 717 3464 περί
737 3385 806 3467 ἀρήν
822 3389 867 3446 καί
884 3391 991 3466 γεῦσιν,

208 3477 234 3536 oi
260 3479 373 3534 τοιοῦτοι
394 3478 517 3556 ἀκρατιῖς
536 3474 673 3554 λέγονται,
689 3477 718 3534 οὐ
735 3475 803 3554 perir
826 3477 991 3556 προσθήκης,

208 3563 277 3624 atili
293 3561 393 3628 ἁπλῶς.

247 3649 312 3686 *²⁸³⁴*
321 3652 408 3720 Δῆλον
421 3647 448 3708 δέ
459 3650 503 3708 καί
513 3648 566 3708 tet
576 3656 621 3709 τοῦ
632 3649 792 3720 ἀκολάστους
802 3649 924 3732 λέγεσθαι
934 3651 993 3720 τοὺς

207 3739 269 3818 cripi
284 3729 371 3798 rar'uru¹
383 3737 612 3817 δπιρόάλλσντας,
625 3737 684 3806 noir<
696 3739 723 3798 δέ
738 3741 799 3822 περί
811 3740 845 3800 τὰ
861 3740 898 3818 μή
914 3745 991 3819 ἀναγ·

208 3837 273 3890 καῑα
287 3828 353 3899 ἡδέα
367 3827 599 3907 δπιρόόλλοντας,
619 3829 749 3907 οὐδαμῶς.

247 3917 327 3954 *Ψ*
344 3914 409 3978 Ὅτι
423 3917 474 3997 γδρ
488 3916 549 3998 ampl
563 3916 611 3985 τὰς
628 3917 708 3986 αδτδς
729 3917 884 3996 σωματικὰς
898 3916 993 3990 ἡδονὰς

208 4007 348 4086 συμόαίνιι
362 3999 428 4065 εἶναι
442 4008 485 4066 τὸν
499 4005 620 4087 σώφρονα
640 4007 686 4066 καί
707 4008 832 4089 ἐγκρατῆ,
847 4007 892 4068 καί
905 4007 949 4066 τὸν
963 4009 992 4064 ἀ-

207 4097 291 4174 κρατῆ
306 4093 351 4152 καλ
367 4094 522 4170 ἀκόλαστον,
534 4097 569 4160 εἰς
583 4096 677 4154 ταύτὸν
690 4095 794 4174 τίθεμεν
810 4095 853 4156 τδν
868 4095 990 4178 σώφρονα

206 4186 244 4263 τῷ
263 4183 399 4259 ίγκρατεῑ,
410 4181 455 4240 καί
468 4184 512 4241 τδν
527 4185 673 4243 ἀκόλαστον
689 4190 727 4265 τῷ
738 4189 856 4266 ἀκρατεῖ.

248 4269 343 4306 ******
359 4273 391 4329 Εἰ
405 4269 450 4329 καλ
465 4273 515 4350 οὐχ
530 4273 624 4348 ὁμοίως
645 4273 735 4353 έχουσι
752 4274 818 4354 πρὸς
831 4273 927 4343 ταότας
944 4273 992 4342 τδις

829 325 1041 388 ANDRONICI
1062 328 1197 390 tttloutt

1038 467 1086 518 alia
1106 482 1155 518 nou
1171 467 1309 520 necessaria
1325 468 1389 526 siut.
1410 465 1454 518 sed
1472 480 1517 534 per
1534 481 1562 519 se
1583 469 1721 535 expetenda
1737 475 1763 524 et
1783 472 1831 536 ju-

1037 556 1117 608 cunda
1138 576 1144 606 ι
1166 558 1303 608 necessaria
1324 561 1444 608 autema
1465 571 1505 608 me
1518 557 1644 618 dicuutur,
1660 559 1714 612 sine
1732 561 1830 626 quibus

1037 651 1151 698 constare
1164 646 1203 699 vel
1216 646 1316 698 omuino
1331 647 1425 712 species
1440 647 1549 698 humana
1562 649 1661 714 nequit,
1678 657 1708 702 ut
1721 652 1827 717 nuptiae.

1038 737 1076 786 vel
1090 737 1178 802 singuli
1196 737 1323 796 homines,
1341 741 1369 788 ut
1387 737 1468 796 οἰΙιοι,
1486 739 1610 798 remissio,
1624 747 1763 793 somnuset
1779 742 1829 793 alia

1037 826 1091 890 ejus
1101 825 1213 891 generis:
1233 820 1281 877 no'u
1299 827 1438 878 necessaria
1453 831 1552 887 eutem.
1572 843 1630 894 quas
1649 844 1693 895 per
1706 845 1733 882 ne
1748 845 1830 896 expe·

1039 915 1112 966 tenda
1125 919 1184 966 sunt
1195 921 1221 967 et
1232 915 1360 980 jucunda,
1374 915 1470 968 nonita
1487 921 1583 980 tamen,
1597 923 1626 969 ut
1637 919 1690 970 sine
1703 919 1735 971 iis
1752 921 1830 970 horno

1038 1009 1145 1070 nequeat
1160 1009 1289 1065 constare,
1310 1006 1421 1068 divitior,
1434 1007 1522 1068 honor,
1536 1007 1641 1058 victoria
1655 1013 1680 1058 et
1701 1009 1828 1074 ejusmodi

1037 1093 1109 1144 alia:
1132 1095 1172 1154 tit,
1189 1099 1217 1144 ut
1243 1095 1269 1145 iu
1293 1099 1398 1162 utroque
1413 1095 1580 1161 jucundorum
1601 1110 1690 1160 genere
1709 1097 1829 1163 quasdam

1037 1185 1087 1234 sint
1097 1183 1188 1243 nimia,
1203 1188 1254 1235 tarn
1266 1185 1291 1235 iu
1312 1187 1343 1236 iis
1359 1201 1418 1252 quea
1436 1187 1574 1236 necessaria
1588 1190 1661 1244 sunt,
1674 1199 1752 1252 quam
1769 1200 1829 1252 qnae

1036 1287 1080 1339 per
1101 1287 1128 1324 se
1145 1276 1204 1324 snut
1234 1275 1386 1340 expetenda,
1415 1275 1516 1341 quaudo
1540 1275 1631 1340 aliquis
1649 1275 1729 1340 magis
1749 1289 1828 1340 quam

1036 1367 1149 1430 oportet,
1166 1369 1210 1416 aut
1222 1379 1299 1430 quam
1320 1369 1390 1416 recta
1403 1365 1468 1415 ratio
1489 1365 1613 1430 praecipit,
1627 1364 1658 1415 iis
1671 1363 1763 1414 utitur.

1068 1454 1117 1514 Qut
1133 1467 1192 1520 ergo
1203 1453 1229 1505 in
1247 1455 1323 1506 rebus
1334 1454 1452 1519 jucundis
1469 1467 1554 1505 eorum
1569 1467 1627 1519 qum
1643 1467 1693 1504 non
1711 1467 1830 1506 noemm-

1038 1541 1074 1592 ria
1094 1545 1153 1593 sunt
1173 1542 1275 1594 modum
1293 1541 1405 1602 excedit.
1422 1557 1471 1594 non
1486 1542 1633 1608 αἰπολίοισι
1644 1543 1698 1594 sine
1711 1541 1765 1592 ulla
1781 1541 1829 1592 ad·

1036 1630 1142 1695 lectione
1154 1631 1308 1683 incontinens
1325 1635 1437 1692 vocatur.
1454 1632 1498 1683 sed
1510 1635 1554 1683 aut
1563 1631 1648 1696 glorice
1662 1630 1828 1688 incontinens,

1037 1725 1081 1770 aut
1096 1735 1189 1786 opum,
1203 1725 1323 1786 tauquam
1343 1707 1460 1772 diversus
1470 1721 1500 1772 ab
1518 1735 1548 1772 eo
1563 1721 1607 1786 qui
1621 1719 1715 1786 proprie
1732 1724 1759 1772 et
1775 1721 1828 1770 ab·

1037 1809 1118 1861 solute
1134 1809 1289 1862 incontinens
1305 1809 1451 1875 appellatur,
1471 1814 1501 1860 ut
1518 1809 1562 1874 qui
1579 1812 1676 1860 tautum
1695 1808 1727 1858 ob
1740 1821 1829 1881 quau-

1036 1897 1095 1950 dam
1109 1913 1166 1950 oum
1186 1913 1216 1950 eo
1230 1899 1419 1950 similitudinem
1434 1899 1470 1949 ita
1482 1899 1624 1949 nominetur
1642 1897 1725 1948 :sicut
1740 1894 1829 1946 ‹lillert

1037 1989 1112 2040 homo
1127 1989 1299 2055 Olympiorum
1321 1989 1401 2040 victor
1421 1989 1452 2040 ab
1474 2003 1503 2040 eo
1518 1989 1562 2054 qui
1582 1987 1730 2052 simpliciter
1751 1986 1829 2036 homo

1037 2081 1075 2128 est
1091 2097 1097 2127 :
1115 2077 1233 2142 quamvis
1245 2077 1310 2127 enim
1326 2091 1402 2142 parra
1417 2077 1450 2127 sit
1462 2089 1549 2127 eorum
1569 2075 1726 2132 differentia.
1741 2073 1828 2124 diflert

1038 2170 1121 2218 tamen
1133 2166 1297 2231 diversusque
1310 2167 1342 2218 ab
1357 2180 1387 2216 eo
1395 2169 1433 2217 est
1452 2169 1553 2231 propior
1566 2165 1634 2215 illam
1653 2163 1826 2228 adjectionem.

1070 2251 1178 2304 Diiterre
1189 2257 1272 2304 eutem
1285 2251 1501 2312 incontinentiam,
1516 2267 1572 2318 (γοα
1585 2251 1611 2302 in
1624 2252 1700 2303 rebus
1709 2253 1828 2316 jucundis

1039 2325 1064 2374 et
1078 2335 1125 2372 non
1140 2321 1285 2372 necessariis
1298 2321 1415 2378 cernitur.
1430 2322 1463 2372 ab
1476 2321 1519 2370 illa
1538 2320 1617 2370 altera
1637 2320 1825 2372 incontinentia.

1040 2390 1078 2441 vel
1097 2403 1127 2438 ex
1140 2403 1169 2440 eo
1188 2393 1298 2453 apparet,
1316 2387 1384 2452 quod
1402 2401 1459 2452 qum
1474 2387 1588 2438 absolute
1608 2387 1702 2438 dicitur
1719 2387 1829 2437 inconti-

1040 2458 1122 2506 nentia
1136 2458 1299 2520 vituperatur,
1319 2469 1399 2520 neque
1422 2461 1550 2520 peecatum
1570 2455 1727 2512 natumsed
1749 2457 1828 2506 etiam

1039 2525 1128 2574 vitium
1149 2525 1228 2574 videri
1242 2524 1315 2580 solet,
1334 2524 1386 2573 sive
1403 2523 1514 2588 proprie,
1531 2521 1585 2574 sive
1605 2524 1711 2588 alicujus
1729 2523 1765 2572 rel
1781 2537 1828 2572 re-

1039 2596 1134 2656 spectu,
1149 2592 1226 2642 altera
1248 2605 1315 2644 uero.
1331 2591 1371 2640 eui
1386 2591 1482 2656 aliquid
1493 2590 1621 2654 adjicitur,
1636 2605 1683 2640 non
1703 2590 1831 2653 uitupera-

1040 2665 1081 2710 tnr
1100 2665 1128 2710 ut
1142 2659 1231 2710 vitium
1248 2660 1308 2723 :qui
1323 2671 1382 2721 ergo
1400 2659 1424 2708 iu
1446 2657 1522 2708 rebus
1537 2659 1611 2709 simul
1621 2657 1739 2722 juetrnclis
1751 2659 1831 2709 simam

1038 2741 1087 2780 uon
1100 2729 1244 2778 necessariis
1262 2727 1364 2777 modum
1379 2729 1524 2785 transeunt,
1543 2725 1629 2777 addita
1649 2727 1699 2776 alia
1709 2739 1770 2776 vooe
1783 2726 1830 2776 in·

1037 2796 1191 2846 continentes
1206 2799 1335 2845 vocantur.

1068 2884 1117 2944 Qut
1139 2897 1198 2934 vero
1225 2881 1371 2934 necessariis
1398 2881 1509 2948 corporis
1542 2880 1716 2947 voluptatibus
1749 2894 1831 2946 supra

1037 2983 1140 3036 modum
1159 2997 1186 3035 se
1198 2983 1308 3043 dedunt,
1323 2981 1400 3048 idque
1417 2983 1470 3034 sine
1485 2981 1594 3052 judicio,
1610 2985 1678 3032 certe
1695 2995 1744 3031 uon
1762 2993 1827 3032 οοιι-

1038 3082 1172 3140 scntieute‚
1187 3080 1231 3132 sed
1246 3080 1395 3132 adversante
1406 3079 1517 3142 ratione,
1528 3093 1622 3145 easque
1630 3078 1775 3142 voluptates
1786 3091 1832 3127 ve·

1037 3182 1166 3233 hementer
1183 3181 1321 3244 appetunt,
1337 3177 1363 3228 in
1383 3177 1477 3242 quibus
1496 3178 1676 3240 temperantem
1691 3177 1716 3224 et
1734 3173 1832 3224 intern-

1039 3281 1167 3344 perantem
1190 3275 1422 3346 remanebimus,
1451 3274 1550 3326 dolores
1568 3289 1627 3326 vero
1645 3273 1725 3337 magis
1745 3273 1831 3324 ritant

1037 3391 1114 3442 quam
1129 3379 1238 3442 oportet.
1258 3379 1287 3426 ul
1299 3373 1387 3434 famis,
1401 3373 1469 3433 sitin,
1490 3377 1583 3434 matus,
1596 3371 1694 3435 trigoris
1704 3371 1832 3422 omnium-

1037 3489 1087 3542 que
1101 3475 1197 3541 quein
1214 3477 1283 3526 tactu
1299 3477 1325 3525 et
1342 3477 1418 3538 gustu
1438 3475 1582 3532 cernuntur,
1603 3471 1630 3522 hi
1648 3471 1701 3522 sine
1715 3470 1768 3522 ullo
1779 3472 1829 3521 acl-

1037 3573 1175 3625 ditameuto
1191 3571 1389 3638 simpliciterque
1401 3569 1583 3621 incontinentes
1597 3568 1763 3634 appellantur.

1069 3661 1149 3727 idque
1164 3663 1204 3712 vel
1220 3676 1250 3713 en
1265 3676 1295 3712 eo
1313 3660 1468 3724 intelligitur,
1483 3659 1552 3725 quod
1566 3659 1650 3724 quiin
1665 3659 1706 3709 his
1723 3657 1831 3710 modum

1032 3751 1173 3811 excedunt.
1194 3751 1386 3815 intemperantes
1398 3749 1566 3811 nominantur,
1580 3747 1626 3814 qui
1640 3747 1665 3798 in
1682 3747 1758 3800 rebus
1771 3753 1828 3798 tum

1036 3841 1151 3908 jucundis
1166 3843 1221 3890 tum
1231 3854 1280 3890 uon
1294 3839 1453 3898 necessariis.
1465 3839 1575 3890 minium.

1069 3931 1132 3990 Quia
1149 3930 1214 3980 enim
1231 3929 1256 3979 in
1275 3929 1362 3980 iisdem
1376 3927 1487 3995 corporis
1498 3926 1668 3992 voluptatibus
1683 3929 1829 3989 temperan-

1039 3997 1129 4044 temet
1148 3993 1329 4050 coutinentem,
1355 3993 1415 4044 item
1440 3989 1634 4041 incontinentem
1656 3995 1679 4040 et
1698 3989 1827 4051 intempe-

1037 4068 1133 4116 rantem
1155 4064 1250 4115 versari
1271 4063 1399 4122 convenit,
1423 4061 1509 4113 eoclcm
1532 4061 1587 4113 looo
1607 4061 1779 4134 temperantem
1794 4063 1825 4109 et

1037 4127 1290 4202 coutinentem‚ltem
1308 4126 1514 4190 intemperantem
1529 4128 1555 4175 et
1573 4123 1761 4175 incontinentem
1772 4133 1827 4185 po-

1037 4204 1126 4240 nunus.

1069 4278 1190 4341 Quamvis
1216 4292 1266 4330 nou
1287 4278 1373 4331 eodem
1401 4277 1476 4328 morlo
1497 4277 1522 4328 in
1541 4277 1581 4328 tris
1601 4275 1773 4341 voluptatibus
1801 4289 1831 4328 se

207 4357 332 4435 ήδονάς·θ
343 4357 390 4436 μέν
400 4359 451 4440 γὰρ
462 4361 606 4428 ἀκόλαστος
616 4361 821 4442 προαιρούμενος
831 4361 874 4422 ἐπί
883 4363 930 4436 τὴν
939 4365 993 4422 ἐπι·
1037 4368 1146 4420 habeant
1158 4389 1165 4420 ι
1179 4367 1294 4419 consulto
1309 4368 1375 4420 euim
1387 4367 1419 4420 acl
1439 4365 1600 4432 cupiditatem
1612 4364 1694 4416 lectur
1703 4364 1831 4429 intempe-

207 4447 304 4526 θυμίαν
315 4447 431 4528 φέρεται,
445 4451 459 4507 ὁ
472 4445 499 4506 δέ
514 4449 631 4529 ἀκρατής
645 4451 683 4526 μή
695 4451 909 4530 προαιρούμενος,
922 4451 990 4511 ἀλλά
1036 4471 1110 4516 rans,
1125 4457 1266 4508 inconsulto
1284 4460 1383 4514 autem,
1399 4455 1549 4506 adversante
1567 4457 1637 4504 recta
1654 4453 1764 4512 ratione,
1786 4453 1830 4503 in-

206 4545 252 4598 τοῢ
267 4539 343 4616 ὀρθοῦ
366 4537 444 4610 λόγου
466 4537 672 4610 ἀνθισταμένου·
695 4540 738 4600 τὸν
756 4539 803 4616 μὲν
825 4529 868 4599 οὖν
888 4544 990 4620 ἀκρατῆ
1036 4545 1165 4598 continens
1178 4565 1183 4596 ι
1197 4549 1281 4596 tanuen
1294 4545 1380 4598 eodem
1397 4545 1451 4595 loco
1466 4557 1523 4596 cum
1543 4543 1727 4607 intemperante
1744 4541 1832 4592 innon-

206 4629 244 4707 τῷ
257 4627 398 4706 ἀκολάστῳ
412 4627 447 4694 εἰς
463 4625 559 4685 ταύτόν
572 4626 692 4704 τίθεμεν,
707 4629 751 4687 καὶ
766 4631 805 4708 τῷ
819 4627 931 4709 σώφρονι
946 4631 991 4688 τὸν
1037 4633 1117 4684 tineus
1138 4635 1165 4684 et
1187 4647 1244 4684 eum
1267 4637 1421 4704 temperante
1442 4632 1570 4684 continens
1590 4644 1605 4680 a
1623 4629 1695 4680 uobis
1715 4629 1830 4694 ponitur,

206 4717 337 4793 ίγκρατῆ,
351 4716 394 4773 καὶ
410 4715 470 4795 περὶ
485 4715 518 4774 τδ
532 4716 600 4774 αάτδ
614 4716 725 4796 λέγομεν
740 4715 834 4786 αάτσδς
850 4709 933 4790 εἶναι,
947 4718 991 4778 τὸν
1038 4737 1130 4789 eosque
1141 4723 1237 4775 versari
1252 4723 1278 4773 iu
1288 4722 1376 4774 iisdem
1388 4721 1503 4780 dicimus,
1515 4721 1560 4786 qui
1573 4733 1634 4770 vero
1644 4717 1669 4769 in
1680 4718 1832 4784 aliisiisqne

207 4804 234 4863 δέ
251 4804 311 4882 περὶ
331 4804 377 4870 τὰς
399 4805 481 4870 ἀλλος
504 4805 599 4876 ήδονδις
614 4805 661 4872 circ
677 4809 714 4882 μὴ
736 4806 883 4884 ἀναγκαίας
904 4808 986 4886 ἀκρα·
1037 4827 1085 4864 nou
1101 4813 1248 4866 necessariis
1264 4811 1435 4878 uoluptatibus
1449 4810 1631 4862 incontinenter
1643 4822 1670 4860 se
1686 4809 1765 4872 gerit.
1780 4823 1831 4860 nou

207 4894 258 4960 τῶς
272 4891 381 4971 έχοντα,
397 4894 528 4969 οὐδαμῶς.
546 4894 577 4953 tlt
595 4894 622 4953 δέ
639 4895 684 4954 καί
706 4895 812 4976 περὶτὰ
832 4895 900 4955 αὐτό
920 4899 989 4956 ἐστιν
1035 4901 1104 4954 item.
1123 4902 1178 4956 Etsi
1190 4905 1276 4954 autem
1293 4901 1319 4953 iu
1339 4901 1427 4954 lisdem
1439 4915 1497 4952 cum
1513 4899 1695 4964 intemperante
1708 4897 1833 4963 volupta-

239 5129 250 5155 “
268 5131 331 5186 Τοὺς
344 5129 388 5192 μὶν
402 5131 513 5196 olimpii
526 5137 669 5183 ταῦτακαὶ..
687 5159 719 5170 -·
737 5133 764 5162 *¹
779 5135 883 5196 Σημεῖον
897 5131 922 5182 δὲ
934 5135 987 5183 κτλ.
1003 5157 1034 5168 -
1051 5135 1091 5162 ''⁴''
1102 5135 1157 5184 Τῶν
1171 5133 1198 5181 δὲ
1209 5135 1264 5199 περὶ
1276 5135 1320 5190 τὰς
1335 5133 1476 5197 σωματικὰς
1490 5134 1546 5182 κτλ.
1561 5153 1594 5167 -·
1608 5131 1661 5160 aas*
1675 5131 1787 5191 Σημιῑον
1801 5128 1833 5178 δέ

206 5201 259 5251 κτλ.
268 5225 299 5235 -
310 5199 378 5228 *m*
389 5202 436 5250 Καὶ
448 5201 489 5250 διὰ
498 5206 572 5252 τοῦτο
588 5205 642 5252 κτλ.
656 5227 688 5238 -
701 5203 785 5231 ******
800 5205 831 5252 ot
843 5205 864 5252 δ’
875 5203 923 5252 eloi
932 5204 976 5267 μλν
988 5204 1045 5270 περὶ
1056 5203 1144 5258 ταύτά,
1158 5203 1212 5253 κτλ.
