3976 5948
254 413 314 472 tel
983 411 1145 476 NUMENH

252 546 352 624 peltes
363 543 417 605 ὅσοι
433 545 521 606 πλεῖον
535 543 627 608 istst>
597 549 758 623 ττιχνικὸν
771 547 896 626 ὤφθησαν
909 543 1059 625 μικρολό-
1079 543 1191 622 ἐάσομεν
1218 545 1295 612 αὐτὸν
1318 546 1359 627 ἐφ’
1386 549 1479 607 ἑαυτοῦ
1504 552 1551 606 νῦν
1576 538 1642 606 εἶναι
1670 551 1862 631 Πυθαγόρειον.

251 658 303 713 per.
317 633 399 694 Atrei
417 634 463 716 γὰρ
469 626 587 694 662
549 657 607 700 τους
615 635 717 714 δτιρους
725 627 876 714 θπιρθαλλ
863 591 1058 713 όμτνοιτῇττΙ
1078 632 1169 700 Ως
1138 657 1185 692 νυν
1199 633 1533 716 μανιαιυτιρον,δΠινθιι
1545 659 1596 698 τινι
1607 660 1743 718 προοηκε
1757 638 1859 700 διελκό-

251 723 545 804 πολυπραγμοσύνηἸ
504 725 786 834 τοιςτιοκαριφιομοῑς
792 720 957 799 ⁶,6rrertpmr
971 729 1033 781 erte-
1078 744 1153 799 μινυς
1164 723 1263 802 πάσχει
1280 721 1328 800 pto
1341 722 1409 783 κατδ
1425 725 1493 802 μιλη
1501 769 1511 798 ,
1528 723 1630 793 θλωςδ
1644 724 1671 794 δξ
1686 725 1747 786 όλου
1764 729 1861 784 ἕαυτ”
1830 749 1861 784 ου

251 835 306 872 τον.
322 811 547 886 Πολυμέντοι
503 835 601 872 τουτων
609 835 735 894 προτερον
747 808 832 870 ταυτδ
840 809 936 871 ἔπαθον
950 811 1032 870 nissi
1078 809 1244 887 pesariensi
1265 835 1294 871 τι
1318 812 1364 872 καλ
1384 813 1614 890 άντιμιτοτίθιται
1638 813 1770 891 οὐδαμῶς.
1813 815 1863 881 Ὦς

252 900 623 982 Σωκράτους,άφελκόοαντις
638 899 828 981 διαφόρους
789 923 849 966 τους
862 899 962 976 λόγους·
979 901 1032 981 ἰδίφ
1076 893 1120 958 οὗν
1143 899 1209 980 ἀνὴρ
1225 897 1342 970 μεοεόων
1370 900 1526 982 Πυθαγόρου
1551 900 1596 960 καλ
1615 901 1791 982 Σωκράτους,
1813 909 1861 962 τοῦ

252 989 352 1070 μὲνἈρ
355 990 504 1064 όοτιππος,1
506 987 549 1072 δόορ
496 987 608 1050 66’66
606 991 771 1062 Αντιοθένης·
787 989 833 1048 καλ
846 990 1032 1071 άλλαχοῦίδόφ
1078 988 1126 1065 μὲν
1140 985 1263 1064 τδοιμνδ
1264 1011 1276 1046 ν
1293 985 1436 1068 ὑπαγαγὼν
1451 987 1531 1068 μέχρι
1545 1010 1590 1047 του
1577 989 1798 1070 “φιλανθρο’νπυο·
1814 996 1862 1051 τοῦ

251 1081 275 1136 ot
291 1080 437 1157 Μεγαρικοί
450 1101 479 1137 τι
493 1079 539 1138 καλ
551 1077 601 1158 'Ep
604 1101 647 1158 ιτρ
651 1077 701 1138 rant
704 1075 773 1155 ,ἢεῖ
788 1099 856 1143 τινος
870 1076 946 1135 ἄλλοι
963 1049 1032 1153 μττδ
1077 1075 1104 1134 66
1120 1074 1150 1133 τδ
1165 1075 1266 1156 κομψὸν
1288 1079 1366 1135 τοῦτο
1389 1075 1436 1134 καὶ
1460 1079 1622 1154 παιγνιῆμον
1643 1075 1784 1160 άναγαγιλν
1806 1079 1862 1137 ἀπὸ

250 1165 359 1226 τούτων.
374 1165 499 1226 Αἷέτιονδ
503 1100 647 1246 ,ότιτρεῖςρ
652 1165 1032 1246 θιοθςτιθεμάνουΣωκράτους
1076 1167 1122 1235 τῆς
1147 1161 1279 1242 ιῖροινι(ος
1304 1164 1340 1229 ⁸6<
1355 1161 1459 1242 ἀξίωμα
1477 1163 1623 1242 νολόγκον,
1637 1166 1683 1224 κοιλ
1704 1169 1768 1227 αὒτδ
1780 1173 1861 1228 τοῦτο

250 1279 296 1314 και
286 1253 555 1338 φιλοσοφοῦντος’
527 1263 613 1322 αυτοῖς
629 1256 708 1314 δν
667 1279 720 1323 τοις
734 1279 755 1314 π
757 1253 911 1336 ροοόκουσιν
928 1255 1032 1338 ἑκάστῳ
1076 1249 1188 1328 κεράσας
1210 1250 1347 1327 Σωκράτει
1364 1250 1541 1331 Πυθαγόραν,
1559 1275 1605 1312 του
1589 1253 1667 1330 pte
1683 1255 1863 1332 δημοτικώτε-

249 1345 386 1453 ρφθμοῗς,
379 1347 402 1403 nt
419 1343 659 1412 διακουοανττς
614 1368 691 1404 τουτο
707 1279 771 1421 μὲνρ
769 1347 817 1451 ἡγν
819 1341 1018 1424 όουν,ᾤοντοδ
1004 1315 1031 1405 66
1079 1361 1131 1417 ρος,
1145 1361 1190 1397 τοο
1174 1337 1228 1398 66
1242 1341 1396 1418 οιμνότιρος
1415 1338 1502 1420 ὤφθη.
1547 1341 1616 1402 Ἀλλ’
1626 1365 1656 1402 ου
1644 1343 1722 1424 ’γάρ
1737 1367 1765 1402 τι
1774 1367 1861 1402 ταυτα

249 1433 334 1511 λέγειν
349 1431 436 1490 πάντα
453 1433 529 1492 αὐτὸν
547 1436 621 1512 εἰκῇ,
638 1431 683 1490 καλ
699 1433 801 1492 άπὸ
768 1456 815 1503 της
828 1429 942 1502 νικώσης
962 1433 1032 1492 este
1077 1425 1218 1500 διαιτήοων
1231 1417 1327 1500 ἦλθον,
1348 1427 1386 1506 μὴ
1403 1427 1463 1508 impl
1482 1427 1581 1487 τούτων
1593 1427 1674 1502 οὔσης
1687 1455 1734 1490 νον
1751 1455 1798 1509 μοι
1813 1437 1861 1504 τῆς

250 1523 402 1602 προοτνχιῗις
415 1519 509 1580 άλλοτι
522 1519 604 1594 άλλης
618 1521 797 1600 τύχης,όπως
813 1519 898 1580 πνέοι.
964 1523 1032 1582 06
1004 1514 1217 1588 δζητόοεως.
1257 1513 1289 1574 Ἃ
1304 1515 1331 1572 66
1346 1513 1537 1596 τροθδάδοκτο,
1553 1509 1637 1576 καλεῖ
1613 1520 1777 1595 εμιὲκιῖοι,
1793 1519 1812 1591 6
1827 1521 1860 1593 δὴ

251 1608 365 1668 Πλάτων
381 1607 580 1688 Πυθαγορθοας,
595 1609 671 1688 (666
682 1608 709 1668 66
722 1610 767 1670 τὸν
785 1609 931 1688 Σωκράτην
948 1611 1032 1688 μηδα-
1061 1605 1185 1684 φροῦδος
1200 1605 1361 1686 θναδριιμιιν
1373 1605 1440 1664 δοκι)
1466 1628 1526 1682 μοι,
1543 1607 1580 1684 μὴ
1595 1609 1641 1666 καί
1664 1630 1714 1667 που
1729 1611 1863 1691 ἀποκρου-

250 1698 327 1772 μόθον
349 1694 367 1767 6
389 1699 486 1756 ἐκεῖθεν
507 1705 589 1758 ταῦτα
616 1697 660 1756 καλ
683 1703 792 1758 τοιαῦτα
804 1701 917 1758 ἐἰπεῖν
933 1721 961 1757 τε
986 1702 1031 1760 καὶ
1076 1695 1224 1770 οθιῗομιν”
1191 1717 1238 1766 της
1254 1695 1361 1753 οδοῧ
1328 1717 1376 1765 νης
1389 1694 1530 1776 φοοννοης·
1585 1695 1743 1774 Πολέμωνος
1759 1696 1788 1758 66
1803 1695 1865 1775 1γὲ-

248 1784 343 1895 γνόγτα
357 1783 522 1864 εἰρηκόναι,)
538 1776 647 1844 6606
662 1785 707 1843 καλ
723 1784 801 1853 αὖτδς
821 1785 983 1858 συνεδήοατο
997 1787 1030 1846 si
1076 1804 1149 1840 νοντο
1163 1783 1291 1863 γνώριμοι
1309 1782 1475 1864 Ἀρκιοόλοος
1499 1783 1545 1842 νοῖ
1569 1784 1672 1856 Ζήνων
1697 1785 1779 1845 πάλον
1807 1786 1862 1900 Υὲρ

250 1872 414 1952 πράγματα,
437 1869 496 1932 οὔτε
517 1873 661 1942 εἰωθότως,
690 1871 749 1931 οὔτε
775 1875 811 1940 el<
836 1874 866 1932 τδ
882 1873 1028 1955 φανερόνδ.
1076 1870 1163 1927 αὗτῶν
1188 1871 1374 1948 μνησθήσομαι
1397 1871 1441 1930 ist
1462 1869 1543 1932 πόλει.
1596 1871 1708 1945 Ζήνωνα
1735 1865 1842 1950 66³
1810 1897 1858 1932 ουν

249 1959 389 2040 διαγαγὼν
404 1959 431 2019 66
448 1960 612 2036 δκαοταότη
629 1961 762 2039 δνόμιζιν,
780 1964 873 2038 ἐπικρυ
858 1962 989 2042 υψάμενος
1004 1963 1031 2020 ἐν
1076 1957 1223 2072 ιιέμνημαι
1231 1957 1312 2018 εἰπὼν
1333 1957 1512 2039 Ξενοκράτει,
1529 1949 1585 2019 εἶτα
1599 1959 1627 2020 66
1644 1961 1785 2036 Πολέμωνι
1802 1983 1863 2038 φοι-

251 2047 323 2128 μέσῳ
339 2055 384 2108 τοῦ
404 2051 470 2122 δῆλα
492 2041 560 2108 εἶναι
581 2049 627 2108 καλ
652 2049 689 2127 μὴ
722 2050 804 2123 δῆλα,
829 2051 955 2131 ἀσφαλῶς
981 2050 1030 2128 μὲν
1075 2068 1173 2123 τηοαι,
1189 2037 1261 2114 αὖθις
1281 2045 1308 2104 66
1329 2047 1403 2126 παρδ
1432 2047 1552 2125 Κράτητι
1580 2047 1803 2109 sceleratiori
1828 2048 1860 2108 66

250 2133 397 2246 εγράψφτσ,
420 2137 496 2205 αὐτὸς
521 2137 549 2198 δὲ
563 2136 649 2196 αἰτίαν
670 2162 708 2198 πα
712 2135 840 2217 6peps⁸¹
807 2161 855 2211 της
875 2161 926 2214 μετ
927 2138 1029 2198 ἀὐτὸν
1076 2137 1147 2212 αὗτῳ
1128 2091 1320 2212 Ι’λςλογόσθυο,
1337 2135 1377 2197 ὅτι
1391 2136 1437 2195 καλ
1459 2135 1614 2204 Στίλπωνός
1636 2159 1666 2196 τε
1682 2135 1797 2216 μετέσχε
1811 2137 1863 2195 καλ

249 2223 364 2292 σταοεως
374 2249 402 2284 τε
417 2225 474 2302 ἅμα
489 2225 533 2285 καλ
548 2226 701 2298 διολκῆς”
666 2249 719 2285 των
734 2225 888 2304 δογμάτων,
900 2230 930 2286 οὖ
945 2227 1031 2307 φθόνῳ
1074 2225 1126 2280 τῶν
1145 2222 1277 2300 λόγων
1242 2245 1293 2282 των
1308 2220 1525 2303 ἫΗρακλειτείων
1578 2223 1656 2284 ’Erret
1670 2225 1720 2304 γδρ
1735 2247 1860 2305 συμφοι-

248 2310 313 2388 μόν,
334 2313 434 2390 οὖδίγτ
450 2313 563 2392 tortole-
579 2313 682 2371 ἀλλΗ
657 2336 685 2373 66
702 2311 832 2392 βούλομαι
853 2311 897 2370 ἕπλ
918 2312 1030 2390 ἀνδράσι
1075 2311 1170 2377 τῶντις
1196 2309 1271 2390 παρὰ
1296 2311 1440 2388 Πολέμωνι
1465 2311 1689 2391 ἐφιλοτιμήθησαν
1714 2311 1861 2390 ἀλλήλοις,

221 2398 432 2486 ρεοὸυτόροις
444 2401 523 2462 circem
535 2399 682 2482 ῥήματα
657 2424 704 2460 ουκ
719 2400 857 2478 θναόοιμα.
901 2403 988 2460 Τοῦτο
1002 2399 1030 2460 66
1075 2423 1184 2480 ουμπορ
1185 2399 1280 2459 ἔλαθον
1304 2402 1340 2466 εἰς
1353 2397 1400 2470 τλν
1424 2398 1488 2478 πρὸς
1476 2399 1641 2472 ςάλλήλους
1663 2401 1763 2480 μάχην,
1779 2406 1794 2460 ὁ
1809 2402 1863 2477 μὲν

247 2494 299 2572 χρὴ
327 2488 396 2569 μοθό
397 2512 459 2556 ντας
480 2494 550 2567 ἡμᾶς
574 2491 720 2598 ἐπενεγκεῖν
746 2491 832 2549 ἐκεῖσε
855 2490 956 2566 μᾶλλον
981 2489 1029 2562 τὴν
1074 2488 1247 2598 Ἡράκλειτον
1262 2487 1308 2547 καλ
1332 2488 1494 2566 Στίλπωνα,
1516 2485 1574 2566 spe
1590 2489 1636 2548 καλ
1662 2481 1841 2569 Κράτητα,’
1819 2509 1861 2548 οιν

246 2579 374 2658 γνώμην,
390 2578 463 2638 καὶ
445 2601 534 2658 ωσπερ
550 2575 612 2647 ἐξά
615 2582 680 2659 ρχῆς
702 2580 768 2650 spot
771 2577 885 2654 θ,όμιθα
906 2599 965 2657 χωρ
968 2531 1029 2646 όζεόν
1075 2576 1124 2634 υπὸ
1149 2576 1196 2654 μὲν
1219 2575 1370 2644 Στίλπωνος
1385 2574 1487 2654 ἐγένετο
1507 2576 1645 2657 μαχητής,
1660 2575 1711 2637 ast
1725 2579 1753 2638 66
1768 2577 1863 2659 Ἥρα-

247 2667 347 2726 αὐτδν’
354 2664 543 2746 Αριστοτέλους
557 2665 603 2724 καὶ
620 2665 756 2736 Ζήνωνος,
771 2665 841 2724 οὕτω
861 2665 948 2724 set
920 2689 965 2724 νυν
981 2669 1029 2737 τῆς
1073 2663 1176 2723 κλιίτου
1200 2663 1344 2744 αὐστηρός,
1371 2663 1483 2732 Κυνικδς
1507 2664 1534 2723 66
1558 2665 1609 2724 ὑπὸ
1634 2666 1785 2743 Κράτητος·
1804 2667 1857 2723 δδ

247 2755 423 2832 Ἀκαδημίας,
448 2754 492 2812 tis
522 2759 536 2813 ὁ
565 2753 620 2820 θεὸς
644 2753 836 2828 άντιλάόηται,
863 2753 1085 2834 χωρίζοντες,’
1084 2751 1239 2832 λρκτοάλαος
1264 2753 1435 2832 Θεόφραστον
1469 2751 1540 2832 ἴσχει
1565 2752 1610 2812 καλ
1642 2754 1786 2834 Κράντορα
1813 2753 1862 2820 τδρ

246 2973 301 3022 aliis
313 2971 395 3022 adhuc
408 2971 448 3022 alii
462 2973 551 3022 Stoice
560 2970 719 3036 philosophis
731 2970 892 3022 studiosiores
901 2974 957 3022 siut.
973 2975 1027 3030 Qun
1050 2962 1052 2972 '
1072 2970 1142 3022 initio
1157 2971 1310 3036 propositum
1323 2976 1385 3033 erut,
1405 2985 1464 3026 eum
1479 2973 1510 3025 ab
1528 2973 1659 3026 Aristotele
1675 2978 1701 3026 et
1713 2977 1812 3025 zenone
1824 2989 1864 3026 se

246 3062 270 3111 iu
283 3075 371 3124 genere
385 3059 539 3113 molestiores
555 3061 639 3120 inere,
658 3059 701 3123 qui
717 3059 821 3110 subtiles
838 3060 936 3111 dicendi
947 3060 1027 3112 artiss-
1070 3062 1181 3124 iungere,
1194 3062 1230 3112 sic
1243 3074 1300 3112 eurn
1312 3074 1377 3112 nunc
1386 3059 1418 3111 ah
1432 3061 1485 3125 ipsa
1499 3076 1598 3127 quoque
1608 3061 1749 3124 Academia,
1764 3063 1863 3114 sidens

246 3163 287 3200 ces
300 3150 450 3202 videbantur.
484 3150 517 3201 iii
532 3147 597 3200 enlm
609 3153 639 3198 nt
650 3147 793 3200 curiositate
813 3154 918 3200 costerus
938 3163 968 3200 ac
982 3149 1028 3200 du·
1072 3149 1149 3210 juvet,
1170 3153 1324 3212 segregantes
1345 3162 1388 3214 per
1402 3163 1430 3200 se
1444 3149 1627 3214 Pythagoreum
1646 3163 1702 3202 osse
1720 3151 1858 3214 patiemur.

245 3240 317 3289 metis
326 3240 377 3290 suis
386 3238 542 3302 superabant,
560 3237 594 3288 ita
604 3237 635 3288 ad
650 3237 877 3301 reprehendendum
891 3238 1028 3303 paratiores
1072 3236 1167 3300 Quippe
1179 3235 1294 3286 iuriosius
1305 3249 1385 3298 nunc,
1405 3251 1481 3302 quem
1498 3236 1633 3289 Pentheum
1645 3237 1770 3302 quendam
1782 3238 1860 3290 dece·

245 3330 322 3376 erant.
355 3326 426 3385 Quod
440 3326 521 3390 ipsum
540 3328 623 3375 tamen
644 3325 724 3375 multo
745 3329 801 3374 ante
822 3323 869 3374 ires
883 3323 975 3376 accidit
996 3324 1026 3374 iis
1072 3323 1307 3386 hat,distractuscx
1322 3325 1615 3390 memhrislahorat,sed
1628 3325 1728 3376 minime
1741 3325 1860 3378 listulas

244 3415 312 3480 quie
328 3414 433 3464 Socratis
447 3413 653 3477 disputationibus
665 3412 775 3464 diversas
785 3412 1026 3474 erueruntrstiones,
1071 3418 1189 3476 mutatur,
1202 3419 1231 3468 ut
1242 3429 1334 3468 norum
1351 3417 1399 3468 sihi
1411 3417 1533 3481 ingenium
1550 3417 1645 3472 induat.
1696 3419 1744 3471 Sed
1758 3420 1856 3484 potius,

245 3502 351 3566 separati
359 3503 489 3567 praeceptis
499 3505 556 3552 turn
567 3501 714 3566 Aristippus,
725 3503 779 3551 turn
792 3500 958 3563 Antisthenes,
971 3503 1027 3551 turn
1071 3505 1142 3568 quasi
1152 3505 1249 3558 medius
1257 3506 1323 3558 inter
1332 3504 1496 3571 Pythagoram
1512 3511 1537 3558 et
1551 3507 1695 3572 ὃοοτοθοω,
1718 3507 1779 3560 dum
1791 3507 1858 3562 illius

244 3594 302 3646 alibi
313 3597 338 3644 et
352 3592 467 3655 Megarici
483 3593 508 3643 et
521 3591 632 3653 Eretrici,
645 3595 688 3641 aut
698 3590 770 3654 siqui
785 3589 826 3640 alii
840 3603 898 3639 curn
911 3588 951 3638 his
969 3603 1027 3638 sen·
1070 3595 1216 3656 manitatem
1228 3594 1260 3645 ed
1269 3595 1445 3646 humanitatem
1458 3595 1550 3658 llectit,
1560 3595 1634 3658 hujus
1654 3596 1818 3649 testivitatem
1830 3603 1856 3649 et

244 3682 318 3733 tium.
371 3682 448 3746 tlujns
459 3680 556 3731 dissidii
570 3693 645 3731 causa
659 3679 714 3731 hec
729 3679 785 3740 init,
798 3677 864 3743 quod
886 3691 964 3740 quum
981 3679 1025 3730 So·
1068 3685 1164 3746 jocosa
1181 3684 1376 3735 dissimulatione
1394 3684 1427 3734 ad
1447 3683 1593 3748 dignitatem
1606 3685 1716 3752 aliquam
1733 3687 1855 3737 severita-

243 3773 323 3822 crates
333 3771 384 3821 tres
396 3770 456 3821 deos
468 3771 598 3829 statueret,
608 3771 684 3833 atque
701 3769 727 3818 in
738 3781 825 3819 eorum
838 3766 956 3816 honorem
975 3765 1026 3814 sin-
1071 3776 1169 3835 temque
1179 3771 1297 3834 traducit,
1308 3771 1418 3836 adeoque
1437 3785 1495 3822 cura
1508 3774 1609 3824 Socrate
1620 3774 1701 3838 iungit
1715 3774 1855 3838 miscetque

243 3860 356 3922 pulcrum
369 3859 464 3908 natura
476 3854 649 3908 convenienter
663 3853 890 3918 philosopharetur,
900 3853 1026 3904 auditores
1071 3861 1248 3924 pythagoram,
1262 3859 1378 3911 comitate
1391 3859 1620 3922 alterumalteum
1633 3862 1753 3927 gravitate
1768 3863 1855 3915 vincit.

243 3961 269 3998 re
284 3935 333 3998 hon
349 3949 477 4012 perspecta
498 3945 588 4010 partim
606 3945 699 3995 temere
717 3957 775 3994 curn
796 3941 886 4007 partim
905 3942 1024 4001 iorinnoe,
1070 3947 1198 3998 Enimvero
1211 3947 1264 3998 bac
1282 3946 1392 4009 judicare
1415 3961 1464 3998 non
1485 3949 1525 3999 est
1541 3947 1567 4000 in
1586 3948 1688 4011 animo,
1707 3961 1784 4012 quum
1807 3949 1855 4000 alia

242 4049 299 4098 quoe
316 4035 365 4086 ⁸66⁰
385 4039 497 4098 ῑοῐοοονο
514 4033 561 4084 οῙΙο
582 4037 633 4094 νοῑι
651 4035 724 4097 νοοῦν
736 4031 848 4093 νὶοῑοονν,
867 4031 928 4082 θονο
952 4045 1025 4081 usum
1070 4039 1139 4088 nobis
1150 4039 1255 4101 questio
1267 4037 1315 4089 hoc
1327 4041 1438 4102 ternpore
1458 4040 1585 4102 proposita
1605 4039 1651 4095 sit.
1690 4039 1856 4097 Quamobrem

242 4125 324 4174 omnia
337 4123 449 4188 proloqui
465 4123 646 4174 existimabant.
689 4123 720 4172 nt
736 4122 807 4172 Plato
824 4125 853 4171 ut
877 4119 1026 4184 Pythagorae
1070 4126 1101 4174 nd
1114 4126 1238 4190 inceptum
1255 4125 1337 4184 redeo,
1351 4137 1380 4174 ac
1392 4135 1426 4177 he
1447 4123 1546 4188 longius
1564 4125 1711 4177 aherrmea
1730 4128 1857 4189 preposito

244 4213 380 4262 assectator
393 4213 457 4270 eret,
477 4211 513 4260 sic
531 4213 655 4262 Socratem
669 4210 763 4260 sciebat
774 4224 823 4260 non
839 4209 939 4261 aliunde
950 4223 1026 4273 quam
1071 4214 1163 4278 ridear,
1174 4214 1232 4264 illuc
1243 4227 1307 4264 nunc
1321 4218 1452 4265 revertor..
1476 4213 1614 4266 Polemonis
1625 4213 1739 4278 discipuli
1753 4215 1854 4270 ernesi-

242 4314 273 4351 οτι
288 4299 439 4363 Pythagoreo
450 4298 492 4349 illo
504 4297 571 4348 tonte
586 4297 675 4349 hausta
690 4297 745 4348 nee
756 4311 786 4348 ac
798 4297 857 4347 talia
868 4297 949 4347 dicere
961 4297 1022 4348 soli·
1070 4304 1105 4352 las
1117 4303 1143 4353 et
1151 4305 1217 4354 zeno
1229 4303 1345 4353 luerunt:
1356 4315 1443 4352 rursus
1456 4301 1520 4352 onim
1536 4315 1578 4352 ees
1591 4302 1622 4352 ad
1633 4305 1772 4352 extremum
1786 4314 1857 4351 corn·

242 4391 296 4439 tum
314 4388 339 4438 et
352 4387 471 4438 scientem
487 4385 684 4450 prudentemque
695 4399 724 4436 ea
733 4386 843 4435 locutum
860 4397 923 4436 esse.
954 4389 1020 4444 Quo·
1070 4390 1218 4440 inemorabo.
1252 4391 1344 4454 Nempe
1359 4389 1441 4440 dicere
1463 4402 1502 4439 me
1525 4391 1579 4454 jam
1598 4390 1713 4449 memini,
1732 4391 1857 4440 zeacum

242 4479 306 4529 circe
319 4487 372 4528 rem
384 4479 462 4528 totam
472 4475 506 4526 ita
520 4475 573 4538 ipse
584 4487 683 4539 quoque
694 4475 825 4536 convolvit,
836 4477 865 4525 ut
879 4487 925 4526 nec
935 4475 1025 4526 usitate
1071 4479 1213 4531 xenocratis
1227 4478 1341 4542 primurn,
1352 4477 1442 4528 deinde
1456 4478 1595 4528 Polemonia
1612 4477 1751 4538 auditorem
1765 4477 1856 4536 luisse,

242 4578 286 4616 rnen
297 4564 425 4630 perspicue
437 4563 591 4626 loqueretur.
633 4563 903 4626 Atsingulisarhitratu
921 4577 1026 4616 suumn
1070 4573 1121 4620 tum
1142 4568 1208 4631 opud
1230 4566 1353 4617 Oratetem
1379 4566 1494 4630 cynicum
1515 4569 1608 4616 sectam
1627 4564 1776 4629 professum·
1793 4577 1857 4614 esse.

241 4655 293 4704 tarn
304 4651 430 4718 explicatis
441 4666 513 4716 quam
533 4652 681 4714 obscuratis,
692 4655 720 4702 ut
729 4651 842 4716 quaedam
859 4652 1024 4716 intelligeren-
1069 4663 1138 4710 Nunc
1150 4659 1232 4707 autem
1246 4658 1364 4720 preterea
1376 4655 1397 4705 ei
1407 4654 1550 4718 imputanda
1559 4656 1598 4704 est
1607 4657 1724 4718 percepta
1735 4653 1858 4718 Stilpouis

241 4745 291 4806 tur,
306 4739 354 4791 alie
373 4740 457 4804 ignota
473 4741 615 4802 manerent,
638 4741 712 4790 caute
726 4739 826 4803 quidem
850 4740 966 4804 scripsit,
982 4740 1026 4792 sed
1069 4751 1094 4800 et
1108 4745 1247 4798 Heraclitea
1261 4743 1423 4808 philosophia.
1457 4745 1540 4801 Quum
1552 4742 1618 4794 euim
1632 4741 1706 4794 amhn
1725 4743 1859 4796 Polemoni

240 4835 322 4884 tamen
342 4833 395 4897 ipse
406 4830 547 4894 hujusque
565 4834 620 4894 post
632 4843 688 4881 eum
705 4831 789 4882 secuta
806 4833 845 4882 est
863 4831 1023 4882 dissensionis
1069 4847 1168 4900 operam
1182 4833 1277 4890 darent,
1288 4831 1353 4894 quod
1373 4835 1459 4882 mrrtue
1477 4831 1585 4894 quadem
1596 4831 1752 4882 emulatione
1773 4831 1855 4881 duce-

241 4925 267 4973 et
278 4922 420 4986 dogmatum
436 4919 603 4970 distractionis
621 4932 721 4970 causam
734 4920 854 4984 prebuit,
871 4935 920 4970 non
931 4920 1025 4970 invidia
1069 4927 1161 4986 rentur,
1176 4935 1263 4988 pugneo
1279 4921 1359 4972 socios
1369 4921 1415 4972 sibi
1426 4921 1607 4974 siminorum
1619 4920 1781 4984 namucum,
1794 4923 1855 4972 sur.

241 5019 350 5082 quidem,
361 5021 407 5068 ant
419 5015 599 5069 malevolentis.
631 5017 762 5067 Enimvero
779 5017 839 5066 nihil
854 5017 885 5066 ds
900 5013 1024 5078 antiquio-
1070 5025 1158 5078 ponem
1180 5016 1206 5063 et
1227 5012 1352 5063 Gratetem
1369 5013 1450 5072 Zeno,
1473 5009 1516 5073 qui
1536 5009 1653 5074 stilponis
1675 5009 1856 5062 consuetudine

242 5109 311 5158 ribus
333 5107 395 5164 iilis,
417 5105 483 5169 quod
500 5107 582 5158 minas
604 5106 714 5158 tanetum
726 5118 799 5156 omen
819 5104 963 5154 habitururn
981 5104 1023 5167 sit,
1070 5113 1168 5166 pugnax
1179 5119 1186 5161 t
1198 5099 1331 5160 Heracliti,
1349 5101 1479 5160 austerum
1496 5099 1613 5161 (tratetis,
1632 5097 1740 5162 ttynieus
1755 5098 1854 5148 erasit:

242 5195 421 5245 dicerestatui.
453 5198 544 5246 veram
559 5209 605 5247 nos
614 5195 662 5246 hoc
674 5194 750 5246 semel
762 5192 859 5257 cognito
870 5193 979 5244 animum
995 5208 1025 5244 eo
1072 5190 1191 5244 Arcesilas
1212 5202 1272 5238 roro
1285 5188 1500 5252 Theophrastum,
1524 5187 1668 5238 crantorem
1689 5186 1854 5248 Platonicum,

242 5281 325 5347 potius
344 5281 472 5334 intendere
485 5284 616 5346 oportebit,
629 5288 653 5334 et
672 5281 879 5347 quemadmodum
903 5282 973 5332 rrohis
993 5283 1024 5332 ab
1070 5279 1204 5330 Diodorum
1222 5291 1251 5329 ac
1263 5276 1351 5329 deinde
1365 5275 1517 5340 Pyrrhonem
1534 5274 1643 5327 hahuit:
1660 5279 1685 5328 ct
1705 5275 1854 5326 arrmrore
