3958 5942
811 453 1059 519 FRAGMENTA.
1683 466 1743 527 alu

141 590 270 670 συνεχῶν·
284 587 331 662 καί
351 589 374 646 εἰ
393 591 431 666 τῷ
446 587 499 669 tuq>
516 587 544 648 ἓν
565 589 688 672 ἑκάτερον
704 593 738 658 ὡς
755 591 919 671 ἀδιαίρετον,
966 594 1059 667 τοῦτο,
1077 593 1130 657 πῶς
1149 589 1197 660 όλη
1220 577 1302 649 ταῦτά
1318 573 1404 665 ἐστιν,
1421 592 1489 651 ἀλλά
1507 599 1582 653 τοῦτο
1603 593 1649 671 μὲν
1663 597 1743 678 ἀφεί-

141 675 181 735 ότι
194 677 239 735 καί
259 675 327 736 αὐτὰ
349 677 448 744 αὔτοῑς.
492 676 572 739 ’llll
593 679 645 757 μὴν
661 683 683 740 εί
703 685 738 748 u<
757 682 920 760 ἀδιαίρετον,
965 685 1027 738 σθω.
1043 705 1055 732 ν
1070 677 1117 739 Ἐν
1133 678 1165 752 δὴ
1184 679 1282 744 τούτοις
1297 677 1337 737 ότι
1352 679 1400 756 μέν
1415 680 1472 738 οὐδὲ
1488 683 1510 738 εἰ
1526 683 1560 748 ὡς
1575 681 1680 761 συνεχὲς
1694 683 1741 744 λέ-

141 765 213 824 οὔθέν
229 764 306 824 ἐσται
323 764 403 824 ποσὸν
423 765 482 824 aiut
495 766 589 842 ποιόν,
604 771 661 828 οῦδὲ
673 769 705 842 66
721 770 826 848 ἀπειρον
841 767 870 826 τό
883 767 921 842 ἀν,
966 790 1036 844 γοιτο
1055 766 1085 826 st
1109 765 1136 826 θν
1158 767 1238 833 οὔτως
1261 766 1288 826 έν
1309 768 1380 840 ἐστι,
1398 767 1511 828 δείκνυσι
1531 771 1590 827 κατ’
1610 767 1692 841 ἀλλην
1709 774 1743 840 ὡς

141 851 231 933 ὥσπερ
255 853 389 921 Μέλισσός
407 875 504 935 φησιν,
525 857 582 918 οὐδὲ
604 857 818 938 πεπερασμένον,
832 855 922 936 ὥσπερ
965 847 1039 932 οἶμαι
1047 855 1181 926 ἐπιόολήν.
1216 855 1257 915 Τά
1270 854 1321 933 γὰρ
1333 857 1502 934 διωρισμένα,
1512 856 1585 936 φησί,
1596 860 1646 914 τῶν
1658 863 1742 937 μερῶν

143 941 326 1022 Παρμενίδης·
343 941 374 1002 st
398 943 444 1023 γὰρ
459 941 540 1024 πέρας
562 948 725 1028 ἀδιαίρετον,
741 948 770 1006 οὔ
792 945 823 1006 τθ
836 969 919 1005 πεπε-
966 947 1012 1004 οὔκ
1028 944 1103 1003 ἔσται
1116 945 1149 1004 τά
1169 942 1235 1002 αὔτδι
1251 944 1303 1010 τοῖς
1318 943 1469 1022 συνεχέσιν,
1490 941 1559 1002 ὥστε
1573 943 1622 1002 κάν
1638 967 1745 1025 συγχω-

144 1031 281 1108 ροισμένον.
325 1031 406 1092 Ἀλλά
420 1030 472 1108 μὴν
487 1034 509 1092 εί
524 1035 562 1114 τῷ
573 1034 643 1114 λόγῳ
659 1031 685 1093 δν
705 1033 739 1092 τδι
758 1032 821 1092 όντα
835 1032 921 1092 πάντα
967 1033 1037 1113 ρήση
1050 1058 1088 1100 τις
1104 1031 1132 1091 ἐν
1156 1022 1220 1090 είναι
1239 1031 1268 1090 τὸ
1290 1029 1411 1112 συνεχές,
1427 1031 1516 1102 ἐπειδὴ
1539 1029 1572 1090 τδι
1587 1033 1744 1112 διωρισμένα

142 1122 177 1186 ὡς
191 1117 289 1178 λιίιπισν
308 1119 354 1178 καί
367 1119 489 1197 ἱμάτιον,
506 1120 548 1179 τὸν
573 1119 747 1201 Ἡρακλείτου
761 1121 837 1198 λόγον
858 1145 923 1196 συμ-
967 1121 1034 1202 μέρη
1058 1121 1126 1180 ἀλλα
1141 1120 1215 1201 παρά
1228 1121 1262 1179 xl
1276 1125 1373 1200 συνεχῆ
1390 1124 1459 1192 ἐστι,
1473 1121 1559 1179 πολλὰ
1579 1120 1612 1181 τά
1626 1122 1687 1181 ὄντα
1701 1125 1745 1184 καλ

142 1205 225 1265 όαίνει
248 1206 334 1286 λέγειν
356 1209 459 1277 αὐτοῖς·
479 1208 573 1268 ταῦτδν
596 1209 648 1290 γάρ
670 1209 744 1270 ἔσται
766 1212 855 1290 ἀγαθῷ
878 1208 924 1268 καί
967 1211 1016 1288 οὐχ
1030 1209 1067 1269 ἐν.
1112 1209 1166 1268 Καί
1181 1209 1242 1288 περί
1256 1213 1306 1268 τῶν
1322 1207 1419 1288 μορίοιν
1434 1204 1462 1266 δέ
1472 1207 1566 1288 ἀπορία
1579 1210 1617 1275 τίς
1631 1211 1700 1268 ἐστιν
1714 1210 1746 1284 ἣν

141 1297 216 1375 κακῷ
225 1284 291 1354 εἷναι
303 1296 348 1355 καί
357 1294 395 1372 μὴ
406 1298 496 1378 ἀγαθῷ
504 1297 549 1356 καὶ
556 1300 657 1376 ἀγαθῷ,
667 1297 735 1358 ὥστε
744 1297 838 1358 ταύτὸν
849 1297 922 1357 ἔσται
967 1298 1043 1366 αὐτὸς
1065 1297 1112 1373 μέν
1129 1296 1283 1380 έξωτερικὴν
1300 1300 1395 1371 καλεῖ,
1411 1301 1424 1356 6
1439 1297 1461 1355 δ’
1477 1296 1654 1376 Ἀριστοτέλης
1674 1298 1745 1358 οὐδὲν

141 1385 239 1460 ἀγαθόν
254 1383 299 1442 καί
313 1386 360 1444 οὔκ
376 1383 487 1462 ἀγαθόν,
501 1384 547 1445 καί
562 1388 696 1466 ἀνθρωπος
712 1385 756 1445 καί
769 1385 849 1453 ἵππος
855 1431 865 1463 ,
878 1387 922 1445 καί
967 1386 1031 1463 πρὸς
1052 1386 1186 1467 τὸνλόγον
1203 1387 1288 1466 φησίν.
1331 1388 1384 1445 Καὶ
1409 1385 1459 1463 γδρ
1480 1385 1632 1458 διαλεκτικὴ
1647 1386 1746 1462 μᾶλλόν

141 1475 170 1530 οὐ
187 1473 246 1552 περί
261 1472 292 1530 τθ
304 1471 330 1532 ἓν
345 1463 411 1532 εἶναι
425 1473 458 1532 τὰ
472 1473 535 1534 όντα
549 1479 563 1534 6
578 1475 655 1553 λόγος
670 1475 744 1535 ἔσται
756 1477 842 1542 αὐτοῖς
855 1473 924 1535 ἀλλά
968 1475 1055 1548 ἐστιν,
1072 1479 1110 1554 ἐφ’
1126 1474 1238 1554 ἑκάτερα
1252 1472 1357 1542 ἐνδόξως
1370 1477 1538 1552 ἐπιχειροῦσα
1552 1473 1595 1530 καί
1608 1477 1656 1552 οὔχ
1670 1473 1745 1545 ἱκανὴ

142 1559 259 1638 περὶτοῦ
274 1559 367 1636 μηδέν,
381 1561 426 1620 καί
438 1561 468 1620 τῦ
482 1563 570 1644 τοιιμδλ
582 1551 649 1622 εἶναι
659 1563 705 1622 καί
715 1563 900 1645 τοσῳδίταῦτό
916 1609 922 1622 .
968 1561 1012 1621 τθν
1028 1567 1075 1620 τοῦ
1094 1568 1217 1641 συνεχοῦς
1230 1562 1305 1640 λόγον
1325 1563 1439 1640 ἐνοχλεῖν
1457 1559 1500 1620 τόν
1521 1560 1629 1637 λέγοντα
1645 1559 1746 1640 συνεχές

185 1648 369 1727 (Aristoteles
394 1648 481 1726 Phys.
501 1650 553 1710 lib.
575 1651 586 1708 l
603 1669 666 1730 cap.
688 1673 705 1709 α
723 1673 753 1731 p.
773 1653 838 1714 185.
860 1652 923 1714 b.5
968 1641 1085 1709 εἶναιτὸ
1109 1650 1235 1730 διαιρετόν
1260 1652 1295 1718 εἰς
1316 1650 1355 1708 ἀεί
1372 1647 1501 1729 διαιρετά.
1546 1647 1703 1714 Εὖδιάλυτος
1721 1649 1747 1706 δὲ

143 1737 189 1798 ed.
212 1737 333 1796 Βελίαν.
355 1737 524 1816 Simplicius
546 1739 596 1796 fol.
616 1740 650 1797 18
667 1739 697 1800 b.
718 1739 789 1800 τὸδὲ
810 1741 873 1810 ίσως
895 1744 923 1800 οὔ
968 1742 1004 1805 ὡς
1018 1737 1177 1811 δέδεικταιὴ
1198 1737 1314 1819 ἀπορία,
1329 1737 1397 1810 πλὴν
1412 1743 1426 1797 6
1441 1736 1489 1818 μέν
1504 1735 1624 1814 Εὔδημος
1639 1735 1683 1795 ἐπί
1698 1739 1746 1793 τῶν

143 1824 208 1903 πρὸς
226 1821 361 1902 τὸνλόγον
380 1825 465 1884 καίτοι
482 1825 546 1905 πρὸς
559 1827 636 1904 λόγον
650 1827 730 1887 όντων
751 1831 802 1888 τῶν
817 1828 924 1910 είρημέ-
970 1831 1086 1907 συνεχῶν
1111 1829 1198 1906 μερῶν
1215 1825 1292 1902 μόνον
1313 1827 1361 1897 τὴν
1381 1825 1493 1906 ἀπορίαν
1515 1823 1644 1883 ἐκτίθεται
1659 1821 1694 1881 τθι
1708 1825 1741 1902 ἐφ’

143 1935 193 1972 νων
208 1911 330 1988 λέγεσθαί
349 1935 413 1992 φησι
436 1914 655 1996 [Ἀλέξανδρος],
670 1916 735 1976 διότι
750 1917 828 1976 ίκανά
846 1909 877 1990 ἦν
892 1917 925 1977 vt
970 1917 1082 1996 ἑκάτερα
1097 1915 1293 1996 ἐπιχειρήματα
1308 1914 1353 1974 καὶ
1374 1915 1407 1974 τά
1423 1913 1587 1992 συναγόμενα
1607 1915 1652 1971 ἀπ’
1666 1913 1748 1972 αὐτῶν

144 2001 341 2082 προλελεγμένα
359 2000 417 2069 τοῦς
434 2001 515 2070 οὔτως
533 2003 559 2062 ἓν
576 2003 605 2062 τό
620 2003 648 2064 δν
669 2004 793 2083 λέγοντας
806 2009 840 2073 ῶς
863 2030 925 2065 συν-
971 2005 1056 2064 άτοπιι
1071 2005 1166 2078 τιθείς,
1182 2009 1196 2063 6
1211 2005 1239 2063 δέ
1253 2003 1431 2086 Ἀριστοτέλης
1447 2002 1492 2062 καί
1509 2003 1551 2062 ἐπὶ
1565 2005 1617 2060 τῶν
1632 2000 1669 2078 μὴ
1685 2023 1749 2061 συν-

144 2089 201 2169 εχὲς
221 2089 359 2167 διελέγξαι.
403 2090 483 2160 Ὶσως
505 2092 532 2152 δέ
548 2095 619 2166 δτιη
639 2096 679 2176 ἐφ’
699 2095 811 2174 ἑκάτερα
828 2097 924 2175 ἀπορία
970 2099 1037 2174 εχῶν
1054 2099 1140 2176 μερῶν
1161 2093 1229 2152 ἀλλά
1245 2091 1442 2173 διωρισμένων,
1461 2090 1580 2164 δηλονότι
1600 2091 1648 2162 τὴν
1664 2089 1744 2160 αὐτὴν

144 2179 285 2255 τοῦλόγου
307 2177 448 2258 ἐξωτερική
463 2172 545 2252 stein
567 2185 602 2249 ὡς
620 2181 744 2258 Εὔδημός
764 2206 846 2262 φησι,
869 2185 924 2242 διοι-
971 2183 1082 2263 ἀπορίαν
1106 2171 1173 2240 etant
1196 2205 1262 2262 φησι
1285 2179 1330 2240 καί
1353 2181 1431 2257 μόνον
1458 2181 1545 2254 τίθησι
1568 2179 1599 2238 τὸ
1628 2179 1747 2256 ἑπόμενοι

146 2265 253 2337 λεκτική
266 2267 365 2344 μᾶλλον
377 2259 657 2349 οὔσα,παραθήσομαι
669 2271 695 2329 δέ
711 2270 770 2347 μετ’
781 2273 866 2351 ὀλίγον
881 2272 927 2331 καί
973 2270 1070 2330 άτοπον
1096 2279 1149 2338 τοῖς
1170 2271 1200 2328 τὸ
1224 2271 1287 2328 αὐτὸ
1311 2269 1414 2348 λέγουσι
1439 2269 1484 2328 καί
1511 2268 1539 2328 ἓν
1563 2268 1593 2327 τθ
1618 2267 1695 2346 μέρος
1716 2271 1751 2345 τῶ
1843 2273 1846 2280 ’

145 2355 194 2426 τὴν
209 2359 254 2412 τοῦ
268 2355 395 2431 Εὔδήμσυ
410 2357 479 2426 λέξιν
490 2361 605 2438 ἐναργῶς
619 2360 662 2418 τὸν
676 2359 773 2420 σκοπόν
787 2367 831 2419 τοῦ
848 2359 927 2436 λόγου
971 2357 1048 2438 ὅλῳ.)

145 2445 286 2514 δηλοῦσαν.
331 2447 389 2506 Νῦν
414 2444 441 2504 δὲ
459 2445 493 2505 τὰ
514 2452 560 2506 τοῦ
582 2446 754 2526 Ἀλεξάνδρου
769 2448 926 2528 προκείσθω.
1011 2467 1036 2508 7.
1059 2444 1249 2525 Ἐθορυόοῦντο
1266 2445 1293 2506 δέ
1315 2447 1360 2506 καί
1384 2449 1408 2506 ol
1425 2445 1528 2526 ὔστεροι
1548 2449 1600 2505 τῶν
1620 2446 1753 2525 ἀρχαίων,
1801 2471 1804 2478 ·

146 2529 225 2607 Λέγει
238 2530 288 2611 γάρ
308 2531 348 2591 ότι
364 2531 434 2594 έστω
449 2533 496 2610 μέν
511 2535 554 2594 ἐπί
570 2540 616 2596 τοῦ
631 2538 726 2595 ταῦτοῦ
744 2536 926 2616 συνηθέστερον
971 2534 1042 2604 ὅπως
1058 2533 1095 2611 μὴ
1116 2533 1173 2611 ἅμα
1195 2533 1302 2612 γένηται
1318 2538 1404 2603 αὐτοῖς
1424 2533 1453 2594 τό
1473 2535 1536 2594 αὔτθ
1556 2533 1583 2593 ἓν
1600 2535 1644 2593 καί
1659 2535 1750 2595 πολλοί.

145 2619 176 2676 τῦ
195 2619 420 2697 δεδειγμένου·τά
437 2623 487 2702 γὰρ
503 2625 540 2703 τῷ
556 2626 627 2704 αὔτῷ
642 2623 726 2682 eaesi
740 2624 785 2682 καί
806 2625 928 2696 ἀλλήλοις
972 2623 1019 2684 Διθ
1029 2626 1062 2684 ·οί
1078 2621 1125 2697 μέν
1137 2623 1167 2682 τὸ
1181 2621 1251 2682 ἔστιν
1267 2625 1372 2703 ἀφείλον
1392 2622 1482 2702 ῶσπερ
1502 2624 1667 2704 Λυκόφρων,
1688 2626 1711 2682 ei
1727 2623 1754 2682 δὲ

145 2705 201 2765 test
215 2707 308 2767 ταῦτά.
350 2707 398 2768 Ast
411 2711 456 2770 καί
479 2707 631 2787 θΕὔδημος
646 2709 727 2780 οὔτως
744 2713 876 2792 ἐχρήσατο
895 2736 927 2793 τη
972 2711 1019 2784 τὴν
1041 2709 1108 2781 λέξιν
1124 2713 1344 2795 μετερρύθμιζον,
1359 2712 1399 2771 ότι
1422 2717 1436 2771 6
1460 2713 1593 2795 ἄνθρωπος
1614 2715 1642 2770 οὔ
1665 2713 1754 2780 λευκός

145 2793 281 2862 ἀποδείξει.
291 2795 337 2854 καί
347 2797 370 2853 el
387 2799 432 2854 τοῦ
449 2795 641 2876 Ἀριστοτέλους
655 2798 779 2876 ἐξηγηταί
793 2801 823 2859 τθ
836 2801 928 2860 ταθτθν
973 2803 1056 2876 ἐστιν,
1072 2801 1140 2860 ἀλλά
1155 2801 1328 2875 λελεόκωται,
1342 2801 1400 2860 οὐδὲ
1414 2801 1525 2879 βαδίζων
1540 2801 1608 2860 ἐστίν
1622 2800 1689 2859 ἀλλά
1697 2805 1754 2948 ρα-

146 2885 205 2944 ἀντί
228 2890 273 2944 τοῦ
293 2887 348 2953 ἑνὸς
370 2886 501 2955 λαθόντες.
545 2893 638 2950 Ταῦτα
658 2889 706 2969 μίν
721 2891 927 2972 Ἀλέξανδρος,δ
973 2889 1054 2964 δίζει,
1074 2887 1117 2948 ίνα
1134 2888 1237 2964 μήποτε
1251 2889 1281 2948 τὸ
1302 2889 1357 2948 ἔστι
1372 2889 1566 2969 προσάπτοντες
1585 2886 1670 2948 πολλὰ
1688 2913 1754 2948 ενοι

145 2973 234 3051 μέντοι
255 2971 376 3049 Εὔδημος
391 2977 431 3034 ὅτι
447 2975 495 3051 μὲν
509 2977 552 3036 διὰ
566 2978 595 3037 τὸ
615 2979 749 3057 δειχθῆναι
764 2980 794 3040 τὸ
817 2980 922 3061 συνεχὲς
972 2981 1066 3036 ποιῶσι
1081 2977 1110 3036 τό
1125 2977 1171 3047 έν,
1192 2981 1226 3045 ὡς
1248 2981 1369 3057 μοναχῶς
1387 2977 1529 3058 λεγομένου
1549 2982 1593 3036 τοῦ
1611 2977 1665 3044 ἑνὸς
1679 2978 1696 3050 6
1709 2983 1755 3037 τοῦ

145 3062 184 3140 μὴ
199 3061 228 3120 δν
249 3061 276 3123 ἓν
296 3061 383 3143 εἴρηκε
403 3069 501 3137 ταῦτα,
515 3069 604 3146 σαφῶς
625 3066 710 3145 λέγει,
731 3072 817 3149 μερῶν
835 3067 863 3126 δέ
883 3067 928 3127 καί
972 3067 1055 3134 ὄντος.
1100 3065 1191 3127 Πολλά
1215 3065 1242 3125 δέ
1265 3066 1298 3125 τθι
1325 3067 1387 3126 όντα
1412 3066 1429 3138 6
1453 3068 1522 3147 λόγῳ
1545 3057 1612 3142 (οἷον
1636 3067 1701 3126 ἀλλο
1726 3069 1754 3126 τὸ

146 3151 222 3218 αιίτδς
235 3151 299 3210 ποτέ
315 3152 362 3228 μέν
374 3153 569 3232 διωρισμένων,
582 3154 645 3214 ποτέ
658 3155 686 3214 δέ
700 3159 815 3236 συνεχῶν
828 3157 928 3233 μέμνη·
972 3158 1057 3236 λευκῷ
1078 3145 1144 3214 εἶναι
1164 3156 1209 3214 καί
1232 3159 1366 3236 μουσικῷ,
1380 3160 1417 3236 τῷ
1432 3157 1455 3214 δ’
1471 3159 1540 3235 αὐτῷ
1561 3154 1654 3236 ἀμφω·
1670 3156 1755 3216 πολλὰ

144 3263 198 3298 ται.
244 3235 325 3316 Ἔχει
340 3238 367 3297 δὲ
386 3237 468 3306 οὔτως
482 3243 499 3310 ἡ
519 3246 564 3299 τοῦ
577 3241 703 3316 Εὔδημον
717 3242 799 3311 λέξις·
813 3242 880 3320 μετὰ
898 3241 929 3302 et
973 3243 1024 3322 ἀρα
1041 3243 1071 3301 τθ
1083 3241 1110 3300 έν
1128 3244 1138 3320 )
1156 3242 1173 3314 6
1189 3243 1326 3324 διαιρέσει,
1340 3242 1430 3325 ὥσπερ
1445 3243 1475 3302 τὸ
1488 3243 1548 3304 ἀλον
1563 3243 1608 3302 καί
1623 3245 1656 3303 τά
1672 3244 1749 3322 μέρη.

145 3323 227 3392 δεῖξαι
241 3323 281 3381 δτι
293 3325 339 3382 οὔκ
356 3323 412 3384 έστι
424 3324 454 3384 τθ
465 3325 494 3384 δν
509 3325 589 3394 οὔτως
603 3328 628 3387 ἓν
643 3334 677 3396 ὡς
692 3331 849 3410 ἀδιαίρετον,
864 3329 927 3408 ὅπερ
973 3329 1105 3390 Ἐνταῦθα
1117 3329 1144 3390 δέ
1159 3331 1209 3404 ἤδη
1224 3332 1351 3412 ἠπόρουν,
1365 3333 1409 3391 καί
1424 3331 1574 3410 ὡμολόγουν
1586 3331 1616 3389 τθ
1628 3330 1654 3389 ἓν
1669 3327 1755 3389 πολλὰ

144 3413 224 3478 αὔτδς
235 3412 331 3470 άτοπσν
346 3415 479 3487 ἐκάλεσεν,
495 3415 602 3495 ἐπάγει·
618 3417 711 3477 «ἀλλά
722 3418 774 3494 μὴν
787 3415 845 3476 euti
860 3415 928 3477 κατά
974 3409 1056 3493 εἶναι,
1072 3417 1162 3500 ὥσπερ
1176 3422 1223 3478 οὔκ
1236 3421 1406 3501 ἐνδεχόμενον
1420 3421 1512 3480 ταῦτθν
1529 3420 1556 3479 έν
1568 3444 1598 3479 τε
1611 3419 1654 3479 καὶ
1668 3415 1753 3476 πολλθι

145 3499 283 3579 ουνέχειοίν
299 3523 339 3578 γε.
380 3500 422 3563 T&
441 3500 493 3582 γδιρ
517 3503 677 3583 διωρισμένοι
698 3509 749 3564 τῶν
774 3509 859 3584 μερῶν
882 3507 929 3564 οὔκ
974 3497 1057 3582 εἶναι,
1071 3506 1108 3583 μὴ
1119 3507 1300 3585 τάντικείμενα
1314 3508 1422 3568 δέ·έστι
1436 3507 1487 3588 γάρ
1502 3508 1532 3568 τὸ
1543 3508 1570 3567 ἓν
1583 3509 1628 3567 καί
1648 3507 1755 3584 δυνάμει

145 3591 222 3646 ἔσται
242 3587 276 3645 τίι
292 3587 372 3648 αὔτά.
387 3586 466 3669 Ἐχει
481 3589 508 3647 δέ
525 3591 588 3650 αὔτθ
608 3598 685 3652 τοῦτο
700 3593 811 3673 ἀπορίαν
833 3591 928 3662 ἐξωτε-
973 3596 1018 3653 καὶ
1032 3594 1188 3676 ἐντελεχείᾳ.

145 3674 232 3754 ρικήν.
276 3677 309 3735 Εἰ
332 3675 380 3750 μέν
402 3677 453 3756 γάρ
475 3679 529 3735 ἐστι
545 3681 596 3736 τῶν
620 3685 666 3752 τῆς
689 3684 814 3762 γραμμῆς
831 3681 928 3761 μορίων
1016 3685 1197 3762 (Aristoteles
1215 3685 1304 3762 Phys.
1331 3687 1380 3747 lib.
1406 3689 1500 3763 lcap.
1521 3705 1537 3741 2
1560 3705 1627 3762 pag.
1650 3683 1703 3740 185
1721 3683 1750 3743 ίι.

145 3763 256 3823 ἕκαστον
269 3762 544 3844 ταῦτὸντῇόλη,καί
560 3769 646 3835 αὑτοῖς
662 3770 743 3830 ταῦτθι
759 3767 846 3830 ἔσται,
887 3769 929 3830 Τίι
976 3773 1012 3829 οὔ
1028 3773 1073 3832 ed.
1089 3774 1210 3832 Bellen.
1226 3773 1392 3852 Simplicius
1408 3773 1456 3831 sol.
1471 3793 1519 3831 αι.
1564 3773 1657 3830 Ταῦτα
1672 3767 1753 3830 εἰπὼν

144 3857 198 3936 γὰρ
213 3856 250 3915 ἐνί
262 3857 296 3917 τά
312 3856 380 3916 atat
395 3857 520 3926 ὡσαύτως
536 3861 580 3918 καί
596 3858 665 3929 ῦλυις
679 3863 711 3922 tt
725 3862 802 3922 αὔτά.
845 3864 878 3922 Et
902 3863 929 3920 δέ
974 3859 1166 3941 θἈλέξανδρυς
1181 3861 1272 3939 ἐπάγει
1285 3861 1375 3922 λοιπὸν
1394 3861 1427 3919 δι’
1438 3851 1474 3918 ῶν
1486 3857 1658 3930 ἐνδείκνυται,
1673 3857 1711 3916 ότι
1725 3863 1752 3916 οιί

146 3939 234 4026 έτερον
248 3949 295 4018 τῆς
316 3944 377 4019 δλης
392 3947 520 4022 ἕκαστον,
537 3947 589 4029 ἀρα
604 3972 634 4028 γε
648 3949 693 4009 καί
713 3951 808 4012 πάντα.
852 3953 886 4010 El
901 3949 927 4010 δέ
976 3949 1084 4008 λέλυται
1096 3953 1113 4020 ἡ
1126 3948 1223 4028 ἀπορία
1234 3953 1251 4020 ἡ
1262 3950 1314 4016 ἀπὸ
1324 3952 1376 4007 τῶν
1390 3947 1594 4024 συμόεόηιτότων
1607 3945 1675 4006 ἀλλά
1688 3945 1754 4022 μόνη

148 4207 177 4244 aa
190 4193 211 4243 sl
226 4195 273 4244 toti
294 4196 416 4258 utraque,
432 4198 458 4245 ει
473 4209 531 4260 para
545 4200 571 4248 el
589 4197 671 4262 ipsunt
687 4201 767 4249 totum
786 4199 836 4250 siut
852 4213 929 4249 unum
974 4210 1005 4246 ne
1025 4196 1156 4258 accideret,
1179 4200 1208 4248 ut
1226 4197 1292 4247 idem
1309 4197 1370 4261 ipsis
1388 4211 1464 4248 unum
1483 4200 1508 4248 et
1526 4197 1660 4248 multitudo
1680 4200 1752 4250 esset.

146 4283 240 4345 pariter
253 4285 327 4344 atque
341 4283 513 4348 individuum,
528 4287 554 4336 et
566 4285 625 4349 insa
639 4286 749 4350 prolecto
759 4289 842 4350 partes
853 4300 929 4337 unuin
974 4286 1128 4350 Quapropter
1146 4284 1188 4337 alil
1203 4285 1285 4350 ipsum
1300 4287 1338 4336 est
1352 4285 1477 4349 tollebant,
1496 4289 1525 4336 ιιι
1543 4287 1700 4351 lycophron,
1714 4287 1756 4338 alli

148 4369 234 4420 iuuare
254 4370 379 4435 sibiipsis
396 4377 477 4424 erunt.
511 4375 586 4437 Atqui
605 4374 721 4425 sinuum
741 4377 779 4425 at
792 4377 820 4426 ut
840 4375 930 4426 indlvl-
974 4377 1058 4425 autem
1077 4373 1211 4425 dictionem
1230 4373 1373 4434 mutabant,
1386 4373 1533 4437 ηιιιειιοιιιο
1548 4389 1596 4425 non
1612 4376 1682 4426 albus
1701 4380 1749 4438 est,

147 4459 243 4522 duum,
259 4460 327 4511 nulla
339 4474 399 4513 sane
408 4463 542 4526 quantitas,
553 4464 620 4514 nulla
631 4464 737 4528 qualitas
751 4465 813 4526 erit3
825 4465 931 4530 ideoque
975 4463 1021 4516 sed
1034 4463 1117 4528 albet,
1129 4477 1209 4528 neque
1221 4463 1349 4514 ambulans
1359 4466 1398 4514 est
1412 4462 1591 4525 εειιέιιιιιυιιιι,
1607 4479 1638 4514 ne
1647 4477 1753 4526 unquam

144 4561 227 4612 neque
238 4549 359 4600 infinitum
369 4552 408 4602 est
417 4564 475 4614 ens,
489 4554 517 4602 ut
532 4553 568 4603 alt
583 4552 711 4616 Melissus,
725 4567 804 4618 neque
817 4555 929 4618 linilum,
974 4553 1037 4604 illud
1054 4557 1091 4602 est
1106 4552 1281 4617 adjungentes,
1295 4551 1322 4602 id
1339 4553 1405 4615 quod
1418 4555 1542 4602 estunam
1556 4552 1634 4615 multa
1648 4565 1703 4601 asse
1719 4551 1755 4600 at·

147 4638 175 4686 ιιι
185 4635 342 4688 Parmenides
353 4639 444 4689 censet.
478 4639 603 4690 Namtluis
614 4641 692 4692 (lividi
708 4641 803 4706 nequit,
817 4642 929 4694 nontini·
975 4641 1231 4705 llrmarant‚qnaaiiu
1245 4640 1360 4703 quoiast
1371 4653 1462 4700 mum,
1475 4643 1518 4690 aul
1530 4639 1555 4689 iu
1566 4638 1632 4702 quod
1645 4641 1753 4700 est‚nne

146 4725 209 4773 tum.
242 4725 343 4775 atvero
359 4724 488 4788 uolunta,
501 4741 558 4790 quae
570 4732 642 4790 sunt,
656 4731 753 4780 ratione
765 4733 927 4794 suntnnnm,
975 4728 1047 4780 modo
1061 4729 1194 4780 diaereuu.
1227 4730 1306 4780 Multa
1318 4739 1379 4778 vero
1388 4729 1487 4777 -suntea
1500 4740 1557 4790 quaa
1572 4727 1642 4789 ειυιι,
1656 4728 1699 4776 aut
1712 4739 1754 4775 ra-

146 4814 176 4862 nt
194 4811 369 4864 vestimentum
387 4827 416 4865 aa
428 4816 519 4878 vestis,
534 4817 650 4880 contingit
663 4817 694 4868 lla
707 4822 734 4869 ut
746 4819 863 4871 Heracliti
874 4834 929 4871 sen-
973 4815 1041 4867 tione
1053 4815 1138 4880 (verbi
1158 4829 1234 4868 eausa
1252 4815 1320 4866 aliud
1340 4818 1378 4865 est
1400 4814 1483 4864 album
1500 4827 1555 4864 esse
1574 4816 1600 4864 et
1617 4814 1751 4876 ιιιυιισυινι,

72 4963 76 4969 .
145 4895 249 4948 tentiam
269 4897 360 4949 dicant.
393 4900 484 4951 Eadem
503 4901 568 4952 entim
585 4903 633 4953 erit
652 4903 708 4953 beni
729 4904 836 4969 malique
853 4903 928 4964 ralla,
974 4903 1054 4954 eidem
1067 4907 1152 4955 autam
1165 4903 1230 4955 inest
1242 4901 1482 4968 utrumqua;ipsum
1493 4901 1569 4963 igitur
1581 4913 1658 4950 uuum
1667 4900 1752 4952 multi·

129 4987 174 5035 ·et
187 4985 425 5039 noubnniaebnni.
459 4992 541 5048 Quare
553 4989 619 5042 idern
631 4992 680 5043 erlt
691 4991 782 5044 honuni
796 4995 821 5044 et
831 4993 930 5045 uenbn
973 4993 1117 5056 tuduest)‚
1134 4995 1177 5044 aut
1192 4992 1326 5054 divisione,
1343 4992 1373 5040 ut
1389 4991 1471 5040 totum
1492 4992 1623 5052 acuentes.
1655 4989 1754 5040 Sedhte

145 5083 225 5132 num,
244 5073 404 5138 aqueatqna
422 5073 497 5126 hoino
514 5079 541 5126 et
557 5089 645 5141 equus.
678 5077 742 5136 Quin
759 5078 833 5129 atiani
849 5091 930 5129 sermo
971 5077 1023 5140 iana
1041 5077 1201 5140 husitabant,
1224 5081 1298 5142 atque
1317 5075 1401 5140 ipsum
1424 5088 1501 5125 unum
1518 5074 1596 5126 multa
1618 5087 1673 5127 esse
1690 5076 1753 5127 iate-

146 5171 235 5210 eorum
246 5173 295 5210 ιιοα
309 5173 387 5211 unum
398 5174 428 5212 ειι
442 5175 499 5226 qua
512 5167 585 5226 sunt,
598 5163 642 5214 seu
658 5163 718 5214 nihil
734 5177 788 5215 essa
803 5163 928 5229 φιοινυιιις
974 5171 1073 5226 uantur,
1094 5167 1167 5232 quast
1185 5179 1234 5216 non
1255 5167 1340 5229 posset
1364 5163 1429 5215 ldem
1449 5177 1527 5214 unum
1546 5177 1576 5214 ae
1596 5164 1668 5229 plura
1687 5179 1751 5228 ease.

145 5245 270 5298 eteadean
282 5247 382 5312 ιιιειιφοι
392 5249 457 5300 ratio
468 5250 596 5314 qualitatis
607 5255 633 5302 et
641 5251 788 5314 quantitatis
801 5253 857 5303 erit.
975 5265 1024 5302 non
1041 5256 1122 5304 tamen
1136 5251 1257 5317 opposita.
1290 5253 1335 5302 list
1353 5250 1419 5302 enlin
1435 5249 1497 5302 illud
1510 5263 1587 5302 unum
1604 5251 1753 5316 ειφυίοιιιιι

177 5338 202 5387 ι.
220 5335 438 5401 Sedantiquarum
445 5339 928 5404 pestenimetuetiamperturbahautnr.
973 5343 1000 5391 et
1014 5347 1081 5391 υοιιι.

240 5435 307 5477 m.
322 5435 402 5478 w.
417 5439 446 5480 ιιι
697 5433 698 5436 ’
1638 5429 1668 5480 ιι
