3938 5968
208 335 268 397 536
829 331 1040 400 tondberct
1063 329 1199 394 RHODII

248 471 263 500 *
277 465 340 525 'Era
353 465 379 525 δί
393 466 439 525 καί
456 457 507 527 dte
522 467 599 538 δῆλον
608 465 870 550 ίσταιρυσικώτερον
886 470 929 529 τὸν
944 469 991 528 it·
1070 475 1160 526 Sedet
1178 475 1214 525 sic
1234 472 1364 540 perspicua
1378 469 1427 522 erit
1445 483 1487 522 res
1505 469 1560 536 ejus
1576 469 1697 534 originem
1710 473 1793 534 magis
1820 487 1837 522 a

206 581 250 636 γον
266 558 451 617 ἐπισκοποῦσι.
476 556 643 637 Σκεψώμεθα
661 557 712 636 γδιρ
735 562 782 618 οὐκ
800 561 853 620 σίπδ
869 564 920 619 τῶν
939 559 993 640 ἰδίρ
1040 569 1128 614 nutum
1148 563 1324 628 repetentibus.
1341 565 1488 626 spectemus
1504 561 1597 625 quippe
1615 574 1671 610 eum
1686 573 1783 610 nonen
1803 563 1838 612 ita

206 645 356 724 προσόντων
374 648 412 723 τῷ
425 645 574 720 εὐδαίμονι,
598 647 667 708 itit
686 648 738 707 ἀπὸ
753 652 804 707 τῶν
821 654 895 727 κοινῇ
915 659 991 709 πᾶσι.
1041 667 1098 720 qum
1119 653 1192 703 beato
1212 653 1378 718 peculiariter,
1399 651 1443 702 sed
1461 663 1520 714 quae
1536 649 1652 700 oruuilms
1666 649 1837 699 communiter

208 737 247 798 Τὸ
263 737 310 812 μὲν
328 725 372 792 οῦν
388 737 434 806 ζῆν
449 744 515 792 πᾶσι
537 743 589 802 τοῖς
614 735 709 816 ζῴοιςο
731 737 808 818 φύσει
829 741 899 798 ἐστίν
921 739 992 810 ἡδύ·
1041 744 1141 794 adsunt.
1157 746 1215 794 tem
1235 756 1293 792 vcro
1314 743 1411 790 constat
1432 740 1510 790 vitam
1536 739 1652 789 omuibus
1680 739 1837 788 animalibus

206 825 236 884 τό
252 821 279 882 δὲ
292 826 339 893 ζῆν
354 821 483 902 ὁρίζονται
496 814 579 894 εἰναι,
592 825 618 882 ἐν
633 823 680 900 μὲν
694 829 747 890 τοῖς
763 825 866 902 ἀλόγοις
881 825 992 903 δύναμιν
1040 833 1128 880 natura
1139 828 1275 894 iucundam
1287 842 1356 878 esse:
1371 828 1449 878 vitam
1462 833 1547 878 eutem
1558 824 1835 880 iubrutisenimalibus

207 912 369 983 αἰσθήσεως,
385 914 411 970 ἐν
436 911 463 970 δὲ
478 919 531 977 τοῖς
552 911 698 989 ἀνθρώποις
718 912 830 988 δύναμιν
846 914 993 986 αἰσθήσεως
1040 921 1092 970 vim
1114 917 1245 977 sentiendi,
1273 917 1298 966 in
1317 917 1460 967 bominibus
1482 917 1536 966 rim
1550 921 1753 982 potestatemque
1777 930 1837 968 sen-

206 999 363 1073 ἢνοήσιως.
382 997 417 1058 Ἱί
431 998 459 1057 δὲ
474 999 584 1076 δύναμις
597 999 640 1058 διδ
656 1000 703 1070 τὴν
719 999 850 1080 ε’νέργειοίν
864 1006 933 1076 ἐστι,
948 1001 993 1059 καί
1041 1008 1117 1060 tioudi
1133 1012 1177 1058 aut
1201 1006 1353 1073 percipiendi
1382 1005 1515 1056 deliniunt.
1544 1009 1709 1070 nepotesue
1730 1009 1838 1071 propter

206 1091 237 1150 τό
249 1090 337 1168 κόριον
349 1090 375 1146 ἐν
385 1092 419 1168 τῇ
433 1087 560 1168 ε’νεργείομ
578 1089 600 1146 εἰ
612 1087 697 1146 τοίνυν
712 1089 741 1146 τὸ
756 1089 883 1149 δύνασθαι
901 1089 992 1148 αἰσθοί·
1040 1103 1124 1148 actum
1143 1099 1192 1155 est,
1209 1095 1294 1158 reique
1311 1097 1387 1158 cultui
1407 1093 1502 1144 inacta
1519 1094 1650 1144 consistit:
1667 1095 1688 1144 si
1698 1108 1759 1158 crgo
1774 1109 1836 1145 sen-

207 1185 306 1250 νεσθαι,
320 1178 423 1250 diesis,
437 1181 482 1248 ζῆν
494 1180 559 1250 ἐστι,
573 1177 665 1258 πολλῷ
677 1179 777 1254 μᾶλλον
791 1179 890 1238 αὐτότὸ
902 1179 993 1236 αἰσθοί-
1041 1188 1087 1236 tiro
1104 1189 1148 1236 aut
1168 1183 1306 1247 intelligere
1325 1197 1396 1246 posse
1409 1187 1447 1232 cst
1464 1184 1561 1242 vivero,
1581 1184 1660 1234 multo
1677 1185 1760 1249 magis
1773 1191 1836 1236 ecln

207 1267 337 1340 νεσθαι,ἢ
352 1275 419 1326 νοεῖν
431 1269 554 1348 ίνεργείορ.
572 1266 612 1328 Τὸ
627 1267 677 1345 ἄρα
695 1266 910 1340 αἰσθοίνεσθαι,ἣ
927 1277 993 1328 νοεῖν
1040 1273 1132 1326 sentire
1146 1276 1190 1322 aut
1214 1271 1359 1336 intelligere.
1383 1271 1552 1330 Quamobrem
1576 1272 1668 1323 sentire
1684 1277 1730 1322 aut
1755 1273 1836 1322 intet-

208 1355 335 1437 ἐνεργείᾳ,
353 1355 417 1414 αὐτό
432 1357 527 1415 ἔστιτὸ
539 1359 615 1424 ζῆνά
629 1355 659 1413 τό
669 1356 694 1412 δὲ
705 1359 751 1426 ζῆν
764 1357 813 1429 ἡδύ
825 1357 853 1414 τί
866 1358 922 1416 ἐστι
933 1356 992 1416 καθ’
1038 1363 1114 1427 ligore
1129 1364 1186 1411 ectu
1199 1360 1247 1410 hoc
1259 1360 1341 1424 ipsum
1355 1363 1394 1410 est
1407 1361 1475 1425 quod
1490 1360 1575 1412 virere
1590 1375 1711 1414 vocamus
1724 1381 1730 1409 :
1746 1360 1836 1412 risere

208 1445 363 1522 ἑαυτό,καί
389 1444 502 1522 ἀγαθόν,
526 1444 643 1522 μσίλιστα
667 1445 731 1520 μέν,
748 1443 788 1502 δτι
803 1444 948 1522 ὡρισμένον
968 1444 994 1502 τί
1040 1445 1274 1512 antemjucundum
1294 1460 1339 1511 per
1357 1461 1383 1497 se
1399 1451 1437 1496 est
1454 1447 1837 1512 elbonunr,etma1imeqni·

207 1538 263 1594 ἐστι
277 1535 307 1593 τό
319 1538 375 1605 ζῆν.
394 1535 433 1594 Τὸ
446 1534 473 1592 δὲ
489 1535 634 1612 ὡρισμένον
647 1537 693 1604 τῆς
708 1542 752 1593 τοῦ
768 1537 868 1611 ἀγαθοῦ
884 1533 994 1613 φύσεως,
1040 1535 1112 1599 dem,
1126 1533 1185 1599 quia
1204 1535 1366 1583 terraiuatum
1381 1533 1479 1598 aliquid
1502 1537 1539 1584 est
1558 1533 1651 1584 rivere.
1673 1533 1748 1593 Quod
1772 1549 1836 1584 rem

208 1624 327 1703 καθάπερ
344 1621 389 1681 καὶ
407 1621 593 1702 Πυθαγορείοις
607 1621 705 1680 ἐδόκει·
722 1623 768 1680 καὶ
783 1624 834 1702 γὰρ
844 1621 952 1681 ἔταττον
968 1621 994 1678 ἐν
1040 1619 1201 1672 terrulentum
1213 1623 1258 1676 est,
1272 1618 1304 1668 ad
1321 1622 1436 1668 naturam
1447 1618 1593 1682 ipsiusboni
1603 1619 1718 1683 pertinet,
1733 1633 1833 1683 quem-

207 1718 306 1792 τῇτοῦ
328 1715 426 1790 ἀγαθοῦ
443 1711 581 1792 συστοιχία
596 1711 627 1770 τὸ
643 1710 798 1791 ὡρισμένον.
816 1709 931 1772 Ἔπειτα
948 1711 994 1768 καί
1040 1704 1175 1759 ³d¹¹¹⁰d¹¹¹¹¹
1199 1707 1225 1754 θῑ
1254 1704 1413 1768 Ρλίθθὲθῐθὶὓ
1439 1703 1570 1753 Videbatur
1595 1719 1601 1752 ἓ
1628 1703 1673 1768 (illi
1697 1704 1722 1752 in
1750 1717 1830 1758 eum.

208 1806 249 1862 3,,
272 1801 360 1861 mim
385 1805 430 1858 τοῦ
453 1803 498 1870 ζῆ,
522 1800 638 1879 ἐρίξων
658 1791 687 1858 ,ᾗ
711 1801 738 1858 dl:
762 1799 849 1860 „pm
875 1800 992 1881 ἐφίεται,
1035 1803 1114 1855 quem
1125 1786 1277 1844 statuebant,
1292 1785 1413 1836 bonorum
1423 1785 1543 1844 ordinem,
1554 1785 1713 1838 tenninatum
1723 1797 1831 1849 quoqne

208 1889 305 1968 α’γαθόν
321 1893 376 1948 ἐστι
390 1887 449 1946 καθ’
470 1889 547 1946 ἑαυτό
568 1887 614 1944 καί
634 1887 699 1959 ἡδύ·
721 1886 833 1966 λέγωδὲ
855 1890 943 1965 ζωήν,
964 1887 993 1946 οὐ

207 1978 255 2050 τλν
271 1977 428 2057 μοχθηρόν,
450 1977 496 2034 καί
511 1975 610 2052 μυρίων
627 1976 760 2055 γέμουσαν
775 1980 932 2056 συμφορῶν·
949 1976 993 2034 dti-

209 2087 291 2145 ριστοι
307 2064 358 2142 γδιρ
372 2067 399 2122 αἰ
420 2067 555 2134 τοιαῦται,
572 2062 691 2140 καθάπερ
712 2064 758 2122 καί
771 2063 805 2122 τδι
819 2067 903 2143 ταύτῃ
923 2064 994 2141 σύμ-

209 2150 347 2210 6αίνοντα·
362 2152 519 2230 λεχθήσεται
540 2149 567 2208 δὲ
582 2149 642 2228 περί
656 2153 741 2208 αὐτῶν
757 2154 783 2209 ἐν
804 2142 842 2218 οἷς
857 2151 916 2232 περὶ
931 2154 994 2222 ἡδο-

207 2245 253 2311 νῆς
267 2243 390 2318 ἐροῦμεν·
405 2239 461 2297 ἐπεί
473 2238 557 2298 τοίνυν
572 2239 660 2312 τὸμὲν
673 2242 718 2308 ζῆν
735 2237 792 2298 καθ’
808 2239 884 2297 ἑαυτὸ
897 2239 993 2317 ἀγαθόν

158 2377 170 2388 .
208 2330 264 2388 ἐστι
277 2329 320 2386 καί
336 2329 404 2404 ἡδύ,
421 2329 509 2408 χαίρει
527 2326 554 2385 δι’
574 2351 612 2394 τις
628 2327 673 2386 καὶ
689 2327 780 2400 ἥδεται
793 2332 859 2408 δρῶν
870 2329 896 2386 ἐν
908 2331 994 2411 ἑαυτῷ

209 2417 304 2492 α’γαθόν
316 2441 340 2474 τι
356 2418 401 2476 καί
414 2418 482 2489 ἡδύ·
499 2416 628 2496 χαίρομεν
642 2416 693 2496 ἄρα
711 2417 883 2494 καίἡδόμεθα
900 2421 994 2478 αἰσθα-

208 2505 312 2580 νόμενοι
329 2504 367 2563 ὅτι
381 2509 476 2582 ζῶμεν.
504 2504 558 2564 Καί
578 2503 628 2584 γδρ
644 2505 821 2580 αἰσθοίνομεθιι
836 2505 875 2564 ὅτι
892 2509 992 2586 ζῶμεν,

208 2592 298 2674 ὥσπερ
312 2597 422 2674 ὁρῶντες
438 2591 613 2668 αἰσθανόμεθα
633 2593 674 2652 ότι
690 2599 810 2674 δρῶμεν,
827 2596 872 2654 καί
885 2596 994 2656 ἀκούον-

209 2706 250 2748 τες
264 2683 304 2740 ὅτι
319 2683 462 2758 ἀκούομεν,
491 2681 535 2740 καί
551 2681 701 2760 βαδίζοντες
720 2684 759 2740 δτι
779 2683 994 2762 βαδίζομεν,καί

208 2776 323 2838 νοοῦντες
349 2771 394 2828 καί
421 2769 604 2844 αἰσθανόμενοι
631 2769 795 2847 γινώσκομεν
820 2767 861 2828 δτι
886 2777 994 2849 νοοῦμεν

208 2862 253 2918 καί
272 2857 459 2936 αἰσθανόμεθα.
476 2859 515 2918 Τὸ
531 2857 557 2915 δὲ
571 2861 638 2916 νοεῖν
657 2859 702 2918 καί
726 2859 895 2920 αἰσθάνεσθαι
918 2862 995 2920 τοῦτό

208 2950 265 3006 ε’στι
281 2949 311 3004 τὸ
324 2938 391 3005 εἰναι
405 2950 456 3004 τῶν
473 2946 667 3022 αἰσθανομένων
693 2947 737 3006 καί
760 2947 903 3007 νοούντων·
918 2955 987 3008 νοοῦ-

208 3061 255 3114 μεν
273 3037 323 3132 ἄρα
344 3035 383 3094 ὅτι
399 3035 496 3113 ίσμέν,
514 3035 559 3094 καί
574 3035 641 3105 ὅλοις
663 3037 720 3096 ἐστί
745 3061 783 3105 τις
798 3040 823 3096 ἐν
840 3042 903 3114 ἡμῖν
918 3038 994 3096 δύνα-

209 3151 269 3205 μις,
285 3133 302 3207 ᾑ
318 3126 480 3206 γινώσκομεν
496 3127 541 3185 ὅτι
557 3129 712 3208 ίνεργοῦμεν
729 3128 774 3186 καί
789 3131 886 3202 ζῶμεν.
914 3131 947 3188 Εἰ
968 3130 994 3190 δὲ

209 3217 238 3275 τό
251 3219 296 3287 ζῆν
312 3214 424 3292 ἀγαθόν,
443 3217 473 3276 τὸ
488 3216 515 3273 δὲ
531 3214 678 3275 συνειδέναι
699 3215 757 3275 τινδι
776 3218 861 3294 ἑαυτῷ
876 3216 973 3294 ἀγαθόν
986 3268 993 3296 ‚

208 3303 257 3375 ἠδίι
274 3305 331 3362 καθ’
354 3303 431 3362 ἑαυτό
444 3306 514 3376 ἐστι,
530 3303 560 3361 τό
582 3303 634 3383 ἄρα
651 3304 746 3363 εἰδέναι
763 3303 802 3360 ότι
827 3306 928 3380 ζῶμεν,
945 3305 993 3374 ἡδύ

208 3394 288 3452 ἐστιν.
305 3389 382 3450 Ἐπεὶ
396 3390 479 3449 τοίνυν
494 3390 528 3449 τὰ
543 3391 619 3472 ιριίσει
635 3389 720 3470 οἰγαθδ
732 3391 777 3450 καί
792 3393 878 3468 ἡδέα,
899 3395 996 3474 καὶτῷ

210 3479 343 3560 σπουδαίῳ
357 3479 442 3556 οίγαθιί
459 3481 508 3538 εἰσι
526 3481 572 3539 καί
583 3480 647 3551 ἡδέα
657 3527 668 3557 ,
688 3481 834 3551 ἡσθήσεται
849 3481 897 3557 μὲν
915 3484 965 3549 ζῶν
981 3485 995 3538 ὁ

125 3623 129 3626 .
206 3569 366 3640 σπουδαῖος,
384 3569 429 3628 καί
445 3569 562 3646 μάλιστα
585 3573 637 3628 τῶν
652 3569 739 3628 ἄλλων
756 3561 843 3643 οὗτος,
861 3567 921 3626 καθ’
935 3571 994 3628 ὅσον

210 3664 226 3730 ἡ
245 3659 322 3716 αὐτοῦ
334 3658 387 3728 ζωὴ
401 3658 558 3739 αἰρετωτέριι
579 3659 651 3736 ἐστί,
666 3658 711 3717 καί
726 3657 824 3730 ἡδίων,
845 3659 891 3716 καὶ
907 3683 995 3735 μοικα-

211 3748 264 3830 ρίοι.
281 3747 445 3818 Ἡσθήσεται
469 3747 496 3807 δὲ
513 3746 649 3824 γινώσκων
663 3748 703 3806 ότι
724 3753 773 3827 ζῇ·
789 3749 818 3807 τὸ
833 3747 859 3807 δὲ
875 3754 921 3821 ζῆν
941 3752 997 3808 ἐστι

208 3839 239 3896 τὸ
254 3847 334 3898 νοεῖν·
354 3835 446 3908 ἥδεται
465 3838 543 3918 ἄραθ
557 3840 697 3905 σπουδαῖος
720 3837 856 3916 γινώσκων
872 3837 911 3896 ὅτι
928 3841 991 3897 νοεῖ.

209 3925 290 3986 oleo
304 3925 332 3984 δὲ
351 3925 414 4007 πρὸς
428 3925 471 3984 τὀν
487 3927 561 4006 φίλον
581 3930 616 3993 ὡς
630 3927 694 4007 πρὸς
721 3927 811 3986 ἑαυτὸν
826 3930 840 3985 δ
855 3929 995 3996 σπουδαῖος

209 4013 280 4100 ἔχει,
304 4014 389 4095 ἕτερος
404 4015 454 4094 γδρ
472 4017 548 4082 αὐτὸς
563 4019 577 4074 ὁ
602 4016 673 4095 ιρίλος
688 4017 757 4076 ἐστίν
775 4041 780 4051 ·
808 4019 900 4078 οὐκοῦν
916 4041 994 4098 φανε-

210 4105 254 4186 ρόν
265 4152 272 4176 ,
284 4105 324 4162 ότι
339 4103 458 4182 καθάπερ
470 4103 500 4162 τὸ
515 4104 593 4163 αὐτὸν
610 4095 675 4166 εἰναι
688 4106 732 4165 καί
748 4111 794 4179 ζῆν
809 4111 836 4164 αἱ
855 4107 910 4164 ετόν
925 4109 995 4166 ἐστιν

211 4195 281 4271 αὐτῷ
297 4190 342 4250 καί
361 4191 427 4263 ἡδύ,
449 4191 518 4252 οῦτοι
541 4193 630 4253 καὶτὸ
654 4201 699 4254 τοῦ
718 4196 792 4276 φίλου
820 4131 885 4255 εἰρναι
907 4197 993 4271 ζητεῖ,

209 4283 280 4341 τοῦτ’
294 4281 372 4340 ἔστιο
392 4280 422 4340 τὸ
436 4280 480 4338 τὸν
495 4281 569 4362 ρίλον
589 4287 674 4342 νοεῖν·
691 4283 786 4365 τὸγὰρ
807 4275 872 4343 εἰναι
890 4286 934 4344 καί
950 4289 995 4357 ζην

210 4371 240 4430 τό
253 4376 319 4428 νοεῖν
334 4370 404 4428 ἐστιν
414 4369 431 4431 f.
449 4367 555 4458 ἵΩσπερ
577 4373 603 4432 δὲ
618 4371 706 4453 χαίρει
721 4373 857 4448 γινώσκειν
873 4371 992 4450 drusum,

210 4460 291 4526 οὕτως
303 4458 352 4532 ἡδύ
367 4461 437 4518 ἐστιν
460 4461 533 4541 αιἰτῷ
554 4461 598 4519 καί
613 4463 716 4542 αἱρετὸν
729 4461 757 4519 ιδ
777 4461 914 4540 γινώσκειν
928 4462 967 4522 ότι
982 4465 996 4521 δ

211 4547 283 4630 ρίλος
297 4547 368 4608 νοεῖ·
385 4549 414 4606 τὸ
433 4547 459 4606 δὲ
484 4547 621 4628 γινώσκειν
644 4550 687 4608 τὸν
700 4549 774 4631 φίλον
790 4547 830 4608 ότι
850 4552 920 4620 νοεῖ,
939 4551 997 4610 τότε

1039 1874 1192 1938 redigebant.
1205 1871 1274 1922 Adde
1288 1872 1357 1938 quod
1371 1872 1454 1922 omnia
1467 1873 1527 1922 vitae
1543 1871 1679 1936 cupiditate
1695 1871 1801 1933 nagnam
1822 1892 1831 1922 :

1041 1961 1109 2029 quod
1130 1961 1214 2010 autem
1226 1973 1312 2009 omnes
1326 1962 1462 2024 appetunt,
1485 1958 1577 2008 bonum
1590 1961 1627 2008 est
1641 1971 1685 2022 per
1703 1971 1730 2007 se
1749 1961 1776 2006 et
1785 1957 1833 2020 ju·

1040 2044 1170 2096 cundum:
1197 2040 1274 2090 vitam
1292 2055 1351 2091 rero
1370 2041 1440 2098 dico.
1465 2055 1513 2090 non
1530 2041 1644 2090 vitiosam
1660 2042 1686 2089 et
1705 2039 1835 2090 sexcentis

1040 2129 1224 2184 calamitatibus
1241 2125 1375 2178 reiectam:
1392 2126 1582 2176 innumerabiles
1599 2126 1664 2175 enim
1681 2129 1742 2174 sunt
1756 2125 1831 2182 tetes.

1040 2214 1251 2284 quemadmodum
1267 2218 1292 2264 et
1306 2227 1335 2264 ee
1351 2227 1409 2278 qtrae
1428 2213 1451 2262 in
1469 2213 1536 2262 illam
1559 2212 1679 2262 invadunt
1694 2212 1781 2262 mate:
1799 2213 1835 2262 de

1039 2303 1132 2371 quibus
1145 2302 1171 2351 in
1186 2313 1299 2351 sermone
1319 2298 1351 2350 dc
1370 2299 1541 2363 rolrrptatibus
1555 2298 1669 2349 babendo
1690 2297 1835 2362 disputabi-

1040 2405 1097 2442 mus
1117 2406 1122 2438 :
1145 2401 1225 2453 quum
1239 2401 1296 2450 ergo
1309 2385 1394 2435 rivere
1412 2400 1456 2450 per
1480 2399 1506 2435 se
1525 2385 1616 2435 bonum
1632 2385 1664 2435 sit
1690 2389 1716 2434 ct
1733 2386 1832 2448 jucun-

1040 2479 1108 2536 dum,
1134 2489 1214 2541 neque
1234 2475 1368 2539 quisquam
1395 2474 1436 2532 sit,
1454 2474 1498 2538 qui
1523 2487 1571 2523 non
1588 2488 1617 2523 eo
1644 2471 1712 2538 quod
1734 2473 1832 2522 bonum

1040 2575 1066 2621 et
1088 2567 1227 2633 jucundum
1250 2570 1295 2624 est,
1322 2566 1341 2614 si
1368 2565 1394 2614 in
1415 2579 1441 2614 se
1466 2565 1519 2629 ipso
1545 2564 1639 2622 rideat,
1662 2564 1832 2615 delectetur:

1040 2653 1150 2719 protecto
1173 2651 1221 2700 boc
1239 2649 1301 2712 ipso,
1322 2649 1388 2713 quod
1413 2649 1535 2698 sentimus
1553 2662 1598 2697 nos
1621 2648 1714 2706 virere,
1733 2649 1833 2711 gaude-

1041 2747 1097 2784 mus
1115 2735 1140 2781 et
1154 2731 1276 2780 laetamur.
1293 2729 1392 2779 Etenim
1412 2731 1534 2780 sentimus
1553 2745 1597 2780 nos
1619 2730 1711 2789 virere,
1733 2735 1762 2779 ut
1784 2731 1832 2780 ri-

1040 2819 1127 2870 dentes
1144 2815 1317 2866 sentimusnos
1331 2813 1424 2872 videre,
1438 2817 1463 2864 ct
1482 2813 1612 2864 audientes
1624 2830 1669 2864 nos
1686 2815 1783 2873 audire,
1800 2819 1831 2864 et

1042 2901 1199 2953 ambulantes
1225 2913 1270 2950 nos
1290 2899 1431 2956 ambulem.
1459 2899 1517 2949 item
1540 2899 1707 2963 intelligentes
1728 2903 1754 2949 et
1771 2913 1836 2950 sen-

1041 2988 1130 3038 tientes
1143 2985 1320 3050 cognoscimus,
1336 2999 1381 3035 nos
1395 2984 1531 3048 intelligere
1549 2990 1575 3035 et
1587 2984 1687 3036 sentire.
1700 2987 1758 3036 Jam
1769 3001 1836 3036 vero

1040 3075 1066 3125 in
1086 3069 1247 3134 intelligentia
1267 3083 1296 3119 ac
1312 3083 1385 3119 sensu
1410 3069 1569 3120 sentientium
1588 3073 1613 3120 et
1637 3070 1834 3135 intelligentium

1041 3162 1093 3212 viu
1107 3158 1186 3224 posita
1200 3161 1256 3207 est:
1272 3157 1433 3221 intelligimus
1452 3171 1509 3221 ergo
1528 3172 1573 3208 nos
1585 3172 1647 3218 esse,
1672 3172 1702 3208 ac
1715 3173 1774 3210 sone
1789 3159 1834 3210 ia-

1042 3248 1123 3300 cultus
1136 3245 1219 3308 aliqua
1237 3243 1347 3294 innubis
1366 3247 1411 3302 est,
1423 3259 1473 3308 que
1492 3258 1537 3294 nos
1554 3243 1650 3308 aliquid
1662 3257 1736 3307 agere
1749 3249 1774 3296 et
1792 3245 1835 3295 ri-

1043 3344 1101 3380 vere
1118 3327 1295 3390 cognoscimus.
1318 3327 1412 3384 Quodsi
1437 3328 1520 3378 vivere
1539 3331 1577 3378 est
1599 3328 1700 3384 bonum.
1723 3328 1836 3378 othoni

1042 3411 1147 3474 alicuius
1163 3409 1210 3459 sibi
1234 3423 1288 3458 esse
1308 3407 1446 3466 conscium,
1461 3409 1600 3471 jucundum
1623 3424 1668 3474 per
1691 3424 1717 3461 se
1735 3414 1782 3469 est,
1801 3411 1829 3462 id

1043 3497 1124 3563 ipsum
1139 3494 1206 3561 quod
1221 3493 1313 3544 scimus
1335 3507 1380 3543 uos
1404 3493 1495 3554 rivere,
1513 3495 1651 3558 jucundum
1669 3495 1727 3545 erit.
1743 3498 1834 3552 Quum

1044 3578 1169 3642 igiturest
1197 3587 1254 3639 queo
1279 3577 1368 3624 natura
1387 3573 1451 3624 bono
1476 3579 1534 3625 sunt
1568 3579 1595 3626 et
1621 3576 1748 3640 jucunda,
1774 3577 1835 3626 sico

1044 3662 1107 3712 bono
1132 3657 1207 3708 etlam
1236 3656 1299 3708 buna
1331 3661 1357 3708 ct
1380 3658 1492 3722 iucunda
1524 3658 1588 3716 siut,
1619 3657 1747 3710 laetabitur
1777 3659 1834 3710 rita

1045 3765 1090 3800 sua
1110 3749 1247 3800 virbonus
1270 3747 1391 3809 tantoque
1415 3743 1495 3807 magis
1518 3757 1594 3808 quam
1610 3743 1709 3806 reliqui,
1732 3747 1834 3807 quanto

1044 3832 1122 3896 ipsius
1139 3831 1191 3880 vita
1211 3826 1341 3891 optabilior
1354 3829 1392 3875 est
1404 3829 1430 3876 et
1441 3824 1574 3890 jucundior
1586 3827 1611 3874 et
1625 3821 1730 3873 felicior.
1747 3827 1834 3875 imte-

1044 3913 1112 3963 bilur
1133 3917 1230 3970 autom,
1250 3909 1318 3974 quod
1348 3907 1471 3970 cognoscit
1489 3921 1516 3956 se
1535 3905 1641 3955 virere:
1663 3905 1748 3956 virete
1770 3919 1833 3956 rero

1044 3999 1083 4046 est
1104 3995 1240 4058 intelligere
1261 4013 1266 4042 :
1284 4005 1362 4056 queue
1375 3991 1476 4040 laetatur
1497 3990 1535 4039 vir
1558 3989 1637 4039 bonus
1656 3988 1681 4037 in
1699 3989 1745 4038 boc
1758 3990 1832 4053 quod

1045 4093 1072 4130 sc
1103 4079 1238 4142 intelligere
1276 4071 1459 4123 animadvertit.
1503 4071 1627 4120 Caeterum
1657 4068 1683 4116 in
1718 4067 1827 4116 enricum

1046 4162 1082 4212 ita
1099 4163 1223 4212 animatus
1245 4161 1283 4208 est
1303 4155 1342 4204 vir
1356 4155 1442 4212 bonus¹
1458 4155 1487 4202 ut
1505 4151 1528 4200 in
1550 4165 1576 4202 se
1592 4151 1679 4215 ipsum,
1702 4149 1829 4211 siquidem

965 4291 980 4304 ε
1045 4247 1139 4298 amicus
1155 4247 1218 4296 altor
1233 4244 1298 4295 idem
1317 4245 1355 4292 cst
1376 4241 1500 4303 :apparet
1519 4236 1603 4299 igitur,
1618 4229 1831 4298 quomadmodum

965 4380 975 4392 .
1045 4350 1071 4386 sc
1085 4349 1138 4385 esse
1151 4338 1176 4386 et
1194 4333 1279 4384 vivero
1294 4327 1402 4394 optabile
1420 4325 1443 4374 ci
1455 4327 1493 4373 est
1506 4325 1530 4372 et
1542 4318 1693 4384 jucundum.
1708 4315 1832 4365 sicetiam

1044 4421 1130 4482 optare
1142 4431 1208 4475 eum,
1224 4419 1251 4465 ut
1271 4413 1366 4464 amicos
1380 4409 1421 4468 sit,
1437 4407 1463 4456 id
1477 4408 1527 4462 cst.
1544 4401 1664 4464 intelligat
1682 4416 1689 4446 ε
1711 4397 1833 4449 nimirum

1045 4518 1098 4554 esse
1109 4507 1134 4552 ct
1150 4503 1234 4553 virere
1248 4504 1288 4552 est
1301 4497 1443 4558 intelligere.
1462 4492 1532 4544 Sicut
1550 4493 1635 4538 autem
1652 4481 1746 4549 gaudcl
1762 4487 1834 4549 qnod

1044 4583 1226 4639 annnadvertit,
1248 4596 1274 4632 se
1293 4577 1435 4640 intelligere,
1457 4573 1491 4622 ita
1508 4569 1646 4635 jocundum
1668 4565 1691 4615 ei
1712 4573 1754 4621 est
1767 4566 1834 4618 illud

211 4636 281 4696 ioris
295 4637 430 4719 ἐίῑρίεἰῦν
445 4636 506 4696 ὅταν
519 4637 586 4698 αὐτὰ
601 4637 745 4718 lll‘¹'’⁶³‘i.ia
759 4643 827 4712 νθῑῗν
843 4644 892 4719 θῦλ
906 4639 997 4706 ἁπλῶς
1043 4672 1069 4718 et
1081 4667 1201 4732 optabile,
1213 4666 1281 4732 quod
1301 4664 1409 4715 amicum
1424 4657 1560 4720 intelligere
1573 4654 1769 4706 animadvertit:
1785 4654 1834 4703 boc

210 4723 250 4784 3³⁸
264 4728 420 4786 διανοεῖταί·
435 4732 512 4786 τθῧῐθ
526 4726 553 4786 δὲ
567 4727 658 4806 Υἷνθῑῖ’
674 4727 705 4786 ἂν
720 4730 746 4786 ἓν
759 4732 796 4808 τῷ
811 4732 856 4800 ζῆν
874 4727 931 4804 θεῖ’
949 4729 996 4786 ἀλ·
1044 4755 1135 4808 autem,
1151 4754 1180 4800 ut
1191 4751 1299 4800 amicum
1314 4745 1449 4808 intelligere
1471 4738 1661 4797 anbnadverlat‚
1673 4741 1727 4788 tum
1744 4750 1834 4787 revere

211 4815 316 4890 λήλων,
333 4815 378 4876 καί
391 4823 523 4875 κοινωνεῖν
534 4817 618 4893 λόγοιν
629 4815 675 4875 καί
691 4817 804 4884 διανοίας
820 4835 827 4851 ·
841 4821 929 4876 τοῦτον
945 4815 995 4894 γδιρ
1044 4831 1066 4881 ei
1093 4831 1226 4895 contingit,
1255 4843 1334 4895 quum
1352 4841 1380 4876 ea
1411 4823 1464 4888 ipsa
1491 4819 1594 4885 percipit
1620 4834 1678 4884 qum
1700 4819 1832 4882 intelligit,

211 4906 254 4965 τὸν
270 4905 367 4985 τρόπον
383 4909 462 4978 συζῆν
475 4909 497 4966 οἰ
514 4905 646 4986 ἄνθρωποι
663 4905 794 4984 λέγονται·
812 4909 841 4964 οὐ
857 4905 907 4985 γὰρ
925 4905 954 4962 τὸ
969 4907 996 4962 ἐν
1043 4928 1091 4964 non
1110 4929 1187 4979 quum
1201 4913 1345 4978 simpliciter
1361 4906 1454 4972 aliquid
1471 4919 1527 4954 eum
1544 4905 1651 4967 cogitare
1671 4901 1836 4952 animadvers

212 4999 250 5077 τῷ
264 4999 336 5078 αὐτῷ
358 4989 423 5056 εἶναι
442 5000 522 5069 συζῆν
545 5000 616 5072 ἐστι,
634 4997 753 5074 καθάπερ
769 4995 812 5056 ἐπὶ
827 4999 878 5055 τῶν
896 5001 995 5076 pm.
1045 4994 1101 5044 tit:
1129 4995 1177 5044 boc
1198 4998 1282 5044 autem
1301 4993 1326 5042 in
1348 4987 1476 5040 hominum
1503 4986 1566 5034 iuter
1597 4997 1625 5032 sc
1647 4981 1773 5032 consortio
1793 4981 1832 5039 tit,

246 5201 258 5226 *
271 5200 447 5267 Φυσικὼτερον
466 5203 492 5250 et
505 5202 682 5252 ἐπισκοποῦσιν
695 5201 748 5252 κτλ.
