3934 5956
238 421 297 484 324
848 406 1056 470 ANDRONIGI
1076 407 1211 469 ennon

237 549 394 628 ζητούμενον
407 551 452 628 τῶγ
468 545 615 624 εὐδαίμονι,
634 545 663 604 τδ
685 545 793 622 μόνιμον
808 541 928 615 δηλονότι
945 545 1016 624 αὐτῷ
1062 551 1211 614 quonimus,
1226 551 1255 600 nt
1266 549 1384 601 nimimm
1398 547 1492 599 bonnm
1509 547 1601 600 hebeat
1617 547 1717 612 stabile,
1738 563 1768 600 ac
1783 549 1842 600 dum

237 631 304 699 είναι
316 639 345 698 τδ
356 637 464 719 ἀγαθόν,
479 635 524 695 καί
534 635 609 694 ἔσται
620 634 663 693 διδ
675 633 732 714 βίου
747 633 889 711 εὐδαίμων.
902 632 954 692 ’stet
965 631 1017 714 γδιρ
1062 639 1113 689 vita
1129 639 1239 703 suppetit
1258 637 1378 689 felicitate
1395 639 1490 688 utatur.
1540 639 1604 688 Nam
1627 637 1667 688 vel
1687 651 1787 702 semper
1806 640 1841 690 nei

235 727 253 798 ἢ
271 725 387 804 μάλιστα
402 726 508 784 πάντων
522 722 616 804 πράξει
630 722 675 783 καί
686 723 812 803 θεωρησει
825 722 872 790 τδς
882 721 942 781 κατ’
952 723 1017 804 άρε-
1061 727 1172 778 omnium
1183 727 1292 778 maxime
1302 739 1331 776 ea
1342 729 1368 776 et
1385 727 1442 790 aget
1459 727 1485 775 ci
1503 725 1587 775 auimo
1604 728 1696 785 cernet,
1716 739 1776 790 qua
1790 739 1842 775 uam

235 812 283 886 τὴν
298 813 404 896 πράξεις
418 811 464 872 καί
483 813 605 892 θεωρίας.
1061 818 1155 868 virtute
1168 818 1298 882 coniuncta
1310 817 1376 867 sunt.
1392 815 1458 873 Quin
1472 815 1548 866 etiam
1560 813 1669 867 iortnnae
1683 817 1787 866 casibus
1797 817 1843 866 ob-

277 902 356 963 *dei
366 903 431 983 πρὸς
439 901 487 968 τίς
500 903 582 980 τύχας
594 899 733 974 στήσεται,
749 899 794 960 καί
808 899 858 960 osi
872 902 923 960 τῶν
937 902 1015 959 ίναν-
1062 908 1146 966 sistet,
1171 921 1253 974 noque
1274 919 1385 972 unquam
1408 905 1441 955 ab
1463 903 1615 956 aduersariis
1629 905 1779 964 mutabitur,
1805 904 1845 955 sed

234 995 296 1054 τίων
319 994 442 1068 οὐδεμίαν
458 991 579 1050 πείσεται
603 989 774 1067 μεταόολήν,
801 990 860 1050 ἀλλ’
886 987 953 1049 οἴσει
979 987 1015 1048 τδι
1061 1009 1217 1062 quecunque
1237 995 1387 1060 ingruerint,
1412 993 1578 1058 pulcbenime
1599 997 1625 1046 et
1647 993 1847 1044 commodissime

235 1082 486 1142 insinuantibus
507 1080 552 1139 καί
569 1077 754 1157 ἕμμελίστατα
767 1076 845 1156 όγελ
861 1079 896 1144 ῶς
915 1079 1017 1151 άληθῶς
1061 1083 1135 1143 feret,
1152 1087 1181 1134 ut
1194 1097 1253 1135 scre
1264 1083 1304 1134 vir
1321 1082 1401 1133 bonus
1416 1084 1442 1132 et
1463 1083 1516 1132 sino
1533 1081 1718 1146 vituperatione
1736 1081 1847 1146 quadra-

234 1169 342 1249 άγαύός,
358 1168 404 1228 καί
418 1169 595 1248 τετράγωνος,
612 1167 673 1226 ἄνευ
692 1165 783 1246 ψόγου.
1061 1175 1110 1224 tus.
1130 1155 1133 1164 ¹

275 1256 300 1283 **
317 1257 428 1316 Πολλῶν
443 1255 469 1314 δὲ
482 1255 563 1314 όντων
578 1259 630 1313 τῶν
643 1251 826 1332 ἐπερχομένων
840 1251 892 1310 άπδ
906 1256 952 1324 τῆς
966 1253 1012 1310 τό·
1092 1261 1142 1313 Sed
1151 1275 1230 1326 quum
1242 1261 1323 1311 multa
1334 1260 1438 1311 fortuito
1453 1259 1576 1319 eveniant,
1587 1247 1848 1323 eaquemagnitudinc

232 1369 282 1426 χης
309 1343 354 1404 καί
369 1347 422 1404 τῶν
435 1343 482 1420 μὲν
496 1341 618 1422 μεγάλων
629 1340 722 1416 ὄντων,
737 1345 788 1398 τῶν
804 1340 831 1398 δί
845 1343 959 1420 μικρῶν,
979 1338 1013 1398 cd
1060 1351 1085 1399 et
1104 1349 1228 1413 parvitate
1239 1347 1370 1408 differant,
1389 1362 1473 1400 rerum
1486 1361 1661 1414 prosperarum
1675 1346 1795 1412 itemque
1805 1347 1848 1398 ad·

233 1435 281 1514 μὲν
292 1433 373 1513 μικρδι
387 1437 438 1492 τῶν
451 1433 652 1512 εὐτυχημάτων,
669 1429 763 1506 ὁμοίως
786 1427 871 1487 δὲκαὶ
887 1433 937 1487 τῶν
953 1435 1014 1487 άτυ-
1060 1451 1190 1488 versamm
1206 1438 1317 1502 parvitas
1332 1437 1428 1488 nullam
1441 1437 1497 1488 viro
1510 1437 1574 1488 bono
1589 1437 1730 1487 molestiam
1748 1436 1851 1487 exbibe-

232 1523 382 1604 χημάτων,
403 1523 433 1580 οὐ
447 1519 552 1602 παρέξει
568 1520 713 1600 πράγματα
728 1522 765 1599 τῷ
782 1517 932 1597 σπουδαίῳ,
956 1517 1014 1577 οὐδὲ
1059 1526 1109 1586 bit,
1126 1540 1208 1591 noque
1224 1527 1300 1576 nilum
1314 1526 1373 1576 vitu
1388 1527 1442 1591 ejus
1453 1526 1614 1576 mutationmn
1628 1523 1712 1575 faciet.

234 1611 322 1681 ἐπάξει
338 1614 375 1690 τῷ
390 1607 440 1690 βίῳ
455 1606 615 1684 μεταόολήν.
1092 1619 1182 1680 Magna
1196 1618 1282 1666 autem
1302 1615 1409 1666 fortunae
1420 1613 1540 1666 beneficia
1553 1617 1579 1664 ot
1592 1614 1673 1664 multa
1687 1614 1771 1664 vitam
1792 1614 1850 1664 bea·

274 1699 313 1725 ***
340 1697 384 1758 Τδ
408 1697 435 1754 δὲ
450 1696 553 1773 μεγάλα
576 1693 621 1752 καί
643 1693 746 1765 πολλά,
765 1693 937 1774 εὐτυχήματα
965 1693 1012 1770 μίν
1061 1701 1148 1752 tionem
1159 1700 1418 1766 efficient3siquidcm
1436 1700 1480 1751 iilo
1494 1700 1641 1752 felicitatem
1654 1701 1729 1752 simut
1743 1706 1848 1761 ornant,

233 1787 314 1861 όντα,
338 1784 534 1862 μακαριώτερον
549 1781 592 1840 τόν
609 1783 664 1860 βίον
678 1783 791 1853 ποιήσει·
808 1782 854 1840 καί
873 1783 924 1861 γάρ
947 1782 1014 1840 αὐτὰ
1059 1804 1103 1840 nec
1115 1789 1204 1840 nisiod
1218 1790 1400 1854 pulcherrimas
1412 1803 1479 1840 reso
1495 1790 1551 1840 niro
1563 1789 1629 1841 bono
1637 1789 1801 1840 adhibentur.

235 1875 422 1948 συνεπικοσμεῖ
440 1870 487 1942 riv
509 1869 685 1946 εὐδαιμονίαν·
706 1875 803 1950 χρῆται
822 1869 873 1950 γάρ
892 1873 980 1939 αὐτοῖς
1000 1876 1014 1931 δ
1091 1881 1122 1928 nt
1134 1893 1173 1929 nes
1189 1879 1300 1930 adverso
1315 1881 1431 1944 premunt
1442 1880 1469 1929 et
1480 1882 1642 1943 corrumpunt
1654 1879 1729 1928 vitam
1743 1879 1850 1930 beatam

233 1964 372 2027 σπουδαῖος
387 1961 430 2018 ἐπὶ
444 1959 627 2018 τδικάλλιστα.
1060 1971 1085 2017 et
1101 1968 1238 2018 multorum
1260 1981 1392 2018 muncrum
1412 1965 1552 2018 functiones
1573 1967 1724 2032 impediunt3
1747 1983 1849 2018 verun-
1951 1981 1952 2038 γ

273 2049 327 2077 *⁸*
342 2048 511 2128 Ἀτυχήματα
527 2047 553 2106 δὲ
567 2046 630 2106 ὄντα
645 2046 727 2106 θλίύει
738 2047 786 2123 μὲν
799 2047 844 2106 καί
859 2048 1012 2124 λυμαίνεται
1060 2060 1142 2106 tamen
1163 2056 1237 2106 etiam
1254 2056 1279 2105 in
1293 2055 1334 2106 bis
1352 2055 1465 2120 splendet
1479 2059 1555 2121 atque
1574 2056 1654 2106 elucet
1671 2056 1757 2120 ipsum
1770 2057 1851 2108 bone·
1951 2061 1952 2086 ί

231 2143 262 2202 τὸ
273 2139 411 2218 μακάριον,
420 2138 463 2196 καί
475 2137 607 2213 ἐμποδίζει
617 2137 727 2202 πολλαῖς
738 2135 888 2216 ἐνεργείαις,
905 2136 975 2214 ὅμως
988 2137 1014 2198 δὲ
1060 2147 1135 2202 stum,
1147 2147 1201 2193 tum
1211 2143 1326 2198 maxime.
1337 2157 1417 2208 quum
1427 2143 1484 2208 quis
1493 2144 1586 2194 multas
1595 2147 1620 2194 et
1629 2158 1732 2208 maguus
1744 2145 1851 2195 calami·
1951 2175 1952 2186 ι

231 2231 277 2289 καί
297 2233 323 2289 ε’ν
334 2227 432 2294 τούτοις
448 2226 593 2304 διαλάμπει
608 2224 638 2283 τὸ
653 2224 747 2296 καλόν,
764 2225 869 2284 ἐπειδάν
893 2223 959 2306 φέρῃ
976 2249 1015 2293 τις
1060 2233 1124 2280 tates
1139 2245 1211 2296 coquo
1226 2229 1378 2291 animosum,
1402 2245 1450 2281 non
1469 2231 1538 2295 quod
1556 2231 1740 2284 dolorisecnsn
1764 2237 1849 2283 meent

233 2319 345 2384 εὐκόλους
359 2317 458 2382 πολλδις
474 2314 517 2373 καί
531 2315 649 2393 μεγάλας
662 2314 788 2394 ἀτυχίας,
803 2316 831 2372 οὐ
849 2313 883 2372 δι’
898 2316 1013 2394 άναλγη·
1059 2321 1220 2384 stupeatque‚
1235 2319 1278 2370 scd
1291 2319 1359 2384 quod
1372 2321 1482 2384 generosi
1494 2319 1627 2384 magnique
1644 2323 1683 2371 est
1697 2321 1788 2372 animi.

232 2406 291 2466 σίαν
305 2403 351 2464 καλ
369 2401 559 2474 σἰναισύησίαν,
582 2402 649 2461 eiii
666 2403 790 2480 γεννάδας
806 2399 842 2460 ῶν
858 2401 904 2460 καί
928 2425 1013 2480 μεγα-
1090 2408 1117 2458 Si
1127 2407 1227 2457 enimin
1241 2421 1374 2458 munorum
1385 2405 1556 2458 functionibus
1565 2408 1656 2458 virtuti
1671 2409 1847 2460 consentaneis
1951 2463 1952 2484 γ

234 2495 359 2576 λόψηχος,
1059 2495 1220 2546 beatitudinis
1236 2499 1325 2546 natura
1336 2497 1436 2558 nititur,
1456 2499 1533 2560 atquc
1543 2496 1584 2546 bon
1599 2496 1661 2547 vitos
1671 2497 1756 2548 beatas
1772 2497 1850 2548 donni·
1951 2533 1952 2572 ρ

273 2581 338 2608 *****
356 2583 388 2640 E!
404 2579 455 2660 γδιρ
469 2581 493 2636 is
507 2587 563 2646 ταῖς
580 2580 640 2638 κατ’
669 2576 763 2658 ἀρετὴν
780 2577 918 2656 ἐνεργείαις
935 2582 1013 2656 ἡμιι-
1059 2588 1145 2636 natum
1168 2599 1342 2650 summamque
1363 2584 1426 2635 adeo
1449 2587 1601 2650 potestatem
1619 2585 1750 2646 obtinent.
1778 2600 1849 2638 nemo
1951 2637 1952 2644 ,

231 2671 355 2751 καριότης
364 2657 539 2748 ίχειτδείναι,
553 2665 598 2726 καί
610 2657 783 2744 αὐταικύριαί
795 2668 844 2724 εἱσι
858 2671 904 2738 τῆς
916 2672 960 2725 τοῦ
971 2669 1013 2726 εὐ·
1035 2667 1042 2746 ξ
1059 2690 1170 2740 unquam
1181 2677 1225 2741 qui
1245 2676 1334 2727 beatus
1345 2676 1407 2740 erit,
1427 2677 1504 2727 miser
1523 2680 1562 2728 est
1575 2675 1685 2737 ininius.
1701 2678 1767 2742 quia
1786 2693 1849 2728 nnn-

232 2760 354 2834 δαίμονος
364 2759 443 2835 ζωῆς,
455 2755 535 2821 οὐδεὶς
547 2755 578 2812 ἂν
592 2754 692 2832 γένοιτο
705 2757 756 2812 τῶν
769 2753 907 2834 μακαρίων
918 2755 1012 2822 ἅθλιος·
1036 2755 1039 2764 '
1057 2777 1133 2828 quam
1145 2767 1201 2828 agot
1216 2776 1274 2828 quo
1284 2763 1342 2814 odio
1352 2763 1426 2827 digna
1440 2767 1499 2814 sunt
1510 2768 1555 2814 aut
1569 2765 1690 2830 improba.
1708 2767 1847 2816 Hominem

231 2847 354 2906 οὐδέποτε
367 2845 418 2924 γάρ
433 2843 525 2924 πράξει
538 2843 683 2918 τλμισητδι
697 2843 742 2900 καί
757 2844 854 2922 φαῦλα.
896 2843 949 2902 Τὸν
962 2845 1012 2923 γδρ
1058 2852 1847 2918 ειιίιιινιινεμιιιύειιῑειιιεεμιυίνιιιυριιίοιιιιιεοιιιαοαίοηιιαω

231 2941 266 3002 ὡς
284 2937 385 3006 άληθῶς
409 2932 527 3014 ἔμφρονα
547 2933 591 2991 καί
614 2931 710 3010 άγαθύν
733 2932 821 2997 πάσας
843 2931 951 3009 οίόμεύα
966 2934 1013 3002 τδις
1058 2955 1130 2992 casus
1141 2941 1256 2992 occenner
1267 2939 1333 2992 ierne
1352 2944 1395 2991 :et
1406 2941 1618 3006 quemadmodum
1629 2942 1743 3006 opiimus
1755 2941 1846 2992 artifex

230 3022 312 3102 τόχοις
329 3020 499 3102 εὐσχημόνως
521 3019 616 3101 ρι’ρειν·
632 3019 674 3078 καλ
690 3019 810 3102 καθάπερ
828 3020 957 3099 δάριστος
970 3047 1012 3082 τε·
1056 3027 1082 3076 iu
1094 3027 1204 3091 qualibet
1218 3031 1323 3080 materia
1339 3031 1419 3080 artem
1440 3043 1512 3080 suam
1530 3032 1653 3088 ostentat,
1668 3031 1694 3080 et
1705 3029 1764 3080 dux
1782 3031 1847 3096 opti-

230 3113 321 3190 χνίτης
337 3107 390 3166 ἀπὸ
405 3111 452 3176 τῆς
469 3105 597 3187 τυχούσης
611 3105 675 3176 ὐλης
686 3105 734 3178 τὴν
751 3109 819 3166 ἰδίαν
838 3107 1012 3169 ἐπιδείκνυται
1057 3129 1114 3165 mus
1128 3117 1254 3176 exercitu,
1271 3131 1347 3181 quom
1359 3117 1424 3167 forte
1437 3117 1529 3178 babet,
1540 3118 1597 3170 iicet
1608 3132 1657 3168 uon
1670 3118 1782 3168 eximius
1796 3119 1845 3178 sit.

229 3197 342 3274 τέχνην,
358 3193 403 3254 καί
419 3193 565 3274 στρατηγός
579 3194 628 3269 μὲν
647 3196 684 3270 τῷ
701 3194 811 3272 παρόντι
826 3197 1011 3279 στρατοπέδῳ,
1056 3203 1239 3267 pugnacissime
1251 3204 1340 3267 utitur,
1354 3207 1379 3254 et
1389 3208 1460 3254 sutor
1470 3206 1581 3270 optimus
1590 3217 1622 3254 ex
1631 3205 1662 3254 iis
1671 3205 1847 3270 pellibusque

229 3283 275 3342 καὶ
290 3281 363 3361 εἰμὴ
385 3280 519 3360 ἀξιόλογον
533 3279 588 3353 είη,
607 3285 707 3358 χρῆται
721 3283 945 3358 πολεμικώτατα,
965 3286 1011 3344 καί
1058 3289 1089 3340 ad
1107 3303 1166 3340 oum
1185 3290 1275 3341 delato
1295 3293 1367 3350 sunt,
1388 3290 1499 3341 calceum
1515 3290 1712 3356 pulcherrimum
1732 3292 1845 3351 conticit.
1951 3311 1952 3316 ¹

229 3379 243 3434 δ
259 3371 419 3449 σκυτοτόμος
434 3374 448 3429 ὁ
462 3371 568 3450 άριστος
579 3373 609 3428 ἐκ
622 3372 674 3426 τῶν
689 3370 814 3428 δοθέντων
828 3375 930 3429 σκυτῶν
943 3375 1010 3435 κάλ·
1056 3381 1193 3446 eodemque
1201 3381 1276 3431 modo
1287 3381 1372 3432 canteri
1381 3380 1488 3431 artifices
1496 3393 1582 3432 omnes
1595 3381 1648 3432 :ita
1657 3383 1684 3432 et
1693 3380 1788 3431 beatus
1799 3395 1847 3432 non

230 3464 318 3521 λιστον
342 3459 468 3536 ὑπόδημα
489 3465 574 3526 ποιεῖ,
601 3457 645 3516 τδν
663 3461 741 3514 αὐτὸν
767 3457 903 3538 δὲτρόπον
919 3462 964 3520 καί
987 3467 1011 3523 οἱ
1056 3483 1153 3534 semper
1171 3482 1301 3534 prosperos
1311 3483 1397 3520 rorum
1410 3483 1542 3522 successus
1558 3473 1642 3534 petet,
1660 3469 1705 3520 sed
1719 3483 1766 3534 pro
1777 3485 1847 3536 μεω-

231 3550 307 3610 άλλοι
319 3555 436 3628 τεχνῖται
450 3545 574 3615 ἅπαντες·
591 3543 660 3605 otro
676 3544 721 3604 καί
735 3549 748 3604 δ
765 3546 893 3628 μακάριος
904 3552 952 3610 οὐκ
966 3551 1012 3611 εὐ-
1056 3558 1120 3608 sonti
1131 3556 1231 3608 fortuna
1242 3571 1339 3622 semper
1347 3557 1538 3622 praeclarissima
1551 3557 1666 3609 facinora
1677 3557 1780 3610 efficiet.

231 3663 303 3722 ροιαν
320 3637 360 3697 ἀεί
376 3636 564 3712 ζητήσει,άλλ’
576 3635 606 3694 ίκ
621 3637 666 3707 τῆς
676 3635 812 3714 παρούσης
826 3637 907 3716 τύχης
925 3640 965 3700 ὐεί
978 3639 1010 3700 τλ
1087 3646 1207 3704 Quocirca
1225 3645 1301 3696 misen
1321 3646 1363 3697 ille
1377 3661 1505 3712 nunquam
1526 3647 1587 3706 erit,
1607 3647 1652 3698 sed
1668 3648 1845 3698 tantummodo

227 3731 357 3791 κάλλιστα
371 3725 475 3808 πράξει.
527 3785 530 3791 Δ
1055 3751 1104 3786 non
1117 3737 1205 3788 beatus
1216 3741 1410 3802 proptercasum
1421 3738 1588 3802 repentinum,
1600 3737 1622 3787 si
1635 3736 1661 3786 in
1671 3737 1764 3787 Psiami
1775 3739 1846 3788 cate

268 3815 350 3846 ******
362 3814 416 3876 ίίαλ
427 3815 470 3875 διδ
480 3817 556 3874 τοῦτο
570 3813 656 3882 άύλιος
666 3813 713 3892 μὲν
725 3812 848 3875 οὐδέποτε
860 3815 955 3894 γίνοιτ’
967 3819 1009 3894 ἂν,
1054 3825 1154 3876 mitates
1165 3824 1286 3876 inciderit.

227 3906 297 3968 ἀλλὰ
322 3904 443 3983 μόνονού
459 3905 609 3984 μακάριος0
624 3906 671 3974 τῆς
694 3927 723 3983 γε
744 3901 825 3983 τιίχης
849 3903 942 3980 ἕνεκα,
963 3909 1008 3969 ε’δν
1085 3916 1170 3978 Neque
1183 3926 1241 3964 veno
1255 3913 1576 3973 vaniusetmntabilisenit,
1589 3913 1741 3978 qnianeque
1753 3925 1844 3964 secun-

227 3994 390 4075 Πριαμικαῖς
405 3993 532 4074 περιπέσῃ
545 3991 649 4074 τύχαις.
1054 4000 1093 4052 dis
1108 4000 1264 4054 sebusiacile
1281 4002 1431 4062 movebitur,
1445 4015 1526 4067 neque
1539 4001 1692 4068 quibuslibet
1703 4002 1780 4053 rebus
1797 4001 1844 4050 ad-

267 4079 361 4108 *******
382 4081 452 4141 Οὐδὲ
474 4080 505 4151 δὴ
527 4083 642 4150 ποικίλος
656 4105 685 4161 γε
709 4081 754 4141 καί
783 4080 957 4158 εὐμετάόολος
978 4083 1009 4144 ί-
1054 4090 1147 4150 vensis,
1160 4089 1205 4142 sed
1216 4091 1428 4154 magnisiortasse
1442 4095 1467 4142 et
1480 4091 1574 4141 multis.

227 4188 298 4230 σται·
316 4166 374 4226 οὐτε
389 4166 438 4246 γάρ
455 4169 507 4228 ἀπὸ
521 4173 567 4240 τῆς
593 4168 759 4246 εὐδαιμονίας
771 4171 941 4242 κινηθήσεται
957 4176 1008 4253 pq·
1086 4179 1135 4230 Sed
1151 4192 1182 4230 ne
1200 4179 1241 4230 his
1257 4179 1359 4245 quidem
1372 4179 1464 4230 facile:
1485 4179 1621 4244 mquidem,
1641 4177 1840 4244 quotiescunque

226 4259 302 4331 δίως,
318 4255 376 4314 οὐτε
389 4255 439 4313 ὐπὸ
455 4260 506 4315 τῶν
522 4259 654 4336 τυχόντων
671 4257 860 4336 ἀτυχημάτων,
877 4259 936 4318 ἀλλ’
952 4259 1008 4318 iani
1054 4269 1151 4320 emotis
1165 4269 1339 4329 seemerserit.
1351 4282 1439 4320 rursus
1454 4268 1526 4334 longo
1538 4272 1649 4334 tempore
1658 4266 1690 4318 ad
1702 4267 1841 4332 perfectam

226 4347 348 4427 μεγάλων
363 4341 426 4412 ἴσως
441 4345 486 4405 καί
503 4347 619 4407 πολλῶν.
1054 4360 1182 4424 perveniet
1194 4358 1352 4419 felicitatem,
1368 4373 1383 4410 ιι
1401 4373 1452 4425 qua
1466 4357 1499 4410 ad
1519 4361 1619 4423 tempus
1641 4357 1769 4422 digressus
1789 4361 1840 4415 est.

265 4433 369 4464 ’ΨΜ
379 4433 436 4497 Καὶ
445 4433 503 4494 οὐδὲ
514 4433 566 4492 ὐπὸ
577 4433 674 4492 τούτων
686 4433 789 4516 ῥαδίως·
802 4433 1007 4495 ἰπείκαίάπαλ-
1053 4445 1113 4510 quio
1130 4460 1179 4498 uon
1197 4447 1269 4499 facile
1282 4451 1407 4508 movetur,
1429 4447 1474 4499 sed
1490 4447 1564 4511 longo
1577 4445 1695 4511 temporis
1708 4447 1842 4498 intervallo

224 4528 313 4606 λαγείς
322 4531 374 4586 τῶν
390 4523 598 4604 δυστυχημάτων
609 4525 655 4583 οὐκ
666 4527 692 4582 ἐν
706 4523 787 4604 ὀλίγῳ
798 4521 885 4604 χρόνῳ
896 4523 960 4603 πρὸς
976 4526 1007 4584 τδ
1053 4534 1112 4585 talis
1127 4536 1189 4595 erit,
1205 4550 1283 4602 quum
1298 4549 1445 4601 magnarum
1454 4539 1480 4587 et
1494 4535 1655 4587 bonestorum
1666 4549 1754 4585 rerum
1763 4535 1842 4585 inter·

224 4616 322 4675 τελειον
335 4612 431 4696 αἰγαθύν
443 4619 651 4690 μεταπεσεῖται,
663 4603 693 4672 οὐ
705 4612 954 4692 μικρδνπαρίκλινε,
965 4610 1008 4669 διδ
1052 4636 1082 4674 ee
1096 4637 1195 4689 compos
1208 4624 1289 4676 iactus
1302 4625 1388 4677 tuerit.

223 4702 255 4763 τὸ
263 4702 300 4781 μὴ
310 4705 445 4776 εὐκίνητος
453 4689 528 4760 εἶναι·
540 4699 634 4760 ἀλλ’ἐν
643 4703 735 4780 πολλῷ
744 4700 831 4784 χρόνῳ
841 4699 915 4761 ἔσται
924 4707 1008 4763 τοιού-
1084 4711 1151 4771 Quid
1162 4712 1239 4776 igitur
1251 4713 1379 4778 prohibet,
1395 4713 1529 4778 quominus
1538 4711 1614 4762 talem
1627 4711 1755 4762 bominem
1769 4710 1840 4762 dieo-

223 4815 277 4866 τος,
291 4795 414 4872 μεγάλων
426 4790 471 4850 καί
481 4793 570 4850 καλῶν
582 4790 609 4850 lv
622 4789 707 4871 τούτῳ
722 4789 857 4870 γενόμενος
870 4791 1005 4872 ἐπιτυχής.
1054 4813 1111 4851 mus
1133 4801 1248 4862 beatum,
1262 4803 1306 4867 qui
1320 4816 1378 4854 suas
1391 4803 1500 4854 actiones
1515 4801 1624 4867 perfecte
1635 4801 1733 4851 virtute
1750 4800 1840 4863 dirigat

263 4881 381 4910 *ΝΜ*
405 4881 442 4944 Τί
470 4871 514 4939 οὐν
543 4877 640 4940 κωλύει
665 4884 709 4940 τδν
735 4887 848 4941 τοιοῦτον
872 4879 1007 4962 άνθρωπον
1052 4894 1128 4958 atque
1139 4891 1165 4942 in
1175 4893 1251 4944 rebus
1262 4893 1371 4944 externis
1382 4893 1484 4944 duriore
1504 4893 1604 4944 torinna
1623 4890 1760 4956 aliquando
1780 4903 1841 4940 con-

252 5123 268 5153 *
281 5123 329 5172 Καὶ
340 5122 383 5180 τὰς
393 5123 466 5188 τύχας
479 5125 532 5172 κτλ.
548 5147 579 5160 -
591 5121 622 5154 *¹⁶
634 5123 736 5173 Πολλῶν
747 5122 774 5172 δὲ
787 5123 924 5188 γενομένων
937 5125 990 5174 κτλ.
1003 5149 1035 5161 -·
1049 5125 1095 5157 *⁴⁰⁵
1110 5129 1148 5178 Τὰ
1162 5128 1188 5178 δὲ
1199 5129 1293 5194 μεγάλα
1305 5131 1359 5180 κτλ.
1376 5155 1408 5168 -··
1420 5127 1483 5160 *W
1499 5126 1626 5179 Ἀνάπαλιν
1640 5127 1667 5178 δὲ
1686 5126 1839 5193 soquentes·

223 5209 255 5244 τα
275 5195 329 5243 κτλ.
342 5219 373 5231 -
393 5194 472 5224 *δ”*
489 5197 519 5244 Εἰ
543 5196 564 5242 δ’
579 5195 640 5244 eicio
654 5198 679 5244 oi
691 5194 808 5261 ἐνέργειαι
825 5198 878 5246 κτλ,
891 5220 923 5233 -·
937 5195 1031 5226 '‘W'‘
1048 5204 1075 5250 1·ζί
1090 5201 1110 5250 δ’
1132 5201 1208 5258 οὕτως
1223 5204 1274 5252 κτλ.
1298 5225 1330 5240 -·
1352 5199 1463 5233 *******
1480 5199 1545 5250 Οὐδὲ
1559 5200 1590 5260 δὴ
1608 5198 1720 5257 ποικίλος
1732 5201 1784 5248 κτλ.
1805 5223 1837 5232 -

226 5273 352 5304 ”mm
367 5273 413 5324 Ἐκ
426 5290 453 5324 τε
461 5275 512 5324 τῶν
524 5275 642 5326 τοιυύτων
655 5276 707 5325 κτλ.
726 5299 753 5312 ·-
765 5276 908 5309 *iiiiii*
917 5275 946 5328 Ti
958 5275 1000 5327 οὐν
1011 5274 1097 5326 κωλύει
1109 5275 1163 5326 κτλ.

1951 5323 1952 5374 ι

1951 5519 1952 5580 ί

1837 5832 1873 5916 ε
