<?xml version="1.0" encoding="UTF-8"?>
<!DOCTYPE html PUBLIC "-//W3C//DTD XHTML 1.0 Transitional//EN"
    "http://www.w3.org/TR/xhtml1/DTD/xhtml1-transitional.dtd">
<html xmlns="http://www.w3.org/1999/xhtml" xml:lang="en" lang="en">
 <head>
  <title>
</title>
<meta http-equiv="Content-Type" content="text/html;charset=utf-8" />
  <meta name='ocr-system' content='tesseract 3.04.00' />
  <meta name='ocr-capabilities' content='ocr_page ocr_carea ocr_par ocr_line ocrx_word'/>
</head>
<body>
  <div class='ocr_page' id='page_1' title='image "./fragmentaphilos01mullgoog/fragmentaphilos01mullgoog_0114.png"; bbox 0 0 3976 5948; ppageno 0'>
   <div class='ocr_carea' id='block_1_1' title="bbox 821 475 1744 565">
    <p class='ocr_par' dir='ltr' id='par_1_1' title="bbox 821 475 1744 565">
     <span class='ocr_line' id='line_1_1' title="bbox 821 475 1744 565; baseline 0.007 -28"><span class='ocrx_word' id='word_1_1' title='bbox 821 475 1070 541; x_wconf 80' lang='lat' dir='ltr'><strong>FRAGMENTA.</strong></span> <span class='ocrx_word' id='word_1_2' title='bbox 1705 508 1744 565; x_wconf 74' lang='grc' dir='ltr'>μγ</span> 
     </span>
    </p>
   </div>
   <div class='ocr_carea' id='block_1_2' title="bbox 96 589 1753 975">
    <p class='ocr_par' dir='ltr' id='par_1_2' title="bbox 176 589 1750 712">
     <span class='ocr_line' id='line_1_2' title="bbox 176 589 1750 712; baseline 0.026 -64"><span class='ocrx_word' id='word_1_3' title='bbox 176 589 347 666; x_wconf 74' lang='lat' dir='ltr'>(Athenaeus</span> <span class='ocrx_word' id='word_1_4' title='bbox 361 593 413 653; x_wconf 89' lang='lat' dir='ltr'>lib.</span> <span class='ocrx_word' id='word_1_5' title='bbox 433 595 487 655; x_wconf 86' lang='lat' dir='ltr'>Vll</span> <span class='ocrx_word' id='word_1_6' title='bbox 501 617 569 676; x_wconf 76' lang='lat' dir='ltr'>pag.</span> <span class='ocrx_word' id='word_1_7' title='bbox 588 601 655 678; x_wconf 79' lang='lat'><strong>3²9·</strong></span> <span class='ocrx_word' id='word_1_8' title='bbox 678 605 716 681; x_wconf 71' lang='lat' dir='ltr'>l.)</span> <span class='ocrx_word' id='word_1_9' title='bbox 965 611 1049 692; x_wconf 81' lang='grc' dir='ltr'>ἔρωτα</span> <span class='ocrx_word' id='word_1_10' title='bbox 1056 656 1067 684; x_wconf 92' lang='grc'>,</span> <span class='ocrx_word' id='word_1_11' title='bbox 1083 613 1126 671; x_wconf 82' lang='grc' dir='ltr'>ἐπὶ</span> <span class='ocrx_word' id='word_1_12' title='bbox 1143 617 1211 674; x_wconf 75' lang='grc' dir='ltr'>πᾶσί</span> <span class='ocrx_word' id='word_1_13' title='bbox 1224 641 1254 676; x_wconf 91' lang='grc' dir='ltr'>τε</span> <span class='ocrx_word' id='word_1_14' title='bbox 1279 617 1349 697; x_wconf 85' lang='grc' dir='ltr'>λέγει</span> <span class='ocrx_word' id='word_1_15' title='bbox 1368 620 1445 679; x_wconf 89' lang='grc' dir='ltr'>τάδε·</span> <span class='ocrx_word' id='word_1_16' title='bbox 1468 647 1480 674; x_wconf 84' lang='grc' dir='ltr'>ι</span> <span class='ocrx_word' id='word_1_17' title='bbox 1495 624 1535 683; x_wconf 91' lang='grc' dir='ltr'>Σύ</span> <span class='ocrx_word' id='word_1_18' title='bbox 1551 649 1603 684; x_wconf 90' lang='grc' dir='ltr'>τισι</span> <span class='ocrx_word' id='word_1_19' title='bbox 1621 633 1750 712; x_wconf 50' lang='grc' dir='ltr'>φιλαργυε</span> 
     </span>
    </p>

    <p class='ocr_par' dir='ltr' id='par_1_3' title="bbox 133 681 1753 885">
     <span class='ocr_line' id='line_1_3' title="bbox 175 681 1751 800; baseline 0.027 -63"><span class='ocrx_word' id='word_1_20' title='bbox 175 699 226 738; x_wconf 82' lang='grc' dir='ltr'>εει.</span> <span class='ocrx_word' id='word_1_21' title='bbox 246 681 421 752; x_wconf 86' lang='grc' dir='ltr'>Σπεύσιππος</span> <span class='ocrx_word' id='word_1_22' title='bbox 435 684 498 768; x_wconf 83' lang='grc' dir='ltr'>δ’ὀν</span> <span class='ocrx_word' id='word_1_23' title='bbox 514 687 627 770; x_wconf 84' lang='grc' dir='ltr'>δευτάρῳ</span> <span class='ocrx_word' id='word_1_24' title='bbox 647 689 765 768; x_wconf 83' lang='grc' dir='ltr'>Ὁμοίων</span> <span class='ocrx_word' id='word_1_25' title='bbox 786 695 919 780; x_wconf 84' lang='grc' dir='ltr'>ιῬαρα-</span> <span class='ocrx_word' id='word_1_26' title='bbox 965 703 1022 781; x_wconf 92' lang='grc' dir='ltr'>ρίαν</span> <span class='ocrx_word' id='word_1_27' title='bbox 1042 703 1188 777; x_wconf 82' lang='grc' dir='ltr'>ὀνειδίζεις,</span> <span class='ocrx_word' id='word_1_28' title='bbox 1212 704 1288 774; x_wconf 82' lang='grc' dir='ltr'>αὐτὸς</span> <span class='ocrx_word' id='word_1_29' title='bbox 1311 707 1391 782; x_wconf 82' lang='grc' dir='ltr'>μηδὲν</span> <span class='ocrx_word' id='word_1_30' title='bbox 1419 711 1576 781; x_wconf 79' lang='grc' dir='ltr'>ἐλλελοιπὼς</span> <span class='ocrx_word' id='word_1_31' title='bbox 1594 719 1751 800; x_wconf 82' lang='grc' dir='ltr'>αἰσχροκερ-</span> 
     </span>
     <span class='ocr_line' id='line_1_4' title="bbox 133 765 1753 885; baseline 0.026 -60"><span class='ocrx_word' id='word_1_32' title='bbox 133 765 187 841; x_wconf 88' lang='grc' dir='ltr'>νίς,</span> <span class='ocrx_word' id='word_1_33' title='bbox 202 767 283 848; x_wconf 87' lang='grc' dir='ltr'>φησί,</span> <span class='ocrx_word' id='word_1_34' title='bbox 297 770 436 874; x_wconf 77' lang='grc' dir='ltr'>γογγυλίς,</span> <span class='ocrx_word' id='word_1_35' title='bbox 455 771 555 856; x_wconf 69' lang='grc' dir='ltr'>ῥάφυς,</span> <span class='ocrx_word' id='word_1_36' title='bbox 571 775 719 860; x_wconf 75' lang='grc' dir='ltr'>ἀνάρρινον,</span> <span class='ocrx_word' id='word_1_37' title='bbox 729 778 819 858; x_wconf 82' lang='grc' dir='ltr'>ὅμοια.</span> <span class='ocrx_word' id='word_1_38' title='bbox 836 813 848 838; x_wconf 87' lang='grc' dir='ltr'>υ</span> <span class='ocrx_word' id='word_1_39' title='bbox 964 791 1033 864; x_wconf 73' lang='grc' dir='ltr'>δίας,</span> <span class='ocrx_word' id='word_1_40' title='bbox 1058 791 1085 850; x_wconf 89' lang='grc' dir='ltr'>τί</span> <span class='ocrx_word' id='word_1_41' title='bbox 1107 792 1157 872; x_wconf 86' lang='grc' dir='ltr'>γδιρ</span> <span class='ocrx_word' id='word_1_42' title='bbox 1181 795 1211 852; x_wconf 81' lang='grc' dir='ltr'>οὒ</span> <span class='ocrx_word' id='word_1_43' title='bbox 1231 793 1389 872; x_wconf 59' lang='lat' dir='ltr'>runcinam</span> <span class='ocrx_word' id='word_1_44' title='bbox 1415 799 1464 878; x_wconf 88' lang='grc' dir='ltr'>ούχ</span> <span class='ocrx_word' id='word_1_45' title='bbox 1488 799 1552 880; x_wconf 81' lang='grc' dir='ltr'>ὑπὲρ</span> <span class='ocrx_word' id='word_1_46' title='bbox 1568 793 1605 863; x_wconf 80' lang='grc' dir='ltr'>ῶν</span> <span class='ocrx_word' id='word_1_47' title='bbox 1626 805 1753 885; x_wconf 83' lang='grc' dir='ltr'>Ἑρμείας</span> 
     </span>
    </p>

    <p class='ocr_par' dir='ltr' id='par_1_4' title="bbox 96 857 1751 975">
     <span class='ocr_line' id='line_1_5' title="bbox 96 857 1751 975; baseline 0.023 -62"><span class='ocrx_word' id='word_1_48' title='bbox 96 935 101 942; x_wconf 37' lang='grc' dir='ltr'>Ι</span> <span class='ocrx_word' id='word_1_49' title='bbox 171 857 342 935; x_wconf 78' lang='lat' dir='ltr'>(Athcnaeus</span> <span class='ocrx_word' id='word_1_50' title='bbox 356 860 465 923; x_wconf 82' lang='lat' dir='ltr'>ltb.lX</span> <span class='ocrx_word' id='word_1_51' title='bbox 480 884 548 942; x_wconf 78' lang='lat' dir='ltr'>pag.</span> <span class='ocrx_word' id='word_1_52' title='bbox 564 867 633 946; x_wconf 79' lang='lat'><strong>369.</strong></span> <span class='ocrx_word' id='word_1_53' title='bbox 654 887 682 929; x_wconf 83' lang='lat' dir='ltr'>a.</span> <span class='ocrx_word' id='word_1_54' title='bbox 700 869 755 950; x_wconf 88' lang='lat' dir='ltr'>b.)</span> <span class='ocrx_word' id='word_1_55' title='bbox 963 876 1072 959; x_wconf 84' lang='grc' dir='ltr'>ῶφειλεν</span> <span class='ocrx_word' id='word_1_56' title='bbox 1100 883 1175 950; x_wconf 79' lang='grc' dir='ltr'>αὐτὸς</span> <span class='ocrx_word' id='word_1_57' title='bbox 1205 883 1343 974; x_wconf 73' lang='grc' dir='ltr'>ἐκτετικὼς</span> <span class='ocrx_word' id='word_1_58' title='bbox 1368 884 1458 965; x_wconf 85' lang='grc' dir='ltr'>ἔρανον</span> <span class='ocrx_word' id='word_1_59' title='bbox 1494 889 1613 968; x_wconf 76' lang='grc' dir='ltr'>συνάγειν</span> <span class='ocrx_word' id='word_1_60' title='bbox 1651 895 1751 975; x_wconf 80' lang='grc' dir='ltr'>ἐπιχει-</span> 
     </span>
    </p>
   </div>
   <div class='ocr_carea' id='block_1_3' title="bbox 171 948 1290 1046">
    <p class='ocr_par' dir='ltr' id='par_1_5' title="bbox 171 948 1290 1046">
     <span class='ocr_line' id='line_1_6' title="bbox 171 948 1290 1046; baseline 0.022 -41"><span class='ocrx_word' id='word_1_61' title='bbox 171 965 221 1006; x_wconf 77' lang='grc'>222.</span> <span class='ocrx_word' id='word_1_62' title='bbox 236 948 406 1026; x_wconf 78' lang='grc' dir='ltr'>Μνημονεύει</span> <span class='ocrx_word' id='word_1_63' title='bbox 425 951 449 1011; x_wconf 84' lang='grc' dir='ltr'>δ’</span> <span class='ocrx_word' id='word_1_64' title='bbox 463 955 549 1013; x_wconf 80' lang='grc' dir='ltr'>αότῶν</span> <span class='ocrx_word' id='word_1_65' title='bbox 563 955 609 1014; x_wconf 83' lang='grc' dir='ltr'>καί</span> <span class='ocrx_word' id='word_1_66' title='bbox 629 957 804 1030; x_wconf 88' lang='grc' dir='ltr'>Σπεύσιππος</span> <span class='ocrx_word' id='word_1_67' title='bbox 819 963 846 1020; x_wconf 83' lang='grc' dir='ltr'>ἐν</span> <span class='ocrx_word' id='word_1_68' title='bbox 862 965 919 1024; x_wconf 85' lang='grc' dir='ltr'>δευ·</span> <span class='ocrx_word' id='word_1_69' title='bbox 965 969 1031 1046; x_wconf 83' lang='grc' dir='ltr'>ρεῖς;</span> <span class='ocrx_word' id='word_1_70' title='bbox 1048 993 1062 1021; x_wconf 76' lang='lat' dir='ltr'>s</span> <span class='ocrx_word' id='word_1_71' title='bbox 1281 998 1290 1012; x_wconf 95' lang='lat'><em>·</em></span> 
     </span>
    </p>
   </div>
   <div class='ocr_carea' id='block_1_4' title="bbox 121 1031 1830 3784">
    <p class='ocr_par' dir='ltr' id='par_1_6' title="bbox 130 1031 1746 1140">
     <span class='ocr_line' id='line_1_7' title="bbox 130 1031 1746 1140; baseline 0.024 -47"><span class='ocrx_word' id='word_1_72' title='bbox 130 1031 200 1116; x_wconf 83' lang='grc' dir='ltr'>τίρῳ</span> <span class='ocrx_word' id='word_1_73' title='bbox 215 1033 343 1112; x_wconf 88' lang='grc' dir='ltr'>Ὁμοίων.</span> <span class='ocrx_word' id='word_1_74' title='bbox 686 1085 690 1095; x_wconf 67' lang='grc'><em>«</em></span> <span class='ocrx_word' id='word_1_75' title='bbox 1004 1056 1176 1131; x_wconf 78' lang='lat' dir='ltr'>(Athenaeus</span> <span class='ocrx_word' id='word_1_76' title='bbox 1200 1057 1255 1118; x_wconf 92' lang='lat' dir='ltr'>lib.</span> <span class='ocrx_word' id='word_1_77' title='bbox 1279 1058 1332 1118; x_wconf 85' lang='lat' dir='ltr'>vil</span> <span class='ocrx_word' id='word_1_78' title='bbox 1360 1081 1424 1139; x_wconf 77' lang='lat' dir='ltr'>pag.</span> <span class='ocrx_word' id='word_1_79' title='bbox 1454 1084 1520 1140; x_wconf 80' lang='lat'><strong>²79·</strong></span> <span class='ocrx_word' id='word_1_80' title='bbox 1547 1087 1573 1124; x_wconf 89' lang='lat' dir='ltr'>e.</span> <span class='ocrx_word' id='word_1_81' title='bbox 1603 1067 1746 1134; x_wconf 84' lang='lat' dir='ltr'>Similiter</span> 
     </span>
    </p>

    <p class='ocr_par' dir='ltr' id='par_1_7' title="bbox 128 1124 1750 1764">
     <span class='ocr_line' id='line_1_8' title="bbox 172 1124 1750 1229; baseline 0.023 -47"><span class='ocrx_word' id='word_1_82' title='bbox 172 1124 348 1203; x_wconf 69' lang='lat' dir='ltr'>(Athenaeus</span> <span class='ocrx_word' id='word_1_83' title='bbox 362 1128 416 1188; x_wconf 83' lang='lat' dir='ltr'>lib.</span> <span class='ocrx_word' id='word_1_84' title='bbox 432 1129 475 1191; x_wconf 83' lang='lat' dir='ltr'>IX</span> <span class='ocrx_word' id='word_1_85' title='bbox 488 1151 555 1210; x_wconf 80' lang='lat' dir='ltr'>pag.</span> <span class='ocrx_word' id='word_1_86' title='bbox 571 1134 639 1207; x_wconf 79' lang='lat'><strong>387.</strong></span> <span class='ocrx_word' id='word_1_87' title='bbox 662 1157 686 1194; x_wconf 89' lang='lat' dir='ltr'>c.</span> <span class='ocrx_word' id='word_1_88' title='bbox 706 1137 752 1197; x_wconf 85' lang='grc' dir='ltr'>καί</span> <span class='ocrx_word' id='word_1_89' title='bbox 773 1137 919 1219; x_wconf 83' lang='grc' dir='ltr'>Ἄριστατί-</span> <span class='ocrx_word' id='word_1_90' title='bbox 968 1141 1105 1204; x_wconf 77' lang='lat' dir='ltr'>idemlih.</span> <span class='ocrx_word' id='word_1_91' title='bbox 1120 1143 1247 1222; x_wconf 84' lang='lat' dir='ltr'>Xllpag.</span> <span class='ocrx_word' id='word_1_92' title='bbox 1264 1148 1332 1217; x_wconf 69' lang='lat'>546.</span> <span class='ocrx_word' id='word_1_93' title='bbox 1345 1149 1375 1210; x_wconf 91' lang='lat' dir='ltr'>d.</span> <span class='ocrx_word' id='word_1_94' title='bbox 1388 1148 1521 1229; x_wconf 82' lang='grc' dir='ltr'>φιλήδονος</span> <span class='ocrx_word' id='word_1_95' title='bbox 1529 1154 1551 1211; x_wconf 86' lang='grc' dir='ltr'>δ’</span> <span class='ocrx_word' id='word_1_96' title='bbox 1560 1145 1591 1225; x_wconf 74' lang='grc' dir='ltr'>ἦν</span> <span class='ocrx_word' id='word_1_97' title='bbox 1602 1155 1647 1213; x_wconf 88' lang='grc' dir='ltr'>καί</span> <span class='ocrx_word' id='word_1_98' title='bbox 1656 1158 1750 1218; x_wconf 89' lang='grc' dir='ltr'>Σπεύ-</span> 
     </span>
     <span class='ocr_line' id='line_1_9' title="bbox 129 1213 1749 1326; baseline 0.023 -58"><span class='ocrx_word' id='word_1_99' title='bbox 129 1213 179 1283; x_wconf 90' lang='grc' dir='ltr'>λης</span> <span class='ocrx_word' id='word_1_100' title='bbox 192 1214 220 1271; x_wconf 85' lang='grc' dir='ltr'>ἐν</span> <span class='ocrx_word' id='word_1_101' title='bbox 243 1215 323 1295; x_wconf 81' lang='grc' dir='ltr'>ὀγδόῃ</span> <span class='ocrx_word' id='word_1_102' title='bbox 347 1215 421 1295; x_wconf 81' lang='grc' dir='ltr'>ζῴοιν</span> <span class='ocrx_word' id='word_1_103' title='bbox 437 1219 553 1299; x_wconf 78' lang='grc' dir='ltr'>ἱστορίας</span> <span class='ocrx_word' id='word_1_104' title='bbox 585 1222 680 1303; x_wconf 90' lang='grc' dir='ltr'>γράφει</span> <span class='ocrx_word' id='word_1_105' title='bbox 698 1225 762 1284; x_wconf 87' lang='grc' dir='ltr'>τάδε</span> <span class='ocrx_word' id='word_1_106' title='bbox 788 1227 877 1287; x_wconf 75' lang='lat' dir='ltr'>«Etsi</span> <span class='ocrx_word' id='word_1_107' title='bbox 891 1227 919 1287; x_wconf 85' lang='grc' dir='ltr'>δέ</span> <span class='ocrx_word' id='word_1_108' title='bbox 967 1253 1063 1299; x_wconf 87' lang='grc' dir='ltr'>σιππος</span> <span class='ocrx_word' id='word_1_109' title='bbox 1086 1234 1257 1300; x_wconf 88' lang='grc' dir='ltr'>θΠλάτωνος</span> <span class='ocrx_word' id='word_1_110' title='bbox 1278 1237 1405 1315; x_wconf 79' lang='grc' dir='ltr'>συγγενὴς</span> <span class='ocrx_word' id='word_1_111' title='bbox 1420 1238 1466 1296; x_wconf 83' lang='grc' dir='ltr'>καί</span> <span class='ocrx_word' id='word_1_112' title='bbox 1489 1240 1609 1322; x_wconf 85' lang='grc' dir='ltr'>διάδοχος</span> <span class='ocrx_word' id='word_1_113' title='bbox 1620 1249 1667 1314; x_wconf 82' lang='grc' dir='ltr'>τῆς</span> <span class='ocrx_word' id='word_1_114' title='bbox 1686 1269 1749 1326; x_wconf 80' lang='grc' dir='ltr'>σχο-</span> 
     </span>
     <span class='ocr_line' id='line_1_10' title="bbox 128 1301 1749 1408; baseline 0.02 -50"><span class='ocrx_word' id='word_1_115' title='bbox 128 1303 181 1358; x_wconf 88' lang='grc' dir='ltr'>τῶν</span> <span class='ocrx_word' id='word_1_116' title='bbox 200 1301 309 1379; x_wconf 79' lang='grc' dir='ltr'>ὀρνίθων</span> <span class='ocrx_word' id='word_1_117' title='bbox 331 1307 356 1364; x_wconf 80' lang='grc' dir='ltr'>οἱ</span> <span class='ocrx_word' id='word_1_118' title='bbox 377 1305 426 1387; x_wconf 76' lang='grc' dir='ltr'>μίν</span> <span class='ocrx_word' id='word_1_119' title='bbox 441 1311 602 1382; x_wconf 88' lang='grc' dir='ltr'>κονιστικοί,</span> <span class='ocrx_word' id='word_1_120' title='bbox 620 1313 644 1369; x_wconf 81' lang='grc' dir='ltr'>οἱ</span> <span class='ocrx_word' id='word_1_121' title='bbox 666 1311 693 1372; x_wconf 76' lang='grc' dir='ltr'>δὲ</span> <span class='ocrx_word' id='word_1_122' title='bbox 708 1315 828 1390; x_wconf 80' lang='grc' dir='ltr'>λοῦνται,</span> <span class='ocrx_word' id='word_1_123' title='bbox 852 1321 876 1376; x_wconf 81' lang='grc' dir='ltr'>οἱ</span> <span class='ocrx_word' id='word_1_124' title='bbox 891 1316 918 1376; x_wconf 80' lang='grc' dir='ltr'>δέ</span> <span class='ocrx_word' id='word_1_125' title='bbox 966 1318 1022 1389; x_wconf 82' lang='grc' dir='ltr'>λῆς.</span> <span class='ocrx_word' id='word_1_126' title='bbox 1046 1318 1179 1388; x_wconf 85' lang='grc' dir='ltr'>Διονύσιος</span> <span class='ocrx_word' id='word_1_127' title='bbox 1202 1329 1262 1400; x_wconf 88' lang='grc' dir='ltr'>γοῦν</span> <span class='ocrx_word' id='word_1_128' title='bbox 1289 1325 1302 1380; x_wconf 85' lang='grc' dir='ltr'><strong>ὁ</strong></span> <span class='ocrx_word' id='word_1_129' title='bbox 1323 1329 1369 1395; x_wconf 81' lang='grc' dir='ltr'>τῆς</span> <span class='ocrx_word' id='word_1_130' title='bbox 1393 1326 1516 1393; x_wconf 85' lang='grc' dir='ltr'>Σικελίας</span> <span class='ocrx_word' id='word_1_131' title='bbox 1531 1329 1652 1408; x_wconf 91' lang='grc' dir='ltr'>τύραννος</span> <span class='ocrx_word' id='word_1_132' title='bbox 1676 1335 1701 1389; x_wconf 93' lang='grc' dir='ltr'>ἐν</span> <span class='ocrx_word' id='word_1_133' title='bbox 1716 1339 1749 1406; x_wconf 82' lang='grc' dir='ltr'>τῆ</span> 
     </span>
     <span class='ocr_line' id='line_1_11' title="bbox 131 1389 1748 1490; baseline 0.017 -42"><span class='ocrx_word' id='word_1_134' title='bbox 131 1389 190 1450; x_wconf 86' lang='grc' dir='ltr'>οὔτε</span> <span class='ocrx_word' id='word_1_135' title='bbox 206 1394 352 1453; x_wconf 85' lang='grc' dir='ltr'>κονιστικοί</span> <span class='ocrx_word' id='word_1_136' title='bbox 364 1393 426 1454; x_wconf 86' lang='grc' dir='ltr'>οθτε</span> <span class='ocrx_word' id='word_1_137' title='bbox 442 1399 560 1460; x_wconf 77' lang='grc' dir='ltr'>λοῦνται.</span> <span class='ocrx_word' id='word_1_138' title='bbox 577 1397 659 1460; x_wconf 86' lang='grc' dir='ltr'>Ὅσοι</span> <span class='ocrx_word' id='word_1_139' title='bbox 674 1401 701 1462; x_wconf 84' lang='grc' dir='ltr'>δέ</span> <span class='ocrx_word' id='word_1_140' title='bbox 718 1403 756 1481; x_wconf 78' lang='grc' dir='ltr'>μὴ</span> <span class='ocrx_word' id='word_1_141' title='bbox 779 1405 916 1483; x_wconf 87' lang='grc' dir='ltr'>πτητικοί,</span> <span class='ocrx_word' id='word_1_142' title='bbox 966 1403 1031 1484; x_wconf 82' lang='grc' dir='ltr'>πρός</span> <span class='ocrx_word' id='word_1_143' title='bbox 1044 1406 1124 1466; x_wconf 79' lang='grc' dir='ltr'>αὐτὸν</span> <span class='ocrx_word' id='word_1_144' title='bbox 1143 1409 1269 1488; x_wconf 73' lang='grc' dir='ltr'>ἐπιστολῇ</span> <span class='ocrx_word' id='word_1_145' title='bbox 1290 1409 1360 1468; x_wconf 81' lang='grc' dir='ltr'>κατὰ</span> <span class='ocrx_word' id='word_1_146' title='bbox 1377 1416 1425 1482; x_wconf 79' lang='grc' dir='ltr'>τῆς</span> <span class='ocrx_word' id='word_1_147' title='bbox 1445 1414 1596 1490; x_wconf 82' lang='grc' dir='ltr'>φιληδονίας</span> <span class='ocrx_word' id='word_1_148' title='bbox 1610 1421 1691 1476; x_wconf 83' lang='grc' dir='ltr'>αὐτοῦ</span> <span class='ocrx_word' id='word_1_149' title='bbox 1706 1399 1748 1479; x_wconf 46' lang='grc' dir='ltr'>είζ</span> 
     </span>
     <span class='ocr_line' id='line_1_12' title="bbox 129 1477 1745 1576; baseline 0.019 -41"><span class='ocrx_word' id='word_1_150' title='bbox 129 1477 191 1536; x_wconf 76' lang='grc' dir='ltr'>ἀλλ’</span> <span class='ocrx_word' id='word_1_151' title='bbox 211 1479 339 1558; x_wconf 79' lang='grc' dir='ltr'>ἐπίγειοι,</span> <span class='ocrx_word' id='word_1_152' title='bbox 365 1485 525 1558; x_wconf 89' lang='grc' dir='ltr'>κονιστικοί,</span> <span class='ocrx_word' id='word_1_153' title='bbox 549 1478 601 1551; x_wconf 80' lang='grc' dir='ltr'>οἷον</span> <span class='ocrx_word' id='word_1_154' title='bbox 631 1490 781 1572; x_wconf 81' lang='grc' dir='ltr'>ἀλεκτορίς,</span> <span class='ocrx_word' id='word_1_155' title='bbox 806 1492 917 1571; x_wconf 77' lang='grc' dir='ltr'>πέρδιξ,</span> <span class='ocrx_word' id='word_1_156' title='bbox 965 1491 1022 1550; x_wconf 80' lang='grc' dir='ltr'>πῶν</span> <span class='ocrx_word' id='word_1_157' title='bbox 1040 1493 1086 1552; x_wconf 89' lang='grc' dir='ltr'>καλ</span> <span class='ocrx_word' id='word_1_158' title='bbox 1106 1497 1277 1576; x_wconf 81' lang='grc' dir='ltr'>φιλαργυρίαν</span> <span class='ocrx_word' id='word_1_159' title='bbox 1301 1499 1373 1576; x_wconf 83' lang='grc' dir='ltr'>αὐτῷ</span> <span class='ocrx_word' id='word_1_160' title='bbox 1389 1499 1506 1568; x_wconf 83' lang='grc' dir='ltr'>ὀνειδίζει</span> <span class='ocrx_word' id='word_1_161' title='bbox 1520 1501 1565 1560; x_wconf 87' lang='grc' dir='ltr'>καί</span> <span class='ocrx_word' id='word_1_162' title='bbox 1584 1503 1628 1562; x_wconf 88' lang='grc' dir='ltr'>τδν</span> <span class='ocrx_word' id='word_1_163' title='bbox 1643 1509 1745 1566; x_wconf 88' lang='grc' dir='ltr'>Λασθε-</span> 
     </span>
     <span class='ocr_line' id='line_1_13' title="bbox 132 1569 1745 1666; baseline 0.018 -42"><span class='ocrx_word' id='word_1_164' title='bbox 132 1569 267 1646; x_wconf 84' lang='grc' dir='ltr'>ἀτταγήν,</span> <span class='ocrx_word' id='word_1_165' title='bbox 292 1572 433 1653; x_wconf 87' lang='grc' dir='ltr'>φασιανός,</span> <span class='ocrx_word' id='word_1_166' title='bbox 462 1577 631 1655; x_wconf 88' lang='grc' dir='ltr'>κορυδαλλός.</span> <span class='ocrx_word' id='word_1_167' title='bbox 661 1607 673 1632; x_wconf 82' lang='grc' dir='ltr'>ι</span> <span class='ocrx_word' id='word_1_168' title='bbox 703 1581 871 1658; x_wconf 80' lang='grc' dir='ltr'>Μνημονεύει</span> <span class='ocrx_word' id='word_1_169' title='bbox 895 1583 917 1640; x_wconf 88' lang='grc' dir='ltr'>δ’</span> <span class='ocrx_word' id='word_1_170' title='bbox 964 1579 1034 1648; x_wconf 88' lang='grc' dir='ltr'>νείας</span> <span class='ocrx_word' id='word_1_171' title='bbox 1048 1587 1095 1654; x_wconf 78' lang='grc' dir='ltr'>τῆς</span> <span class='ocrx_word' id='word_1_172' title='bbox 1113 1581 1379 1663; x_wconf 81' lang='grc' dir='ltr'>Ἀ’ρκαδικῇςέρωτα,</span> <span class='ocrx_word' id='word_1_173' title='bbox 1396 1585 1451 1656; x_wconf 79' lang='grc' dir='ltr'>ἥτις</span> <span class='ocrx_word' id='word_1_174' title='bbox 1468 1589 1611 1658; x_wconf 89' lang='grc' dir='ltr'>Πλάτωνος</span> <span class='ocrx_word' id='word_1_175' title='bbox 1627 1595 1745 1666; x_wconf 80' lang='grc' dir='ltr'>ἠκηκόει.</span> 
     </span>
     <span class='ocr_line' id='line_1_14' title="bbox 130 1657 1746 1764; baseline 0.019 -52"><span class='ocrx_word' id='word_1_176' title='bbox 130 1657 219 1716; x_wconf 79' lang='grc' dir='ltr'>αὐτῶν</span> <span class='ocrx_word' id='word_1_177' title='bbox 234 1659 281 1718; x_wconf 85' lang='grc' dir='ltr'>καί</span> <span class='ocrx_word' id='word_1_178' title='bbox 296 1660 466 1730; x_wconf 86' lang='grc' dir='ltr'>Σπεύσιππος</span> <span class='ocrx_word' id='word_1_179' title='bbox 481 1663 561 1742; x_wconf 81' lang='grc' dir='ltr'>κτλ.)</span> <span class='ocrx_word' id='word_1_180' title='bbox 965 1669 1049 1728; x_wconf 90' lang='lat' dir='ltr'>Libri</span> <span class='ocrx_word' id='word_1_181' title='bbox 1066 1673 1165 1750; x_wconf 89' lang='lat' dir='ltr'>priore</span> <span class='ocrx_word' id='word_1_182' title='bbox 1182 1673 1247 1732; x_wconf 91' lang='lat' dir='ltr'>loco</span> <span class='ocrx_word' id='word_1_183' title='bbox 1262 1675 1386 1752; x_wconf 83' lang='grc' dir='ltr'>σσρδικῆς</span> <span class='ocrx_word' id='word_1_184' title='bbox 1400 1675 1524 1748; x_wconf 87' lang='lat' dir='ltr'>habent,</span> <span class='ocrx_word' id='word_1_185' title='bbox 1541 1681 1621 1756; x_wconf 85' lang='lat' dir='ltr'>quod</span> <span class='ocrx_word' id='word_1_186' title='bbox 1638 1683 1672 1740; x_wconf 90' lang='lat' dir='ltr'>in</span> <span class='ocrx_word' id='word_1_187' title='bbox 1684 1682 1746 1764; x_wconf 82' lang='grc' dir='ltr'>Ἀρ-</span> 
     </span>
    </p>

    <p class='ocr_par' dir='ltr' id='par_1_8' title="bbox 128 1747 1747 1931">
     <span class='ocr_line' id='line_1_15' title="bbox 171 1747 1747 1841; baseline 0.018 -40"><span class='ocrx_word' id='word_1_188' title='bbox 171 1763 223 1804; x_wconf 81' lang='grc' dir='ltr'>εεε.</span> <span class='ocrx_word' id='word_1_189' title='bbox 239 1747 295 1805; x_wconf 80' lang='grc' dir='ltr'>Καὶ</span> <span class='ocrx_word' id='word_1_190' title='bbox 311 1747 484 1817; x_wconf 82' lang='grc' dir='ltr'>Σπεύσιππος</span> <span class='ocrx_word' id='word_1_191' title='bbox 496 1753 519 1809; x_wconf 90' lang='grc' dir='ltr'>δ’</span> <span class='ocrx_word' id='word_1_192' title='bbox 535 1754 560 1810; x_wconf 84' lang='grc' dir='ltr'>ἐν</span> <span class='ocrx_word' id='word_1_193' title='bbox 577 1752 689 1833; x_wconf 81' lang='grc' dir='ltr'>δευτέρῳ</span> <span class='ocrx_word' id='word_1_194' title='bbox 703 1752 820 1830; x_wconf 85' lang='grc' dir='ltr'>Ὁμοίων</span> <span class='ocrx_word' id='word_1_195' title='bbox 833 1757 915 1838; x_wconf 83' lang='grc' dir='ltr'>χωρίς</span> <span class='ocrx_word' id='word_1_196' title='bbox 963 1759 1072 1830; x_wconf 83' lang='grc' dir='ltr'>καδικῆς</span> <span class='ocrx_word' id='word_1_197' title='bbox 1093 1763 1262 1820; x_wconf 84' lang='lat' dir='ltr'>mutandum</span> <span class='ocrx_word' id='word_1_198' title='bbox 1285 1782 1345 1821; x_wconf 86' lang='lat' dir='ltr'>esse</span> <span class='ocrx_word' id='word_1_199' title='bbox 1367 1763 1428 1840; x_wconf 84' lang='lat' dir='ltr'>jem</span> <span class='ocrx_word' id='word_1_200' title='bbox 1447 1764 1599 1841; x_wconf 84' lang='lat' dir='ltr'>Menegius</span> <span class='ocrx_word' id='word_1_201' title='bbox 1617 1770 1653 1826; x_wconf 86' lang='lat' dir='ltr'>ed</span> <span class='ocrx_word' id='word_1_202' title='bbox 1674 1771 1747 1830; x_wconf 88' lang='lat' dir='ltr'>Dio-</span> 
     </span>
     <span class='ocr_line' id='line_1_16' title="bbox 128 1833 1387 1931; baseline 0.017 -44"><span class='ocrx_word' id='word_1_203' title='bbox 128 1833 174 1888; x_wconf 88' lang='grc' dir='ltr'>τοῦ</span> <span class='ocrx_word' id='word_1_204' title='bbox 189 1855 206 1890; x_wconf 92' lang='grc' dir='ltr'>σ</span> <span class='ocrx_word' id='word_1_205' title='bbox 220 1837 313 1902; x_wconf 79' lang='grc' dir='ltr'>κῶπας</span> <span class='ocrx_word' id='word_1_206' title='bbox 326 1835 420 1905; x_wconf 81' lang='grc' dir='ltr'>αὐτοὺς</span> <span class='ocrx_word' id='word_1_207' title='bbox 433 1837 566 1915; x_wconf 75' lang='grc' dir='ltr'>ὀνομάζει.</span> <span class='ocrx_word' id='word_1_208' title='bbox 962 1865 1028 1921; x_wconf 86' lang='lat' dir='ltr'>gen.</span> <span class='ocrx_word' id='word_1_209' title='bbox 1045 1847 1140 1908; x_wconf 77' lang='lat' dir='ltr'>Luert.</span> <span class='ocrx_word' id='word_1_210' title='bbox 1161 1849 1216 1921; x_wconf 90' lang='lat' dir='ltr'>lll,</span> <span class='ocrx_word' id='word_1_211' title='bbox 1231 1851 1268 1920; x_wconf 73' lang='grc'>46</span> <span class='ocrx_word' id='word_1_212' title='bbox 1289 1852 1387 1931; x_wconf 87' lang='lat' dir='ltr'>vidit.)</span> 
     </span>
    </p>

    <p class='ocr_par' dir='ltr' id='par_1_9' title="bbox 126 1921 1745 2202">
     <span class='ocr_line' id='line_1_17' title="bbox 168 1921 1745 2016; baseline 0.018 -37"><span class='ocrx_word' id='word_1_213' title='bbox 168 1921 177 2001; x_wconf 74' lang='grc' dir='ltr'>ί</span> <span class='ocrx_word' id='word_1_214' title='bbox 186 1922 343 1983; x_wconf 76' lang='lat' dir='ltr'>Athenaeus</span> <span class='ocrx_word' id='word_1_215' title='bbox 357 1925 410 1986; x_wconf 92' lang='lat' dir='ltr'>lib.</span> <span class='ocrx_word' id='word_1_216' title='bbox 437 1926 480 1985; x_wconf 82' lang='lat' dir='ltr'>iil</span> <span class='ocrx_word' id='word_1_217' title='bbox 501 1949 568 2007; x_wconf 84' lang='lat' dir='ltr'>pag.</span> <span class='ocrx_word' id='word_1_218' title='bbox 593 1931 661 2006; x_wconf 83' lang='lat'><strong>391.</strong></span> <span class='ocrx_word' id='word_1_219' title='bbox 685 1931 714 1988; x_wconf 95' lang='lat' dir='ltr'>d.</span> <span class='ocrx_word' id='word_1_220' title='bbox 731 1931 916 2012; x_wconf 81' lang='lat' dir='ltr'>Speusippus</span> <span class='ocrx_word' id='word_1_221' title='bbox 1001 1955 1050 1996; x_wconf 77' lang='grc' dir='ltr'>εον.</span> <span class='ocrx_word' id='word_1_222' title='bbox 1077 1935 1215 2016; x_wconf 74' lang='grc' dir='ltr'>Ἐλέγοντο</span> <span class='ocrx_word' id='word_1_223' title='bbox 1230 1937 1257 1996; x_wconf 87' lang='grc' dir='ltr'>δί</span> <span class='ocrx_word' id='word_1_224' title='bbox 1274 1943 1355 1998; x_wconf 84' lang='grc' dir='ltr'>αὐτοῦ</span> <span class='ocrx_word' id='word_1_225' title='bbox 1370 1939 1416 1998; x_wconf 86' lang='grc' dir='ltr'>καί</span> <span class='ocrx_word' id='word_1_226' title='bbox 1435 1943 1463 1998; x_wconf 89' lang='grc' dir='ltr'>αί</span> <span class='ocrx_word' id='word_1_227' title='bbox 1480 1941 1624 2012; x_wconf 88' lang='grc' dir='ltr'>Πλάτωνος</span> <span class='ocrx_word' id='word_1_228' title='bbox 1641 1947 1745 2007; x_wconf 78' lang='grc' dir='ltr'>ἀκούειν</span> 
     </span>
     <span class='ocr_line' id='line_1_18' title="bbox 128 2007 1745 2109; baseline 0.02 -46"><span class='ocrx_word' id='word_1_229' title='bbox 128 2007 218 2084; x_wconf 80' lang='lat' dir='ltr'>igitur</span> <span class='ocrx_word' id='word_1_230' title='bbox 240 2031 299 2071; x_wconf 88' lang='lat' dir='ltr'>non</span> <span class='ocrx_word' id='word_1_231' title='bbox 314 2016 443 2090; x_wconf 83' lang='grc' dir='ltr'>σκῶπας,</span> <span class='ocrx_word' id='word_1_232' title='bbox 460 2017 511 2075; x_wconf 90' lang='lat' dir='ltr'>sed</span> <span class='ocrx_word' id='word_1_233' title='bbox 534 2021 625 2082; x_wconf 84' lang='grc' dir='ltr'>κῶπας</span> <span class='ocrx_word' id='word_1_234' title='bbox 639 2019 691 2078; x_wconf 89' lang='lat' dir='ltr'>hes</span> <span class='ocrx_word' id='word_1_235' title='bbox 705 2040 774 2078; x_wconf 86' lang='lat' dir='ltr'>eves</span> <span class='ocrx_word' id='word_1_236' title='bbox 786 2022 913 2098; x_wconf 84' lang='lat' dir='ltr'>appella·</span> <span class='ocrx_word' id='word_1_237' title='bbox 963 2022 1123 2106; x_wconf 81' lang='grc' dir='ltr'>μαθήτριαι,</span> <span class='ocrx_word' id='word_1_238' title='bbox 1145 2026 1277 2086; x_wconf 89' lang='grc' dir='ltr'>Λασθενία</span> <span class='ocrx_word' id='word_1_239' title='bbox 1298 2034 1357 2102; x_wconf 80' lang='grc' dir='ltr'>τεὴ</span> <span class='ocrx_word' id='word_1_240' title='bbox 1374 2029 1524 2103; x_wconf 80' lang='grc' dir='ltr'>Μαντινικὴ</span> <span class='ocrx_word' id='word_1_241' title='bbox 1539 2033 1585 2092; x_wconf 90' lang='grc' dir='ltr'>καί</span> <span class='ocrx_word' id='word_1_242' title='bbox 1601 2033 1715 2103; x_wconf 78' lang='grc' dir='ltr'>Ἀξιοθέα</span> <span class='ocrx_word' id='word_1_243' title='bbox 1729 2043 1745 2109; x_wconf 83' lang='grc' dir='ltr'><strong>ἡ</strong></span> 
     </span>
     <span class='ocr_line' id='line_1_19' title="bbox 126 2094 1745 2202; baseline 0.018 -49"><span class='ocrx_word' id='word_1_244' title='bbox 126 2094 209 2178; x_wconf 87' lang='lat' dir='ltr'>bat.)</span> <span class='ocrx_word' id='word_1_245' title='bbox 962 2111 1094 2182; x_wconf 85' lang='grc' dir='ltr'>Φλιασία,</span> <span class='ocrx_word' id='word_1_246' title='bbox 1122 2111 1165 2172; x_wconf 79' lang='grc' dir='ltr'>ὅτε</span> <span class='ocrx_word' id='word_1_247' title='bbox 1187 2113 1231 2174; x_wconf 84' lang='grc' dir='ltr'>καί</span> <span class='ocrx_word' id='word_1_248' title='bbox 1251 2115 1384 2184; x_wconf 82' lang='grc' dir='ltr'>Διονύσιος</span> <span class='ocrx_word' id='word_1_249' title='bbox 1400 2117 1468 2195; x_wconf 83' lang='grc' dir='ltr'>πρὸς·</span> <span class='ocrx_word' id='word_1_250' title='bbox 1481 2118 1558 2178; x_wconf 80' lang='grc' dir='ltr'>αὐτόν</span> <span class='ocrx_word' id='word_1_251' title='bbox 1573 2121 1680 2202; x_wconf 86' lang='grc' dir='ltr'>γράφων</span> <span class='ocrx_word' id='word_1_252' title='bbox 1695 2145 1745 2182; x_wconf 86' lang='lat' dir='ltr'>rtu-</span> 
     </span>
    </p>

    <p class='ocr_par' dir='ltr' id='par_1_10' title="bbox 128 2185 1746 2462">
     <span class='ocr_line' id='line_1_20' title="bbox 168 2185 1746 2290; baseline 0.012 -43"><span class='ocrx_word' id='word_1_253' title='bbox 168 2206 221 2248; x_wconf 77' lang='grc'>224.</span> <span class='ocrx_word' id='word_1_254' title='bbox 236 2185 320 2250; x_wconf 83' lang='grc' dir='ltr'>Ἔστι</span> <span class='ocrx_word' id='word_1_255' title='bbox 332 2189 355 2249; x_wconf 85' lang='grc' dir='ltr'>δ’</span> <span class='ocrx_word' id='word_1_256' title='bbox 370 2195 387 2262; x_wconf 78' lang='grc' dir='ltr'>ἡ</span> <span class='ocrx_word' id='word_1_257' title='bbox 400 2192 527 2271; x_wconf 86' lang='grc' dir='ltr'>κερκώπη</span> <span class='ocrx_word' id='word_1_258' title='bbox 550 2196 615 2273; x_wconf 80' lang='grc' dir='ltr'>ζῷον</span> <span class='ocrx_word' id='word_1_259' title='bbox 634 2192 723 2271; x_wconf 82' lang='grc' dir='ltr'>ὅμοιον</span> <span class='ocrx_word' id='word_1_260' title='bbox 746 2197 844 2275; x_wconf 83' lang='grc' dir='ltr'>τέττιγι</span> <span class='ocrx_word' id='word_1_261' title='bbox 869 2197 915 2256; x_wconf 84' lang='grc' dir='ltr'>καί</span> <span class='ocrx_word' id='word_1_262' title='bbox 965 2202 1095 2266; x_wconf 87' lang='grc' dir='ltr'>θαστικῶς</span> <span class='ocrx_word' id='word_1_263' title='bbox 1109 2200 1184 2281; x_wconf 85' lang='grc' dir='ltr'>φησί·</span> <span class='ocrx_word' id='word_1_264' title='bbox 1200 2202 1245 2261; x_wconf 88' lang='grc' dir='ltr'>καί</span> <span class='ocrx_word' id='word_1_265' title='bbox 1259 2206 1289 2261; x_wconf 91' lang='grc' dir='ltr'>ἐκ</span> <span class='ocrx_word' id='word_1_266' title='bbox 1303 2207 1350 2276; x_wconf 78' lang='grc' dir='ltr'>τῆς</span> <span class='ocrx_word' id='word_1_267' title='bbox 1372 2204 1526 2284; x_wconf 76' lang='grc' dir='ltr'>Ἀρκαδικῆς</span> <span class='ocrx_word' id='word_1_268' title='bbox 1540 2229 1586 2265; x_wconf 93' lang='grc' dir='ltr'>σου</span> <span class='ocrx_word' id='word_1_269' title='bbox 1602 2210 1746 2290; x_wconf 84' lang='grc' dir='ltr'>μαθητρίας</span> 
     </span>
     <span class='ocr_line' id='line_1_21' title="bbox 128 2276 1745 2375; baseline 0.018 -45"><span class='ocrx_word' id='word_1_270' title='bbox 128 2276 273 2358; x_wconf 90' lang='grc' dir='ltr'>τρυγονίῳ,</span> <span class='ocrx_word' id='word_1_271' title='bbox 302 2282 337 2347; x_wconf 81' lang='grc' dir='ltr'>ὡς</span> <span class='ocrx_word' id='word_1_272' title='bbox 364 2280 537 2350; x_wconf 83' lang='grc' dir='ltr'>Σπεύσιππος</span> <span class='ocrx_word' id='word_1_273' title='bbox 559 2284 721 2363; x_wconf 83' lang='grc' dir='ltr'>παρίστησιν</span> <span class='ocrx_word' id='word_1_274' title='bbox 745 2287 772 2344; x_wconf 82' lang='grc' dir='ltr'>ἐν</span> <span class='ocrx_word' id='word_1_275' title='bbox 795 2286 914 2367; x_wconf 80' lang='grc' dir='ltr'>τετάρτῳ</span> <span class='ocrx_word' id='word_1_276' title='bbox 965 2286 1020 2346; x_wconf 88' lang='grc' dir='ltr'>ἐστί</span> <span class='ocrx_word' id='word_1_277' title='bbox 1045 2286 1092 2360; x_wconf 66' lang='grc' dir='ltr'>τὴν</span> <span class='ocrx_word' id='word_1_278' title='bbox 1119 2291 1274 2371; x_wconf 89' lang='grc' dir='ltr'>φιλοσοφίαν</span> <span class='ocrx_word' id='word_1_279' title='bbox 1297 2299 1468 2370; x_wconf 84' lang='grc' dir='ltr'>καταμαθεῖν·</span> <span class='ocrx_word' id='word_1_280' title='bbox 1495 2295 1540 2354; x_wconf 82' lang='grc' dir='ltr'>καί</span> <span class='ocrx_word' id='word_1_281' title='bbox 1562 2297 1678 2356; x_wconf 91' lang='grc' dir='ltr'>Πλάτων</span> <span class='ocrx_word' id='word_1_282' title='bbox 1698 2299 1745 2375; x_wconf 81' lang='grc' dir='ltr'>μὲν</span> 
     </span>
     <span class='ocr_line' id='line_1_22' title="bbox 128 2359 1745 2462; baseline 0.014 -40"><span class='ocrx_word' id='word_1_283' title='bbox 128 2359 258 2441; x_wconf 87' lang='grc' dir='ltr'>Ὁμοίων.</span> <span class='ocrx_word' id='word_1_284' title='bbox 963 2377 1062 2444; x_wconf 78' lang='grc' dir='ltr'>ἀτελεῖς</span> <span class='ocrx_word' id='word_1_285' title='bbox 1083 2377 1170 2458; x_wconf 88' lang='grc' dir='ltr'>φόρων</span> <span class='ocrx_word' id='word_1_286' title='bbox 1185 2379 1243 2444; x_wconf 82' lang='grc' dir='ltr'>τοὺς</span> <span class='ocrx_word' id='word_1_287' title='bbox 1258 2381 1321 2458; x_wconf 84' lang='grc' dir='ltr'>παρ’</span> <span class='ocrx_word' id='word_1_288' title='bbox 1341 2383 1419 2441; x_wconf 85' lang='grc' dir='ltr'>αὐτὸν</span> <span class='ocrx_word' id='word_1_289' title='bbox 1435 2387 1579 2462; x_wconf 85' lang='grc' dir='ltr'>φοιτῶντας</span> <span class='ocrx_word' id='word_1_290' title='bbox 1599 2387 1697 2460; x_wconf 79' lang='grc' dir='ltr'>ἐποίει,</span> <span class='ocrx_word' id='word_1_291' title='bbox 1713 2387 1745 2444; x_wconf 83' lang='grc' dir='ltr'>σίν</span> 
     </span>
    </p>

    <p class='ocr_par' dir='ltr' id='par_1_11' title="bbox 125 2450 1745 2726">
     <span class='ocr_line' id='line_1_23' title="bbox 167 2450 1745 2550; baseline 0.012 -37"><span class='ocrx_word' id='word_1_292' title='bbox 167 2450 337 2531; x_wconf 78' lang='lat' dir='ltr'>(Athenaeus</span> <span class='ocrx_word' id='word_1_293' title='bbox 352 2459 404 2519; x_wconf 92' lang='lat' dir='ltr'>lib.</span> <span class='ocrx_word' id='word_1_294' title='bbox 422 2459 458 2520; x_wconf 87' lang='lat' dir='ltr'>lV</span> <span class='ocrx_word' id='word_1_295' title='bbox 473 2480 541 2539; x_wconf 80' lang='lat' dir='ltr'>pag.</span> <span class='ocrx_word' id='word_1_296' title='bbox 567 2465 631 2521; x_wconf 78' lang='lat'>133.</span> <span class='ocrx_word' id='word_1_297' title='bbox 648 2463 678 2522; x_wconf 89' lang='lat' dir='ltr'>b.</span> <span class='ocrx_word' id='word_1_298' title='bbox 702 2461 826 2522; x_wconf 88' lang='lat' dir='ltr'>Secutus</span> <span class='ocrx_word' id='word_1_299' title='bbox 850 2485 913 2523; x_wconf 91' lang='lat' dir='ltr'>sum</span> <span class='ocrx_word' id='word_1_300' title='bbox 961 2464 988 2520; x_wconf 87' lang='grc' dir='ltr'>δὲ</span> <span class='ocrx_word' id='word_1_301' title='bbox 1003 2464 1190 2545; x_wconf 85' lang='grc' dir='ltr'>δασμολογεῖς,</span> <span class='ocrx_word' id='word_1_302' title='bbox 1205 2466 1250 2524; x_wconf 87' lang='grc' dir='ltr'>καί</span> <span class='ocrx_word' id='word_1_303' title='bbox 1272 2469 1337 2544; x_wconf 86' lang='grc' dir='ltr'>παρ’</span> <span class='ocrx_word' id='word_1_304' title='bbox 1353 2469 1464 2527; x_wconf 80' lang='grc' dir='ltr'>ἑκόντων</span> <span class='ocrx_word' id='word_1_305' title='bbox 1478 2470 1524 2528; x_wconf 84' lang='grc' dir='ltr'>καί</span> <span class='ocrx_word' id='word_1_306' title='bbox 1541 2473 1657 2530; x_wconf 74' lang='grc' dir='ltr'>ἀκόντων</span> <span class='ocrx_word' id='word_1_307' title='bbox 1672 2475 1745 2550; x_wconf 88' lang='grc' dir='ltr'>λεμ-</span> 
     </span>
     <span class='ocr_line' id='line_1_24' title="bbox 125 2541 1057 2630; baseline 0.016 -32"><span class='ocrx_word' id='word_1_308' title='bbox 125 2541 274 2618; x_wconf 74' lang='lat' dir='ltr'>vulgatam</span> <span class='ocrx_word' id='word_1_309' title='bbox 287 2547 464 2625; x_wconf 82' lang='lat' dir='ltr'>scripturam</span> <span class='ocrx_word' id='word_1_310' title='bbox 482 2551 629 2630; x_wconf 88' lang='grc' dir='ltr'>τρυγονίῳ,</span> <span class='ocrx_word' id='word_1_311' title='bbox 647 2571 734 2628; x_wconf 88' lang='lat' dir='ltr'>quam</span> <span class='ocrx_word' id='word_1_312' title='bbox 750 2554 838 2612; x_wconf 84' lang='lat' dir='ltr'>etiem</span> <span class='ocrx_word' id='word_1_313' title='bbox 858 2553 916 2612; x_wconf 89' lang='lat' dir='ltr'>Eu·</span> <span class='ocrx_word' id='word_1_314' title='bbox 962 2550 1057 2618; x_wconf 76' lang='grc' dir='ltr'>θάνοις.</span> 
     </span>
     <span class='ocr_line' id='line_1_25' title="bbox 128 2631 1486 2726; baseline 0.013 -40"><span class='ocrx_word' id='word_1_315' title='bbox 128 2631 360 2694; x_wconf 84' lang='lat' dir='ltr'>stetlriustuetur</span> <span class='ocrx_word' id='word_1_316' title='bbox 372 2655 438 2715; x_wconf 83' lang='lat' dir='ltr'>pag.</span> <span class='ocrx_word' id='word_1_317' title='bbox 454 2641 541 2710; x_wconf 77' lang='lat'>1282,</span> <span class='ocrx_word' id='word_1_318' title='bbox 554 2651 603 2708; x_wconf 75' lang='lat' dir='ltr'>to.</span> <span class='ocrx_word' id='word_1_319' title='bbox 615 2640 688 2700; x_wconf 88' lang='lat' dir='ltr'>Nam</span> <span class='ocrx_word' id='word_1_320' title='bbox 699 2639 818 2720; x_wconf 89' lang='grc' dir='ltr'>τιγονίῳ,</span> <span class='ocrx_word' id='word_1_321' title='bbox 835 2644 914 2720; x_wconf 89' lang='lat' dir='ltr'>quod</span> <span class='ocrx_word' id='word_1_322' title='bbox 1001 2641 1162 2719; x_wconf 84' lang='lat' dir='ltr'>(Diogenes</span> <span class='ocrx_word' id='word_1_323' title='bbox 1176 2643 1309 2704; x_wconf 64' lang='lat' dir='ltr'>Leirtins</span> <span class='ocrx_word' id='word_1_324' title='bbox 1321 2645 1373 2703; x_wconf 88' lang='lat' dir='ltr'>lib.</span> <span class='ocrx_word' id='word_1_325' title='bbox 1386 2644 1435 2720; x_wconf 91' lang='lat' dir='ltr'>lv,</span> <span class='ocrx_word' id='word_1_326' title='bbox 1452 2647 1486 2726; x_wconf 83' lang='grc' dir='ltr'>ε)</span> 
     </span>
    </p>

    <p class='ocr_par' dir='ltr' id='par_1_12' title="bbox 123 2721 1745 2991">
     <span class='ocr_line' id='line_1_26' title="bbox 124 2721 1744 2817; baseline 0.012 -39"><span class='ocrx_word' id='word_1_327' title='bbox 124 2721 298 2783; x_wconf 83' lang='lat' dir='ltr'>Dinduriius</span> <span class='ocrx_word' id='word_1_328' title='bbox 317 2727 430 2802; x_wconf 82' lang='lat' dir='ltr'>posuit,</span> <span class='ocrx_word' id='word_1_329' title='bbox 450 2727 520 2786; x_wconf 85' lang='lat' dir='ltr'>ferri</span> <span class='ocrx_word' id='word_1_330' title='bbox 534 2749 594 2788; x_wconf 91' lang='lat' dir='ltr'>non</span> <span class='ocrx_word' id='word_1_331' title='bbox 610 2726 734 2807; x_wconf 88' lang='lat' dir='ltr'>potest.)</span> <span class='ocrx_word' id='word_1_332' title='bbox 1000 2750 1050 2790; x_wconf 83' lang='grc' dir='ltr'>εει.</span> <span class='ocrx_word' id='word_1_333' title='bbox 1076 2728 1213 2808; x_wconf 84' lang='grc' dir='ltr'>Βούλομαί</span> <span class='ocrx_word' id='word_1_334' title='bbox 1232 2755 1260 2791; x_wconf 85' lang='grc' dir='ltr'>σε</span> <span class='ocrx_word' id='word_1_335' title='bbox 1284 2733 1352 2810; x_wconf 74' lang='grc' dir='ltr'>μετὰ</span> <span class='ocrx_word' id='word_1_336' title='bbox 1369 2736 1475 2803; x_wconf 74' lang='grc' dir='ltr'>παιδιᾶς</span> <span class='ocrx_word' id='word_1_337' title='bbox 1496 2736 1744 2817; x_wconf 75' lang='grc' dir='ltr'>παρρησιάσασθαι,</span> 
     </span>
     <span class='ocr_line' id='line_1_27' title="bbox 165 2808 1744 2968; baseline 0.009 -98"><span class='ocrx_word' id='word_1_338' title='bbox 165 2832 214 2872; x_wconf 81' lang='grc' dir='ltr'>εει.</span> <span class='ocrx_word' id='word_1_339' title='bbox 231 2813 406 2883; x_wconf 86' lang='grc' dir='ltr'>Σπεύσιππος</span> <span class='ocrx_word' id='word_1_340' title='bbox 432 2817 454 2874; x_wconf 90' lang='grc' dir='ltr'>δ’</span> <span class='ocrx_word' id='word_1_341' title='bbox 467 2818 568 2898; x_wconf 79' lang='grc' dir='ltr'>ἐμφερῆ</span> <span class='ocrx_word' id='word_1_342' title='bbox 589 2841 668 2898; x_wconf 87' lang='grc' dir='ltr'>φησιν</span> <span class='ocrx_word' id='word_1_343' title='bbox 690 2808 911 2892; x_wconf 82' lang='grc' dir='ltr'>είναικόκκυνα,</span> <span class='ocrx_word' id='word_1_344' title='bbox 960 2817 1050 2891; x_wconf 76' lang='grc' dir='ltr'>ἐπειδὴ</span> <span class='ocrx_word' id='word_1_345' title='bbox 1073 2818 1104 2878; x_wconf 87' lang='grc' dir='ltr'>σίν</span> <span class='ocrx_word' id='word_1_346' title='bbox 1119 2820 1164 2879; x_wconf 87' lang='grc' dir='ltr'>καί</span> <span class='ocrx_word' id='word_1_347' title='bbox 1185 2821 1251 2901; x_wconf 81' lang='grc' dir='ltr'>πρὸς</span> <span class='ocrx_word' id='word_1_348' title='bbox 1273 2822 1320 2968; x_wconf 62' lang='lat' dir='ltr'>lp]</span> <span class='ocrx_word' id='word_1_349' title='bbox 1336 2821 1586 2902; x_wconf 74' lang='grc' dir='ltr'>προεισάέῦληκας·</span> <span class='ocrx_word' id='word_1_350' title='bbox 1600 2827 1638 2904; x_wconf 82' lang='grc' dir='ltr'>τῷ</span> <span class='ocrx_word' id='word_1_351' title='bbox 1656 2825 1744 2906; x_wconf 89' lang='grc' dir='ltr'>τρόπῳ</span> 
     </span>
     <span class='ocr_line' id='line_1_28' title="bbox 123 2899 1745 2991; baseline 0.01 -33"><span class='ocrx_word' id='word_1_352' title='bbox 123 2899 262 2978; x_wconf 83' lang='grc' dir='ltr'>χελιδόνα,</span> <span class='ocrx_word' id='word_1_353' title='bbox 274 2905 394 2982; x_wconf 86' lang='grc' dir='ltr'>τρίγλαν.</span> <span class='ocrx_word' id='word_1_354' title='bbox 958 2906 1051 2986; x_wconf 88' lang='grc' dir='ltr'>τούτῳ.</span> <span class='ocrx_word' id='word_1_355' title='bbox 1065 2907 1143 2984; x_wconf 86' lang='grc' dir='ltr'>Λίγω</span> <span class='ocrx_word' id='word_1_356' title='bbox 1158 2909 1191 2981; x_wconf 82' lang='grc' dir='ltr'>δή</span> <span class='ocrx_word' id='word_1_357' title='bbox 1212 2932 1254 2968; x_wconf 94' lang='grc' dir='ltr'>σοι</span> <span class='ocrx_word' id='word_1_358' title='bbox 1273 2933 1285 2968; x_wconf 91' lang='grc' dir='ltr'>ε</span> <span class='ocrx_word' id='word_1_359' title='bbox 1320 2909 1463 2990; x_wconf 88' lang='grc' dir='ltr'>πράττειν,</span> <span class='ocrx_word' id='word_1_360' title='bbox 1482 2914 1504 2970; x_wconf 91' lang='grc' dir='ltr'>εί</span> <span class='ocrx_word' id='word_1_361' title='bbox 1525 2911 1577 2991; x_wconf 75' lang='grc' dir='ltr'>ἄρα</span> <span class='ocrx_word' id='word_1_362' title='bbox 1597 2913 1675 2972; x_wconf 88' lang='grc' dir='ltr'>τοῦτό</span> <span class='ocrx_word' id='word_1_363' title='bbox 1689 2917 1745 2974; x_wconf 88' lang='grc' dir='ltr'>ἐστι</span> 
     </span>
    </p>

    <p class='ocr_par' dir='ltr' id='par_1_13' title="bbox 169 2990 1746 3252">
     <span class='ocr_line' id='line_1_29' title="bbox 169 2990 1746 3081; baseline 0.01 -34"><span class='ocrx_word' id='word_1_364' title='bbox 169 2990 342 3070; x_wconf 80' lang='lat' dir='ltr'>(Atlrenaeus</span> <span class='ocrx_word' id='word_1_365' title='bbox 354 2994 408 3052; x_wconf 91' lang='lat' dir='ltr'>lib.</span> <span class='ocrx_word' id='word_1_366' title='bbox 421 2994 472 3052; x_wconf 84' lang='lat' dir='ltr'>Vll</span> <span class='ocrx_word' id='word_1_367' title='bbox 489 3017 555 3075; x_wconf 80' lang='lat' dir='ltr'>pag.</span> <span class='ocrx_word' id='word_1_368' title='bbox 574 2999 643 3065; x_wconf 74' lang='lat'>324.</span> <span class='ocrx_word' id='word_1_369' title='bbox 661 2996 702 3072; x_wconf 76' lang='lat' dir='ltr'>f.)</span> <span class='ocrx_word' id='word_1_370' title='bbox 959 3002 1004 3054; x_wconf 91' lang='grc' dir='ltr'>τοῦ</span> <span class='ocrx_word' id='word_1_371' title='bbox 1017 2995 1119 3076; x_wconf 81' lang='grc' dir='ltr'>χαίρειν</span> <span class='ocrx_word' id='word_1_372' title='bbox 1140 2997 1260 3075; x_wconf 87' lang='grc' dir='ltr'>άμεινον,</span> <span class='ocrx_word' id='word_1_373' title='bbox 1283 3001 1318 3065; x_wconf 83' lang='grc' dir='ltr'>ὡς</span> <span class='ocrx_word' id='word_1_374' title='bbox 1341 3001 1388 3058; x_wconf 82' lang='grc' dir='ltr'>οὐκ</span> <span class='ocrx_word' id='word_1_375' title='bbox 1407 2999 1492 3079; x_wconf 75' lang='grc' dir='ltr'>ἐστιν,</span> <span class='ocrx_word' id='word_1_376' title='bbox 1512 3001 1525 3038; x_wconf 65' lang='lat' dir='ltr'>l</span> <span class='ocrx_word' id='word_1_377' title='bbox 1547 3000 1616 3060; x_wconf 85' lang='grc' dir='ltr'>ὀλλδι</span> <span class='ocrx_word' id='word_1_378' title='bbox 1635 3003 1746 3081; x_wconf 84' lang='grc' dir='ltr'>τοῦμὲν</span> 
     </span>
     <span class='ocr_line' id='line_1_30' title="bbox 959 3076 1744 3170; baseline 0.014 -29"><span class='ocrx_word' id='word_1_379' title='bbox 959 3083 1082 3157; x_wconf 81' lang='grc' dir='ltr'>ἥδεσθαι,</span> <span class='ocrx_word' id='word_1_380' title='bbox 1098 3076 1120 3166; x_wconf 75' lang='grc' dir='ltr'>ᾧ</span> <span class='ocrx_word' id='word_1_381' title='bbox 1134 3087 1269 3146; x_wconf 88' lang='grc' dir='ltr'>Λασθενία</span> <span class='ocrx_word' id='word_1_382' title='bbox 1281 3088 1326 3146; x_wconf 86' lang='grc' dir='ltr'>καί</span> <span class='ocrx_word' id='word_1_383' title='bbox 1342 3087 1512 3158; x_wconf 86' lang='grc' dir='ltr'>Σπεύσιππος</span> <span class='ocrx_word' id='word_1_384' title='bbox 1530 3094 1644 3170; x_wconf 84' lang='grc' dir='ltr'>χρῆται,</span> <span class='ocrx_word' id='word_1_385' title='bbox 1661 3089 1744 3160; x_wconf 88' lang='grc' dir='ltr'>αίτιος</span> 
     </span>
     <span class='ocr_line' id='line_1_31' title="bbox 959 3167 1744 3252; baseline 0.011 -22"><span class='ocrx_word' id='word_1_386' title='bbox 959 3178 1004 3231; x_wconf 90' lang='grc' dir='ltr'>τοῦ</span> <span class='ocrx_word' id='word_1_387' title='bbox 1024 3175 1049 3240; x_wconf 87' lang='grc' dir='ltr'>ἐς</span> <span class='ocrx_word' id='word_1_388' title='bbox 1064 3173 1189 3233; x_wconf 88' lang='grc' dir='ltr'>Σικελίαν</span> <span class='ocrx_word' id='word_1_389' title='bbox 1210 3173 1302 3234; x_wconf 84' lang='grc' dir='ltr'>στόλου</span> <span class='ocrx_word' id='word_1_390' title='bbox 1316 3177 1451 3252; x_wconf 82' lang='grc' dir='ltr'>ὁμολογῶν</span> <span class='ocrx_word' id='word_1_391' title='bbox 1474 3167 1553 3250; x_wconf 79' lang='grc' dir='ltr'>εἶναι,</span> <span class='ocrx_word' id='word_1_392' title='bbox 1564 3177 1609 3236; x_wconf 83' lang='grc' dir='ltr'>καί</span> <span class='ocrx_word' id='word_1_393' title='bbox 1624 3179 1744 3247; x_wconf 87' lang='grc' dir='ltr'>πλείονας</span> 
     </span>
    </p>

    <p class='ocr_par' dir='ltr' id='par_1_14' title="bbox 121 3250 1830 3784">
     <span class='ocr_line' id='line_1_32' title="bbox 167 3250 1743 3343; baseline 0.01 -31"><span class='ocrx_word' id='word_1_394' title='bbox 167 3275 219 3316; x_wconf 81' lang='lat' dir='ltr'>eet.</span> <span class='ocrx_word' id='word_1_395' title='bbox 237 3259 278 3318; x_wconf 80' lang='lat' dir='ltr'>oi</span> <span class='ocrx_word' id='word_1_396' title='bbox 303 3261 408 3337; x_wconf 78' lang='grc' dir='ltr'>μακρὰν</span> <span class='ocrx_word' id='word_1_397' title='bbox 429 3259 456 3318; x_wconf 75' lang='grc' dir='ltr'>δὲ</span> <span class='ocrx_word' id='word_1_398' title='bbox 472 3256 570 3318; x_wconf 87' lang='grc' dir='ltr'>τούτων</span> <span class='ocrx_word' id='word_1_399' title='bbox 585 3250 617 3332; x_wconf 67' lang='grc' dir='ltr'>ἦν</span> <span class='ocrx_word' id='word_1_400' title='bbox 633 3258 679 3319; x_wconf 88' lang='grc' dir='ltr'>καί</span> <span class='ocrx_word' id='word_1_401' title='bbox 696 3259 883 3333; x_wconf 89' lang='grc' dir='ltr'>Σπεύσιππος,</span> <span class='ocrx_word' id='word_1_402' title='bbox 900 3263 913 3317; x_wconf 89' lang='grc' dir='ltr'>ὁ</span> <span class='ocrx_word' id='word_1_403' title='bbox 958 3266 1005 3319; x_wconf 91' lang='grc' dir='ltr'>τοῦ</span> <span class='ocrx_word' id='word_1_404' title='bbox 1026 3261 1159 3339; x_wconf 81' lang='grc' dir='ltr'>Γηρυόνου</span> <span class='ocrx_word' id='word_1_405' title='bbox 1173 3263 1263 3343; x_wconf 85' lang='grc' dir='ltr'>χεῖρας</span> <span class='ocrx_word' id='word_1_406' title='bbox 1286 3263 1332 3321; x_wconf 84' lang='grc' dir='ltr'>καλ</span> <span class='ocrx_word' id='word_1_407' title='bbox 1346 3263 1429 3332; x_wconf 86' lang='grc' dir='ltr'>πόδας</span> <span class='ocrx_word' id='word_1_408' title='bbox 1442 3261 1524 3338; x_wconf 60' lang='lat' dir='ltr'>(ficus,</span> <span class='ocrx_word' id='word_1_409' title='bbox 1540 3266 1682 3340; x_wconf 78' lang='grc' dir='ltr'>μᾶλλονδὲ</span> <span class='ocrx_word' id='word_1_410' title='bbox 1697 3274 1743 3327; x_wconf 87' lang='grc' dir='ltr'>τοῦ</span> 
     </span>
     <span class='ocr_line' id='line_1_33' title="bbox 125 3345 1091 3428; baseline 0.005 -23"><span class='ocrx_word' id='word_1_411' title='bbox 125 3345 269 3413; x_wconf 88' lang='grc' dir='ltr'>Πλάτωνος</span> <span class='ocrx_word' id='word_1_412' title='bbox 286 3347 415 3419; x_wconf 73' lang='grc' dir='ltr'>ἀκουστὴς</span> <span class='ocrx_word' id='word_1_413' title='bbox 429 3349 475 3407; x_wconf 86' lang='grc' dir='ltr'>καὶ</span> <span class='ocrx_word' id='word_1_414' title='bbox 500 3349 636 3428; x_wconf 81' lang='grc' dir='ltr'>συγγενής.</span> <span class='ocrx_word' id='word_1_415' title='bbox 659 3347 797 3416; x_wconf 91' lang='grc' dir='ltr'>Διονύσιος</span> <span class='ocrx_word' id='word_1_416' title='bbox 821 3351 913 3426; x_wconf 86' lang='grc' dir='ltr'>γοῦνδ</span> <span class='ocrx_word' id='word_1_417' title='bbox 960 3349 1091 3428; x_wconf 85' lang='grc' dir='ltr'>Βριάρεω.</span> 
     </span>
     <span class='ocr_line' id='line_1_34' title="bbox 123 3433 1830 3522; baseline 0.009 -30"><span class='ocrx_word' id='word_1_418' title='bbox 123 3433 249 3513; x_wconf 85' lang='grc' dir='ltr'>τύραννος</span> <span class='ocrx_word' id='word_1_419' title='bbox 263 3437 290 3494; x_wconf 83' lang='grc' dir='ltr'>ἐν</span> <span class='ocrx_word' id='word_1_420' title='bbox 307 3445 364 3503; x_wconf 90' lang='grc' dir='ltr'>ταῖς</span> <span class='ocrx_word' id='word_1_421' title='bbox 379 3436 444 3517; x_wconf 84' lang='grc' dir='ltr'>πρὸς</span> <span class='ocrx_word' id='word_1_422' title='bbox 468 3437 546 3496; x_wconf 78' lang='grc' dir='ltr'>αὐτὸν</span> <span class='ocrx_word' id='word_1_423' title='bbox 564 3441 717 3504; x_wconf 75' lang='grc' dir='ltr'>ἐπιστολαῖς</span> <span class='ocrx_word' id='word_1_424' title='bbox 741 3439 787 3497; x_wconf 85' lang='grc' dir='ltr'>καί</span> <span class='ocrx_word' id='word_1_425' title='bbox 803 3439 836 3497; x_wconf 82' lang='grc' dir='ltr'>τὰ</span> <span class='ocrx_word' id='word_1_426' title='bbox 862 3441 909 3508; x_wconf 79' lang='grc' dir='ltr'>τῆς</span> <span class='ocrx_word' id='word_1_427' title='bbox 1001 3438 1108 3518; x_wconf 85' lang='lat' dir='ltr'>(Epist.</span> <span class='ocrx_word' id='word_1_428' title='bbox 1122 3439 1259 3500; x_wconf 78' lang='lat' dir='ltr'>Socratic.</span> <span class='ocrx_word' id='word_1_429' title='bbox 1276 3442 1314 3498; x_wconf 80' lang='lat'>36·</span> <span class='ocrx_word' id='word_1_430' title='bbox 1326 3462 1355 3520; x_wconf 90' lang='lat' dir='ltr'>p.</span> <span class='ocrx_word' id='word_1_431' title='bbox 1370 3449 1406 3510; x_wconf 74' lang='lat' dir='ltr'>dd</span> <span class='ocrx_word' id='word_1_432' title='bbox 1419 3441 1465 3502; x_wconf 84' lang='lat' dir='ltr'>ed.</span> <span class='ocrx_word' id='word_1_433' title='bbox 1480 3441 1570 3500; x_wconf 89' lang='lat' dir='ltr'>Orell.</span> <span class='ocrx_word' id='word_1_434' title='bbox 1582 3440 1715 3522; x_wconf 87' lang='lat' dir='ltr'>Scripsi:</span> <span class='ocrx_word' id='word_1_435' title='bbox 1730 3451 1742 3480; x_wconf 77' lang='lat'>⁸</span> <span class='ocrx_word' id='word_1_436' title='bbox 1825 3433 1830 3440; x_wconf 45' lang='grc'><strong>’</strong></span> 
     </span>
     <span class='ocr_line' id='line_1_35' title="bbox 123 3523 1744 3609; baseline 0.007 -29"><span class='ocrx_word' id='word_1_437' title='bbox 123 3523 276 3604; x_wconf 87' lang='grc' dir='ltr'>φιληδονίας</span> <span class='ocrx_word' id='word_1_438' title='bbox 300 3527 380 3585; x_wconf 86' lang='grc' dir='ltr'>αὐτοῦ</span> <span class='ocrx_word' id='word_1_439' title='bbox 401 3525 616 3607; x_wconf 78' lang='grc' dir='ltr'>διεξερχόμενος,</span> <span class='ocrx_word' id='word_1_440' title='bbox 639 3527 679 3586; x_wconf 87' lang='grc' dir='ltr'>ἔτι</span> <span class='ocrx_word' id='word_1_441' title='bbox 698 3527 725 3584; x_wconf 87' lang='grc' dir='ltr'>δὲ</span> <span class='ocrx_word' id='word_1_442' title='bbox 753 3531 801 3598; x_wconf 81' lang='grc' dir='ltr'>τῆς</span> <span class='ocrx_word' id='word_1_443' title='bbox 815 3530 910 3608; x_wconf 88' lang='grc' dir='ltr'>φιλαρ-</span> <span class='ocrx_word' id='word_1_444' title='bbox 958 3526 1049 3598; x_wconf 79' lang='grc' dir='ltr'>ἐπειδὴ</span> <span class='ocrx_word' id='word_1_445' title='bbox 1065 3526 1097 3585; x_wconf 87' lang='grc' dir='ltr'>σὺ</span> <span class='ocrx_word' id='word_1_446' title='bbox 1112 3527 1158 3586; x_wconf 86' lang='grc' dir='ltr'>καί</span> <span class='ocrx_word' id='word_1_447' title='bbox 1178 3527 1243 3608; x_wconf 86' lang='grc' dir='ltr'>πρὸς</span> <span class='ocrx_word' id='word_1_448' title='bbox 1258 3527 1305 3606; x_wconf 77' lang='grc' dir='ltr'>ἐμὲ</span> <span class='ocrx_word' id='word_1_449' title='bbox 1320 3528 1564 3609; x_wconf 78' lang='grc' dir='ltr'>προεισθίῦληκας]</span> <span class='ocrx_word' id='word_1_450' title='bbox 1579 3530 1662 3590; x_wconf 82' lang='lat' dir='ltr'>cedd.</span> <span class='ocrx_word' id='word_1_451' title='bbox 1674 3534 1744 3590; x_wconf 86' lang='grc' dir='ltr'>ἐπει·</span> 
     </span>
     <span class='ocr_line' id='line_1_36' title="bbox 121 3613 1744 3696; baseline 0.004 -24"><span class='ocrx_word' id='word_1_452' title='bbox 121 3615 229 3693; x_wconf 87' lang='grc' dir='ltr'>γυρίας,</span> <span class='ocrx_word' id='word_1_453' title='bbox 242 3613 404 3693; x_wconf 85' lang='grc' dir='ltr'>ἐρανίζεσθαί</span> <span class='ocrx_word' id='word_1_454' title='bbox 418 3638 447 3673; x_wconf 89' lang='grc' dir='ltr'>τε</span> <span class='ocrx_word' id='word_1_455' title='bbox 458 3615 533 3693; x_wconf 87' lang='grc' dir='ltr'>παρδι</span> <span class='ocrx_word' id='word_1_456' title='bbox 548 3618 654 3674; x_wconf 81' lang='grc' dir='ltr'>πολλῶν</span> <span class='ocrx_word' id='word_1_457' title='bbox 675 3615 753 3673; x_wconf 82' lang='grc' dir='ltr'>αὐτὸν</span> <span class='ocrx_word' id='word_1_458' title='bbox 769 3616 910 3694; x_wconf 67' lang='grc' dir='ltr'>διελέγγων</span> <span class='ocrx_word' id='word_1_459' title='bbox 958 3614 989 3687; x_wconf 79' lang='grc' dir='ltr'>δὴ</span> <span class='ocrx_word' id='word_1_460' title='bbox 1008 3613 1053 3674; x_wconf 85' lang='grc' dir='ltr'>καί</span> <span class='ocrx_word' id='word_1_461' title='bbox 1072 3615 1104 3674; x_wconf 82' lang='grc' dir='ltr'>σύ</span> <span class='ocrx_word' id='word_1_462' title='bbox 1120 3615 1182 3695; x_wconf 82' lang='grc' dir='ltr'>περὶ</span> <span class='ocrx_word' id='word_1_463' title='bbox 1205 3620 1269 3694; x_wconf 91' lang='grc' dir='ltr'>ἐμοῦ</span> <span class='ocrx_word' id='word_1_464' title='bbox 1282 3616 1530 3696; x_wconf 62' lang='grc' dir='ltr'>λπροεισῦίὸληειας.</span> <span class='ocrx_word' id='word_1_465' title='bbox 1556 3619 1623 3663; x_wconf 63' lang='lat' dir='ltr'>-l‘</span> <span class='ocrx_word' id='word_1_466' title='bbox 1646 3622 1682 3686; x_wconf 86' lang='grc' dir='ltr'>ὡς</span> <span class='ocrx_word' id='word_1_467' title='bbox 1696 3623 1744 3679; x_wconf 78' lang='grc' dir='ltr'>οὐκ</span> 
     </span>
     <span class='ocr_line' id='line_1_37' title="bbox 121 3700 1742 3784; baseline 0.006 -26"><span class='ocrx_word' id='word_1_468' title='bbox 121 3701 240 3770; x_wconf 85' lang='grc' dir='ltr'>ὀνειδίζει</span> <span class='ocrx_word' id='word_1_469' title='bbox 255 3700 356 3762; x_wconf 84' lang='grc' dir='ltr'>καλτδν</span> <span class='ocrx_word' id='word_1_470' title='bbox 377 3702 539 3770; x_wconf 87' lang='grc' dir='ltr'>Λασθενείας</span> <span class='ocrx_word' id='word_1_471' title='bbox 553 3707 601 3774; x_wconf 81' lang='grc' dir='ltr'>τῆς</span> <span class='ocrx_word' id='word_1_472' title='bbox 621 3703 778 3784; x_wconf 82' lang='grc' dir='ltr'>Ἀρκαδικῆς</span> <span class='ocrx_word' id='word_1_473' title='bbox 800 3701 908 3784; x_wconf 74' lang='grc' dir='ltr'>ἑταίρας</span> <span class='ocrx_word' id='word_1_474' title='bbox 956 3700 1044 3778; x_wconf 80' lang='grc' dir='ltr'>ἐστιν,</span> <span class='ocrx_word' id='word_1_475' title='bbox 1063 3701 1136 3763; x_wconf 83' lang='grc' dir='ltr'>ὀλλίι</span> <span class='ocrx_word' id='word_1_476' title='bbox 1149 3711 1194 3764; x_wconf 91' lang='grc' dir='ltr'>τοῦ</span> <span class='ocrx_word' id='word_1_477' title='bbox 1209 3703 1257 3782; x_wconf 83' lang='grc' dir='ltr'>μὲν</span> <span class='ocrx_word' id='word_1_478' title='bbox 1281 3703 1408 3782; x_wconf 77' lang='grc' dir='ltr'>ἥδεσθαι]</span> <span class='ocrx_word' id='word_1_479' title='bbox 1431 3705 1516 3767; x_wconf 87' lang='lat' dir='ltr'>codd.</span> <span class='ocrx_word' id='word_1_480' title='bbox 1541 3708 1576 3772; x_wconf 80' lang='grc' dir='ltr'>ὡς</span> <span class='ocrx_word' id='word_1_481' title='bbox 1596 3708 1646 3765; x_wconf 84' lang='grc' dir='ltr'>οόκ</span> <span class='ocrx_word' id='word_1_482' title='bbox 1660 3709 1742 3769; x_wconf 91' lang='grc' dir='ltr'>ἐστιν.</span> 
     </span>
    </p>
   </div>
   <div class='ocr_carea' id='block_1_5' title="bbox 178 3125 886 3208">
    <p class='ocr_par' dir='ltr' id='par_1_15' title="bbox 178 3125 886 3208">
     <span class='ocr_line' id='line_1_38' title="bbox 178 3125 886 3208; baseline 0.004 -25"><span class='ocrx_word' id='word_1_483' title='bbox 178 3126 220 3183; x_wconf 89' lang='grc' dir='ltr'>Εκ</span> <span class='ocrx_word' id='word_1_484' title='bbox 234 3127 285 3183; x_wconf 89' lang='grc' dir='ltr'>τῶν</span> <span class='ocrx_word' id='word_1_485' title='bbox 303 3125 439 3208; x_wconf 86' lang='grc' dir='ltr'>Διονυσίου</span> <span class='ocrx_word' id='word_1_486' title='bbox 455 3127 519 3207; x_wconf 84' lang='grc' dir='ltr'>πρὸς</span> <span class='ocrx_word' id='word_1_487' title='bbox 534 3127 709 3188; x_wconf 88' lang='grc' dir='ltr'>Σπεύσιππον</span> <span class='ocrx_word' id='word_1_488' title='bbox 728 3129 886 3186; x_wconf 86' lang='grc' dir='ltr'>ἐπιστολῶν.</span> 
     </span>
    </p>
   </div>
   <div class='ocr_carea' id='block_1_6' title="bbox 123 3887 1745 5294">
    <p class='ocr_par' dir='ltr' id='par_1_16' title="bbox 123 3887 1745 4140">
     <span class='ocr_line' id='line_1_39' title="bbox 156 3887 1745 3962; baseline 0.001 -14"><span class='ocrx_word' id='word_1_489' title='bbox 156 3903 211 3948; x_wconf 90' lang='grc'>221.</span> <span class='ocrx_word' id='word_1_490' title='bbox 236 3899 387 3961; x_wconf 82' lang='lat' dir='ltr'>Speusippus</span> <span class='ocrx_word' id='word_1_491' title='bbox 404 3899 511 3948; x_wconf 89' lang='lat' dir='ltr'>secundo</span> <span class='ocrx_word' id='word_1_492' title='bbox 528 3898 713 3948; x_wconf 82' lang='lat' dir='ltr'>similitudinum</span> <span class='ocrx_word' id='word_1_493' title='bbox 724 3898 803 3947; x_wconf 88' lang='lat' dir='ltr'>libro:</span> <span class='ocrx_word' id='word_1_494' title='bbox 819 3899 914 3961; x_wconf 79' lang='lat' dir='ltr'>liaphe-</span> <span class='ocrx_word' id='word_1_495' title='bbox 959 3897 1159 3948; x_wconf 73' lang='lat' dir='ltr'>tum-armiliam</span> <span class='ocrx_word' id='word_1_496' title='bbox 1174 3897 1228 3960; x_wconf 87' lang='lat' dir='ltr'>ejus</span> <span class='ocrx_word' id='word_1_497' title='bbox 1246 3887 1383 3961; x_wconf 57' lang='lat' dir='ltr'>exponite,</span> <span class='ocrx_word' id='word_1_498' title='bbox 1399 3897 1522 3962; x_wconf 88' lang='lat' dir='ltr'>simulque</span> <span class='ocrx_word' id='word_1_499' title='bbox 1537 3910 1553 3948; x_wconf 89' lang='grc' dir='ltr'>ιι</span> <span class='ocrx_word' id='word_1_500' title='bbox 1573 3897 1659 3950; x_wconf 84' lang='lat' dir='ltr'>multis</span> <span class='ocrx_word' id='word_1_501' title='bbox 1674 3899 1745 3950; x_wconf 91' lang='lat' dir='ltr'>illum</span> 
     </span>
     <span class='ocr_line' id='line_1_40' title="bbox 123 3985 1740 4053; baseline 0.003 -18"><span class='ocrx_word' id='word_1_502' title='bbox 123 3999 180 4042; x_wconf 79' lang='lat' dir='ltr'>nus.</span> <span class='ocrx_word' id='word_1_503' title='bbox 198 3985 287 4048; x_wconf 77' lang='lat' dir='ltr'>iuquit,</span> <span class='ocrx_word' id='word_1_504' title='bbox 303 3999 391 4049; x_wconf 87' lang='lat' dir='ltr'>repnm</span> <span class='ocrx_word' id='word_1_505' title='bbox 410 3986 559 4050; x_wconf 90' lang='lat' dir='ltr'>rotundum,</span> <span class='ocrx_word' id='word_1_506' title='bbox 574 3999 646 4050; x_wconf 85' lang='lat' dir='ltr'>repe,</span> <span class='ocrx_word' id='word_1_507' title='bbox 661 3985 821 4049; x_wconf 85' lang='lat' dir='ltr'>nasturtium,</span> <span class='ocrx_word' id='word_1_508' title='bbox 843 3985 911 4035; x_wconf 76' lang='lat' dir='ltr'>euui-</span> <span class='ocrx_word' id='word_1_509' title='bbox 957 3985 1086 4050; x_wconf 85' lang='lat' dir='ltr'>pecuniam</span> <span class='ocrx_word' id='word_1_510' title='bbox 1106 3987 1203 4050; x_wconf 81' lang='lat' dir='ltr'>exigere</span> <span class='ocrx_word' id='word_1_511' title='bbox 1225 3985 1373 4036; x_wconf 83' lang='lat' dir='ltr'>convincens</span> <span class='ocrx_word' id='word_1_512' title='bbox 1394 3985 1532 4038; x_wconf 82' lang='lat' dir='ltr'>Lesiheniae</span> <span class='ocrx_word' id='word_1_513' title='bbox 1555 4001 1671 4053; x_wconf 77' lang='lat' dir='ltr'>quoque,</span> <span class='ocrx_word' id='word_1_514' title='bbox 1694 3993 1740 4042; x_wconf 82' lang='grc' dir='ltr'>Δε-</span> 
     </span>
     <span class='ocr_line' id='line_1_41' title="bbox 123 4073 1745 4140; baseline 0.004 -18"><span class='ocrx_word' id='word_1_515' title='bbox 123 4075 236 4125; x_wconf 81' lang='lat' dir='ltr'>iiesnnt.</span> <span class='ocrx_word' id='word_1_516' title='bbox 957 4075 1049 4125; x_wconf 84' lang='lat' dir='ltr'>cedicte</span> <span class='ocrx_word' id='word_1_517' title='bbox 1060 4075 1162 4136; x_wconf 77' lang='lat' dir='ltr'>amicte,</span> <span class='ocrx_word' id='word_1_518' title='bbox 1179 4087 1290 4125; x_wconf 83' lang='lat' dir='ltr'>emerem</span> <span class='ocrx_word' id='word_1_519' title='bbox 1300 4073 1439 4140; x_wconf 75' lang='lat' dir='ltr'>exprobrat,</span> <span class='ocrx_word' id='word_1_520' title='bbox 1454 4075 1686 4140; x_wconf 65' lang='lat' dir='ltr'>ecpoeuuuehaec</span> <span class='ocrx_word' id='word_1_521' title='bbox 1703 4079 1745 4130; x_wconf 84' lang='lat' dir='ltr'>sd-</span> 
     </span>
    </p>

    <p class='ocr_par' dir='ltr' id='par_1_17' title="bbox 125 4153 1743 4319">
     <span class='ocr_line' id='line_1_42' title="bbox 158 4153 1741 4232; baseline 0.001 -16"><span class='ocrx_word' id='word_1_522' title='bbox 158 4171 213 4216; x_wconf 88' lang='grc'>222.</span> <span class='ocrx_word' id='word_1_523' title='bbox 227 4165 339 4216; x_wconf 75' lang='lat' dir='ltr'>Meminit</span> <span class='ocrx_word' id='word_1_524' title='bbox 348 4179 436 4216; x_wconf 81' lang='lat' dir='ltr'>esrum</span> <span class='ocrx_word' id='word_1_525' title='bbox 452 4167 536 4217; x_wconf 84' lang='lat' dir='ltr'>avium</span> <span class='ocrx_word' id='word_1_526' title='bbox 548 4168 574 4218; x_wconf 83' lang='lat' dir='ltr'>et</span> <span class='ocrx_word' id='word_1_527' title='bbox 583 4167 735 4232; x_wconf 86' lang='lat' dir='ltr'>Speusippus</span> <span class='ocrx_word' id='word_1_528' title='bbox 749 4165 858 4216; x_wconf 89' lang='lat' dir='ltr'>secundo</span> <span class='ocrx_word' id='word_1_529' title='bbox 876 4165 910 4215; x_wconf 88' lang='lat' dir='ltr'>si·</span> <span class='ocrx_word' id='word_1_530' title='bbox 958 4153 1354 4226; x_wconf 66' lang='lat' dir='ltr'>‹leustni&#39;uqnibuedeminquit</span> <span class='ocrx_word' id='word_1_531' title='bbox 1361 4162 1503 4215; x_wconf 81' lang='lat' dir='ltr'>horninibus</span> <span class='ocrx_word' id='word_1_532' title='bbox 1512 4165 1639 4215; x_wconf 76' lang='lat' dir='ltr'>enuntiem</span> <span class='ocrx_word' id='word_1_533' title='bbox 1645 4166 1741 4230; x_wconf 75' lang='lat' dir='ltr'>obitus,</span> 
     </span>
     <span class='ocr_line' id='line_1_43' title="bbox 125 4237 1743 4319; baseline 0.002 -16"><span class='ocrx_word' id='word_1_534' title='bbox 125 4253 292 4306; x_wconf 77' lang='lat' dir='ltr'>militudinem</span> <span class='ocrx_word' id='word_1_535' title='bbox 306 4253 378 4306; x_wconf 88' lang='lat' dir='ltr'>libro.</span> <span class='ocrx_word' id='word_1_536' title='bbox 696 4237 698 4242; x_wconf 47' lang='grc'>’</span> <span class='ocrx_word' id='word_1_537' title='bbox 958 4268 1036 4317; x_wconf 89' lang='lat' dir='ltr'>quum</span> <span class='ocrx_word' id='word_1_538' title='bbox 1055 4254 1108 4318; x_wconf 87' lang='lat' dir='ltr'>ipse</span> <span class='ocrx_word' id='word_1_539' title='bbox 1121 4253 1220 4304; x_wconf 85' lang='lat' dir='ltr'>nudum</span> <span class='ocrx_word' id='word_1_540' title='bbox 1238 4255 1311 4317; x_wconf 81' lang='lat' dir='ltr'>turpe</span> <span class='ocrx_word' id='word_1_541' title='bbox 1328 4255 1426 4304; x_wconf 85' lang='lat' dir='ltr'>lucrum</span> <span class='ocrx_word' id='word_1_542' title='bbox 1444 4255 1653 4319; x_wconf 72' lang='lat' dir='ltr'>pretermiserint</span> <span class='ocrx_word' id='word_1_543' title='bbox 1676 4256 1743 4316; x_wconf 84' lang='lat' dir='ltr'>Quid</span> 
     </span>
    </p>

    <p class='ocr_par' dir='ltr' id='par_1_18' title="bbox 125 4341 1745 4500">
     <span class='ocr_line' id='line_1_44' title="bbox 158 4341 1745 4410; baseline 0.002 -17"><span class='ocrx_word' id='word_1_544' title='bbox 158 4347 214 4395; x_wconf 84' lang='grc'>223.</span> <span class='ocrx_word' id='word_1_545' title='bbox 228 4343 381 4409; x_wconf 87' lang='lat' dir='ltr'>speusippus</span> <span class='ocrx_word' id='word_1_546' title='bbox 400 4358 498 4409; x_wconf 86' lang='lat' dir='ltr'>quoque</span> <span class='ocrx_word' id='word_1_547' title='bbox 516 4344 626 4395; x_wconf 84' lang='lat' dir='ltr'>secundo</span> <span class='ocrx_word' id='word_1_548' title='bbox 646 4343 836 4394; x_wconf 81' lang='lat' dir='ltr'>similitudinum</span> <span class='ocrx_word' id='word_1_549' title='bbox 850 4344 912 4394; x_wconf 74' lang='lat' dir='ltr'>lilim</span> <span class='ocrx_word' id='word_1_550' title='bbox 957 4344 1023 4394; x_wconf 88' lang='lat' dir='ltr'>euim</span> <span class='ocrx_word' id='word_1_551' title='bbox 1035 4357 1086 4392; x_wconf 88' lang='lat' dir='ltr'>non</span> <span class='ocrx_word' id='word_1_552' title='bbox 1102 4341 1197 4394; x_wconf 82' lang='lat' dir='ltr'>iecisti?</span> <span class='ocrx_word' id='word_1_553' title='bbox 1210 4345 1296 4396; x_wconf 80' lang='lat' dir='ltr'>tienne</span> <span class='ocrx_word' id='word_1_554' title='bbox 1305 4356 1411 4408; x_wconf 75' lang='lat' dir='ltr'>quuum</span> <span class='ocrx_word' id='word_1_555' title='bbox 1426 4357 1510 4396; x_wconf 88' lang='lat' dir='ltr'>rerum</span> <span class='ocrx_word' id='word_1_556' title='bbox 1522 4357 1607 4410; x_wconf 70' lang='lat' dir='ltr'>penes</span> <span class='ocrx_word' id='word_1_557' title='bbox 1619 4343 1673 4409; x_wconf 84' lang='lat' dir='ltr'>lpse</span> <span class='ocrx_word' id='word_1_558' title='bbox 1681 4347 1745 4396; x_wconf 80' lang='lat' dir='ltr'>Mer·</span> 
     </span>
     <span class='ocr_line' id='line_1_45' title="bbox 125 4431 1729 4500; baseline 0.003 -19"><span class='ocrx_word' id='word_1_559' title='bbox 125 4432 179 4482; x_wconf 89' lang='lat' dir='ltr'>sine</span> <span class='ocrx_word' id='word_1_560' title='bbox 192 4445 206 4482; x_wconf 89' lang='grc' dir='ltr'>ε</span> <span class='ocrx_word' id='word_1_561' title='bbox 219 4432 288 4497; x_wconf 86' lang='lat' dir='ltr'>ipsos</span> <span class='ocrx_word' id='word_1_562' title='bbox 300 4433 397 4483; x_wconf 86' lang='lat' dir='ltr'>esiones</span> <span class='ocrx_word' id='word_1_563' title='bbox 412 4433 530 4484; x_wconf 84' lang='lat' dir='ltr'>nominet.</span> <span class='ocrx_word' id='word_1_564' title='bbox 957 4433 1041 4484; x_wconf 87' lang='lat' dir='ltr'>curius</span> <span class='ocrx_word' id='word_1_565' title='bbox 1053 4433 1120 4484; x_wconf 87' lang='lat' dir='ltr'>luere</span> <span class='ocrx_word' id='word_1_566' title='bbox 1134 4433 1249 4496; x_wconf 80' lang='lat' dir='ltr'>debebat,</span> <span class='ocrx_word' id='word_1_567' title='bbox 1264 4446 1294 4483; x_wconf 84' lang='lat' dir='ltr'>ex</span> <span class='ocrx_word' id='word_1_568' title='bbox 1307 4431 1337 4482; x_wconf 90' lang='lat' dir='ltr'>iis</span> <span class='ocrx_word' id='word_1_569' title='bbox 1351 4433 1459 4484; x_wconf 81' lang='lat' dir='ltr'>fructum</span> <span class='ocrx_word' id='word_1_570' title='bbox 1471 4435 1598 4500; x_wconf 72' lang='lat' dir='ltr'>percipere</span> <span class='ocrx_word' id='word_1_571' title='bbox 1612 4433 1729 4486; x_wconf 73' lang='grc' dir='ltr'>οοιειείει</span> 
     </span>
    </p>

    <p class='ocr_par' dir='ltr' id='par_1_19' title="bbox 124 4519 1742 4761">
     <span class='ocr_line' id='line_1_46' title="bbox 157 4519 1741 4586; baseline 0 -14"><span class='ocrx_word' id='word_1_572' title='bbox 157 4523 372 4572; x_wconf 68' lang='lat' dir='ltr'>meledunum</span> <span class='ocrx_word' id='word_1_573' title='bbox 389 4521 475 4572; x_wconf 79' lang='lat' dir='ltr'>cicade</span> <span class='ocrx_word' id='word_1_574' title='bbox 494 4523 598 4586; x_wconf 79' lang='lat' dir='ltr'>parvule</span> <span class='ocrx_word' id='word_1_575' title='bbox 617 4522 707 4572; x_wconf 80' lang='lat' dir='ltr'>enimsi</span> <span class='ocrx_word' id='word_1_576' title='bbox 721 4522 803 4572; x_wconf 87' lang='lat' dir='ltr'>simite</span> <span class='ocrx_word' id='word_1_577' title='bbox 820 4520 913 4571; x_wconf 74' lang='lat' dir='ltr'>cicade</span> <span class='ocrx_word' id='word_1_578' title='bbox 989 4523 1043 4571; x_wconf 87' lang='grc'>227.</span> <span class='ocrx_word' id='word_1_579' title='bbox 1068 4520 1219 4570; x_wconf 85' lang='lat' dir='ltr'>Dicebeninr</span> <span class='ocrx_word' id='word_1_580' title='bbox 1237 4519 1320 4583; x_wconf 88' lang='lat' dir='ltr'>ipsum</span> <span class='ocrx_word' id='word_1_581' title='bbox 1340 4520 1451 4572; x_wconf 82' lang='lat' dir='ltr'>Plutonis</span> <span class='ocrx_word' id='word_1_582' title='bbox 1473 4535 1572 4586; x_wconf 86' lang='lat' dir='ltr'>quoque</span> <span class='ocrx_word' id='word_1_583' title='bbox 1594 4521 1741 4586; x_wconf 81' lang='lat' dir='ltr'>discipules,</span> 
     </span>
     <span class='ocr_line' id='line_1_47' title="bbox 127 4607 1742 4675; baseline 0.001 -17"><span class='ocrx_word' id='word_1_584' title='bbox 127 4609 165 4658; x_wconf 83' lang='lat' dir='ltr'>rel</span> <span class='ocrx_word' id='word_1_585' title='bbox 181 4623 259 4672; x_wconf 84' lang='lat' dir='ltr'>perro</span> <span class='ocrx_word' id='word_1_586' title='bbox 271 4611 376 4673; x_wconf 87' lang='lat' dir='ltr'>turturi,</span> <span class='ocrx_word' id='word_1_587' title='bbox 394 4613 423 4661; x_wconf 86' lang='lat' dir='ltr'>nt</span> <span class='ocrx_word' id='word_1_588' title='bbox 445 4610 598 4675; x_wconf 86' lang='lat' dir='ltr'>Speusippus</span> <span class='ocrx_word' id='word_1_589' title='bbox 616 4613 706 4675; x_wconf 79' lang='lat' dir='ltr'>quarto</span> <span class='ocrx_word' id='word_1_590' title='bbox 722 4609 913 4661; x_wconf 86' lang='lat' dir='ltr'>similitudinum</span> <span class='ocrx_word' id='word_1_591' title='bbox 957 4607 1087 4658; x_wconf 80' lang='lat' dir='ltr'>Lestlncnie</span> <span class='ocrx_word' id='word_1_592' title='bbox 1100 4607 1232 4657; x_wconf 77' lang='lat' dir='ltr'>Mantineae</span> <span class='ocrx_word' id='word_1_593' title='bbox 1251 4607 1350 4659; x_wconf 78' lang='lat' dir='ltr'>alumne</span> <span class='ocrx_word' id='word_1_594' title='bbox 1370 4611 1397 4659; x_wconf 87' lang='lat' dir='ltr'>ct</span> <span class='ocrx_word' id='word_1_595' title='bbox 1412 4608 1530 4660; x_wconf 77' lang='lat' dir='ltr'>Axiothee</span> <span class='ocrx_word' id='word_1_596' title='bbox 1550 4609 1656 4660; x_wconf 84' lang='lat' dir='ltr'>Phliesie</span> <span class='ocrx_word' id='word_1_597' title='bbox 1669 4610 1742 4660; x_wconf 85' lang='lat' dir='ltr'>endi-</span> 
     </span>
     <span class='ocr_line' id='line_1_48' title="bbox 124 4693 1742 4761; baseline 0.002 -17"><span class='ocrx_word' id='word_1_598' title='bbox 124 4693 186 4744; x_wconf 81' lang='lat' dir='ltr'>ltlrre</span> <span class='ocrx_word' id='word_1_599' title='bbox 197 4696 313 4747; x_wconf 67' lang='lat' dir='ltr'>utendit.</span> <span class='ocrx_word' id='word_1_600' title='bbox 957 4696 1039 4760; x_wconf 81' lang='lat' dir='ltr'>risse,</span> <span class='ocrx_word' id='word_1_601' title='bbox 1059 4709 1109 4761; x_wconf 88' lang='lat' dir='ltr'>quo</span> <span class='ocrx_word' id='word_1_602' title='bbox 1124 4699 1236 4760; x_wconf 88' lang='lat' dir='ltr'>tempore</span> <span class='ocrx_word' id='word_1_603' title='bbox 1254 4697 1328 4748; x_wconf 87' lang='lat' dir='ltr'>etiem</span> <span class='ocrx_word' id='word_1_604' title='bbox 1349 4697 1482 4760; x_wconf 83' lang='lat' dir='ltr'>Dionysius</span> <span class='ocrx_word' id='word_1_605' title='bbox 1492 4695 1642 4748; x_wconf 86' lang='lat' dir='ltr'>mordeciter</span> <span class='ocrx_word' id='word_1_606' title='bbox 1658 4693 1695 4748; x_wconf 83' lang='lat' dir='ltr'>slc</span> <span class='ocrx_word' id='word_1_607' title='bbox 1710 4698 1742 4748; x_wconf 85' lang='lat' dir='ltr'>ed</span> 
     </span>
    </p>

    <p class='ocr_par' dir='ltr' id='par_1_20' title="bbox 125 4781 1743 4938">
     <span class='ocr_line' id='line_1_49' title="bbox 160 4781 1743 4849; baseline 0 -16"><span class='ocrx_word' id='word_1_608' title='bbox 160 4789 214 4836; x_wconf 79' lang='grc'>225.</span> <span class='ocrx_word' id='word_1_609' title='bbox 229 4784 380 4849; x_wconf 83' lang='lat' dir='ltr'>Speusippus</span> <span class='ocrx_word' id='word_1_610' title='bbox 393 4799 452 4836; x_wconf 81' lang='lat' dir='ltr'>vero</span> <span class='ocrx_word' id='word_1_611' title='bbox 471 4784 564 4837; x_wconf 86' lang='lat' dir='ltr'>similes</span> <span class='ocrx_word' id='word_1_612' title='bbox 577 4799 631 4836; x_wconf 84' lang='lat' dir='ltr'>esee</span> <span class='ocrx_word' id='word_1_613' title='bbox 644 4785 770 4848; x_wconf 90' lang='lat' dir='ltr'>cuculum,</span> <span class='ocrx_word' id='word_1_614' title='bbox 796 4784 911 4836; x_wconf 83' lang='lat' dir='ltr'>hirundi-</span> <span class='ocrx_word' id='word_1_615' title='bbox 957 4798 1015 4835; x_wconf 89' lang='lat' dir='ltr'>eum</span> <span class='ocrx_word' id='word_1_616' title='bbox 1036 4785 1138 4849; x_wconf 82' lang='lat' dir='ltr'>scripsit</span> <span class='ocrx_word' id='word_1_617' title='bbox 1165 4799 1172 4830; x_wconf 79' lang='grc' dir='ltr'>ι</span> <span class='ocrx_word' id='word_1_618' title='bbox 1196 4787 1221 4836; x_wconf 85' lang='lat' dir='ltr'>et</span> <span class='ocrx_word' id='word_1_619' title='bbox 1236 4785 1269 4836; x_wconf 80' lang='grc' dir='ltr'>αδ</span> <span class='ocrx_word' id='word_1_620' title='bbox 1284 4785 1388 4837; x_wconf 79' lang='lat' dir='ltr'>Arcade</span> <span class='ocrx_word' id='word_1_621' title='bbox 1406 4784 1537 4848; x_wconf 75' lang='lat' dir='ltr'>discipula</span> <span class='ocrx_word' id='word_1_622' title='bbox 1558 4787 1608 4836; x_wconf 83' lang='lat' dir='ltr'>trtu</span> <span class='ocrx_word' id='word_1_623' title='bbox 1625 4781 1743 4848; x_wconf 79' lang='lat' dir='ltr'>piutero-</span> 
     </span>
     <span class='ocr_line' id='line_1_50' title="bbox 125 4871 1743 4938; baseline 0.001 -17"><span class='ocrx_word' id='word_1_624' title='bbox 125 4885 194 4936; x_wconf 90' lang='lat' dir='ltr'>ncm,</span> <span class='ocrx_word' id='word_1_625' title='bbox 210 4873 316 4924; x_wconf 87' lang='lat' dir='ltr'>mullum</span> <span class='ocrx_word' id='word_1_626' title='bbox 328 4873 444 4926; x_wconf 79' lang='lat' dir='ltr'>affirmet.</span> <span class='ocrx_word' id='word_1_627' title='bbox 953 4871 1051 4938; x_wconf 84' lang='lat' dir='ltr'>pltem</span> <span class='ocrx_word' id='word_1_628' title='bbox 1065 4873 1166 4926; x_wconf 79' lang='lat' dir='ltr'>discere</span> <span class='ocrx_word' id='word_1_629' title='bbox 1179 4875 1254 4926; x_wconf 79' lang='lat' dir='ltr'>nolis</span> <span class='ocrx_word' id='word_1_630' title='bbox 1267 4875 1341 4935; x_wconf 76' lang='grc' dir='ltr'>ίίεείς</span> <span class='ocrx_word' id='word_1_631' title='bbox 1354 4876 1379 4924; x_wconf 86' lang='lat' dir='ltr'>et</span> <span class='ocrx_word' id='word_1_632' title='bbox 1394 4874 1472 4924; x_wconf 77' lang='lat' dir='ltr'>Pluto</span> <span class='ocrx_word' id='word_1_633' title='bbox 1484 4871 1602 4923; x_wconf 79' lang='lat' dir='ltr'>dtrcertdt</span> <span class='ocrx_word' id='word_1_634' title='bbox 1615 4871 1743 4922; x_wconf 77' lang='lat' dir='ltr'>studiosos</span> 
     </span>
    </p>

    <p class='ocr_par' dir='ltr' id='par_1_21' title="bbox 156 4961 1740 5117">
     <span class='ocr_line' id='line_1_51' title="bbox 156 4961 1740 5117; baseline 0.003 -63"><span class='ocrx_word' id='word_1_635' title='bbox 156 5005 424 5080; x_wconf 74' lang='lat' dir='ltr'>superetieputdts</span> <span class='ocrx_word' id='word_1_636' title='bbox 434 5007 467 5060; x_wconf 83' lang='lat' dir='ltr'>ed</span> <span class='ocrx_word' id='word_1_637' title='bbox 480 5009 646 5075; x_wconf 70' lang='lat' dir='ltr'>speusippum</span> <span class='ocrx_word' id='word_1_638' title='bbox 657 5009 731 5059; x_wconf 80' lang='lat' dir='ltr'>detis.</span> <span class='ocrx_word' id='word_1_639' title='bbox 842 4977 845 4984; x_wconf 38' lang='lat'><strong>⁴</strong></span> <span class='ocrx_word' id='word_1_640' title='bbox 957 4961 1525 5117; x_wconf 46' lang='grc' dir='ltr'>ξὲῗῖῑὶἴξῧάίζοῖἕὲἑὶὸέἕὲἔέί”’</span> <span class='ocrx_word' id='word_1_641' title='bbox 1540 4962 1564 5010; x_wconf 57' lang='lat'>⁶²</span> <span class='ocrx_word' id='word_1_642' title='bbox 1580 4971 1680 5023; x_wconf 72' lang='lat' dir='ltr'>eqnsa</span> <span class='ocrx_word' id='word_1_643' title='bbox 1694 4973 1740 5010; x_wconf 57' lang='grc' dir='ltr'>Μ’</span> 
     </span>
    </p>

    <p class='ocr_par' dir='ltr' id='par_1_22' title="bbox 125 5137 1743 5294">
     <span class='ocr_line' id='line_1_52' title="bbox 158 5137 1742 5206; baseline 0.003 -22"><span class='ocrx_word' id='word_1_644' title='bbox 158 5140 215 5189; x_wconf 83' lang='grc' dir='ltr'>22α.</span> <span class='ocrx_word' id='word_1_645' title='bbox 230 5139 284 5188; x_wconf 83' lang='lat' dir='ltr'>Non</span> <span class='ocrx_word' id='word_1_646' title='bbox 300 5139 373 5205; x_wconf 78' lang='lat' dir='ltr'>louge</span> <span class='ocrx_word' id='word_1_647' title='bbox 389 5141 421 5191; x_wconf 84' lang='lat' dir='ltr'>eb</span> <span class='ocrx_word' id='word_1_648' title='bbox 435 5141 474 5192; x_wconf 83' lang='lat' dir='ltr'>iris</span> <span class='ocrx_word' id='word_1_649' title='bbox 488 5141 564 5193; x_wconf 75' lang='grc' dir='ltr'>σείετο</span> <span class='ocrx_word' id='word_1_650' title='bbox 577 5142 729 5206; x_wconf 85' lang='lat' dir='ltr'>speusippus</span> <span class='ocrx_word' id='word_1_651' title='bbox 740 5140 900 5192; x_wconf 85' lang='lat' dir='ltr'>dissentiebet</span> <span class='ocrx_word' id='word_1_652' title='bbox 990 5147 1046 5192; x_wconf 82' lang='grc'>228.</span> <span class='ocrx_word' id='word_1_653' title='bbox 1066 5142 1130 5192; x_wconf 82' lang='lat' dir='ltr'>Volo</span> <span class='ocrx_word' id='word_1_654' title='bbox 1140 5143 1166 5192; x_wconf 85' lang='lat' dir='ltr'>te</span> <span class='ocrx_word' id='word_1_655' title='bbox 1178 5154 1222 5204; x_wconf 92' lang='lat' dir='ltr'>per</span> <span class='ocrx_word' id='word_1_656' title='bbox 1229 5141 1314 5204; x_wconf 82' lang='lat' dir='ltr'>jocum</span> <span class='ocrx_word' id='word_1_657' title='bbox 1324 5138 1402 5188; x_wconf 89' lang='lat' dir='ltr'>libere</span> <span class='ocrx_word' id='word_1_658' title='bbox 1413 5137 1487 5202; x_wconf 83' lang='lat' dir='ltr'>loqui,</span> <span class='ocrx_word' id='word_1_659' title='bbox 1501 5137 1618 5200; x_wconf 76' lang='lat' dir='ltr'>quoniam</span> <span class='ocrx_word' id='word_1_660' title='bbox 1626 5139 1656 5189; x_wconf 86' lang='lat' dir='ltr'>tu</span> <span class='ocrx_word' id='word_1_661' title='bbox 1668 5139 1742 5190; x_wconf 85' lang='lat' dir='ltr'>etiem</span> 
     </span>
     <span class='ocr_line' id='line_1_53' title="bbox 125 5222 1743 5294; baseline 0.004 -21"><span class='ocrx_word' id='word_1_662' title='bbox 125 5222 237 5277; x_wconf 81' lang='lat' dir='ltr'>Plutonis</span> <span class='ocrx_word' id='word_1_663' title='bbox 251 5227 521 5294; x_wconf 73' lang='lat' dir='ltr'>euditnretcognetne.</span> <span class='ocrx_word' id='word_1_664' title='bbox 548 5233 635 5294; x_wconf 67' lang='lat' dir='ltr'>imque</span> <span class='ocrx_word' id='word_1_665' title='bbox 647 5229 780 5292; x_wconf 82' lang='lat' dir='ltr'>Dionysius</span> <span class='ocrx_word' id='word_1_666' title='bbox 792 5233 914 5294; x_wconf 79' lang='lat' dir='ltr'>tyrennus</span> <span class='ocrx_word' id='word_1_667' title='bbox 957 5229 1066 5279; x_wconf 75' lang='lat' dir='ltr'>antesin</span> <span class='ocrx_word' id='word_1_668' title='bbox 1078 5227 1428 5279; x_wconf 81' lang='lat' dir='ltr'>mehoemedoinvectuees.</span> <span class='ocrx_word' id='word_1_669' title='bbox 1463 5226 1543 5277; x_wconf 82' lang='lat' dir='ltr'>iubeo</span> <span class='ocrx_word' id='word_1_670' title='bbox 1557 5225 1669 5290; x_wconf 73' lang='lat' dir='ltr'>teipitnr</span> <span class='ocrx_word' id='word_1_671' title='bbox 1682 5226 1743 5279; x_wconf 88' lang='lat' dir='ltr'>bene</span> 
     </span>
    </p>
   </div>
   <div class='ocr_carea' id='block_1_7' title="bbox 126 5303 1742 5450">
    <p class='ocr_par' dir='ltr' id='par_1_23' title="bbox 126 5303 1742 5450">
     <span class='ocr_line' id='line_1_54' title="bbox 126 5303 1742 5445; baseline 0.002 -82"><span class='ocrx_word' id='word_1_672' title='bbox 126 5311 156 5362; x_wconf 85' lang='lat' dir='ltr'>in</span> <span class='ocrx_word' id='word_1_673' title='bbox 167 5313 277 5378; x_wconf 86' lang='lat' dir='ltr'>epistolis</span> <span class='ocrx_word' id='word_1_674' title='bbox 298 5331 360 5381; x_wconf 82' lang='lat' dir='ltr'>ques</span> <span class='ocrx_word' id='word_1_675' title='bbox 374 5317 477 5369; x_wconf 82' lang='lat' dir='ltr'>adeum</span> <span class='ocrx_word' id='word_1_676' title='bbox 491 5303 560 5370; x_wconf 82' lang='lat' dir='ltr'>dedit</span> <span class='ocrx_word' id='word_1_677' title='bbox 578 5321 633 5368; x_wconf 88' lang='lat' dir='ltr'>tum</span> <span class='ocrx_word' id='word_1_678' title='bbox 646 5317 780 5382; x_wconf 78' lang='lat' dir='ltr'>voluptatis</span> <span class='ocrx_word' id='word_1_679' title='bbox 800 5314 912 5368; x_wconf 86' lang='lat' dir='ltr'>studium</span> <span class='ocrx_word' id='word_1_680' title='bbox 958 5318 1060 5381; x_wconf 66' lang='lat' dir='ltr'>agitare</span> <span class='ocrx_word' id='word_1_681' title='bbox 1077 5317 1100 5368; x_wconf 85' lang='lat' dir='ltr'>si</span> <span class='ocrx_word' id='word_1_682' title='bbox 1112 5317 1177 5368; x_wconf 82' lang='lat' dir='ltr'>terte</span> <span class='ocrx_word' id='word_1_683' title='bbox 1197 5317 1245 5366; x_wconf 87' lang='lat' dir='ltr'>hoc</span> <span class='ocrx_word' id='word_1_684' title='bbox 1254 5313 1333 5365; x_wconf 76' lang='lat' dir='ltr'>sedus</span> <span class='ocrx_word' id='word_1_685' title='bbox 1345 5319 1385 5366; x_wconf 84' lang='lat' dir='ltr'>est</span> <span class='ocrx_word' id='word_1_686' title='bbox 1396 5325 1472 5378; x_wconf 81' lang='lat' dir='ltr'>quem</span> <span class='ocrx_word' id='word_1_687' title='bbox 1481 5315 1681 5445; x_wconf 58' lang='lat' dir='ltr'>gundere‚⁷sicut</span> <span class='ocrx_word' id='word_1_688' title='bbox 1694 5329 1742 5366; x_wconf 88' lang='lat' dir='ltr'>uun</span> 
     </span>
     <span class='ocr_line' id='line_1_55' title="bbox 252 5409 470 5450; baseline 0.009 -3"><span class='ocrx_word' id='word_1_689' title='bbox 252 5409 318 5448; x_wconf 76' lang='lat' dir='ltr'>rme.</span> <span class='ocrx_word' id='word_1_690' title='bbox 335 5411 415 5449; x_wconf 80' lang='lat' dir='ltr'>nnec.</span> <span class='ocrx_word' id='word_1_691' title='bbox 433 5411 470 5450; x_wconf 92' lang='grc' dir='ltr'>ιιι.</span> 
     </span>
    </p>
   </div>
   <div class='ocr_carea' id='block_1_8' title="bbox 1179 5613 1231 5645">
    <p class='ocr_par' dir='ltr' id='par_1_24' title="bbox 1179 5613 1231 5645">
     <span class='ocr_line' id='line_1_56' title="bbox 1179 5613 1231 5645; baseline 0 0"><span class='ocrx_word' id='word_1_692' title='bbox 1179 5613 1231 5645; x_wconf 67' lang='lat'>*0</span> 
     </span>
    </p>
   </div>
   <div class='ocr_carea' id='block_1_9' title="bbox 0 0 1992 5942">
    <p class='ocr_par' dir='ltr' id='par_1_25' title="bbox 0 0 1992 5942">
     <span class='ocr_line' id='line_1_57' title="bbox 0 0 1992 5942; baseline 0 0"><span class='ocrx_word' id='word_1_693' title='bbox 0 0 1992 5942; x_wconf 95' lang='lat' dir='ltr'> </span> 
     </span>
    </p>
   </div>
  </div>
 </body>
</html>
