3976 5948
280 407 337 466 ίθθ
1005 395 1167 458 NUMENli

276 536 449 610 ἀπεδείκνυε,
465 531 510 590 καῖ
527 531 631 610 περιήει
647 533 684 609 τῷ
701 529 788 610 λόγῳ,
804 528 850 587 καί
868 529 1055 602 ἀδεινολογεῖτο
1100 527 1145 586 καί
1160 525 1192 598 νή
1203 524 1249 591 τάς
1261 523 1424 598 θεάς,ἀλλαι
1433 548 1461 584 τε
1471 523 1531 584 όσαι
1545 525 1571 584 ἀν
1585 523 1717 591 ἀπιστίαις
1725 525 1893 604 δεινολογοιω

274 623 341 704 πρὸς
357 620 468 696 αὐτούς,
481 619 600 696 οἰόμενος
623 621 776 690 παίζεσθαι,
799 619 845 676 καί
869 616 1054 698 προσώμνυεν.
1101 613 1186 691 μίνων
1204 613 1269 672 είσίν
1282 613 1387 694 ἄτεχνοι
1397 613 1514 688 πίστεις,
1528 618 1613 673 ταῦτα
1625 613 1710 674 πάντα
1721 613 1826 692 ἀλίγετο
1836 619 1892 694 βοῇ

274 716 309 773 Οἱ
325 714 347 770 δ’
362 707 541 777 testatem,
562 707 609 774 τάς
629 705 778 786 apastoli<
795 705 904 780 ἐκείνου,
929 705 1003 764 αιἰτοί
1025 727 1054 782 γε
1100 703 1146 764 καὶ
1165 701 1324 782 ἀξιοπιστία.
1365 705 1501 764 Τελευτῶν
1517 702 1546 762 δι’
1555 747 1564 776 ,
1579 702 1636 762 inei
1648 703 1738 782 μάχην
1752 693 1824 781 εἶχεν
1838 707 1890 762 cias

274 800 358 880 ᾤοντο
372 798 415 860 ὑπ’
430 799 510 858 αὐτοῦ
526 795 682 865 παίζεσθαι·
697 795 754 856 ἀντεῖ
770 797 844 875 σοφῷ
861 817 891 870 γε
910 793 966 852 ἀντὶ
982 794 1054 852 δεδό·
1100 793 1270 872 τιλεγομάνην
1290 792 1334 851 tet
1351 797 1397 865 τῆς
1416 793 1514 866 οἰκίας,
1541 792 1618 860 ababa
1640 792 1687 871 μίν
1703 790 1734 850 ἀν
1756 791 1891 864 δήπουθεν

274 895 337 970 χθαι
350 891 387 967 τῷ
404 887 515 966 Λακύδῃ
537 877 603 945 εἶναι
616 883 764 966 ἀδοξάστιρ,
788 882 859 943 ιθστε
871 883 916 942 καί
934 885 1055 960 ἀμνημο-
1100 881 1269 942 ίστωῖκεύετο
1282 881 1344 961 πρὸς
1357 879 1416 946 τούς
1427 882 1531 948 παῖδας·
1545 883 1598 939 τῶν
1610 879 1710 938 παίδων
1721 879 1749 940 δὲ
1763 880 1797 938 nd
1809 881 1893 940 ’Axu-

274 979 366 1058 νεύτιρ.
409 976 525 1054 Μνήμην
540 973 592 1055 γάρ
614 963 684 1034 ιίναι
697 971 787 1043 δόξαν·
811 972 922 1052 ίναγγος
936 977 997 1049 γοῦν
1009 978 1055 1031 τοῦ
1101 971 1219 1048 θημαῖκά
1235 969 1455 1051 ίσχυριζυμίνων,
1474 969 1518 1030 ίνα
1536 969 1632 1048 μηκέτι
1647 968 1794 1048 πράγματα
1806 968 1888 1048 ἔχοι,

273 1067 367 1146 χρόνου
379 1065 478 1146 ίφασειν
495 1068 605 1122 ἀκοῦσαι
620 1068 703 1120 ταῦτα
719 1063 797 1123 αθτοῖ
811 1062 875 1140 πρὸς
884 1060 943 1127 τοὺς
955 1061 1053 1142 φίλως.
1099 1059 1215 1141 οίκαιρδς
1229 1051 1261 1132 ήν
1275 1059 1348 1140 φίλος
1358 1065 1403 1120 τοῦ
1427 1058 1536 1138 ταμείου
1552 1056 1761 1140 προκαθήμενος.
1800 1057 1891 1120 Οὐδὲν

273 1156 328 1214 Τοῦ
342 1157 365 1214 δ’
387 1149 592 1232 ἀναστρέψαντος
610 1153 697 1216 αὐτοῖς
724 1149 773 1220 τδς
798 1147 988 1230 ἐπιχειρήσεις,
1009 1147 1055 1208 καί
1101 1149 1128 1210 δὲ
1143 1151 1179 1217 είς
1192 1147 1266 1208 οὐδὲν
1287 1150 1413 1230 ὠφελῶν,
1437 1148 1605 1224 ὑπειδόμενος
1630 1138 1658 1206 οἷ
1676 1147 1706 1207 τδ
1721 1145 1889 1228 σοφδεαύτῶ

273 1241 390 1321 λέγοντος
404 1239 660 1316 οθκἌκαδημαῖκά,
676 1238 752 1300 αὐτοὶ
766 1243 904 1322 φοιτῶντες
918 1239 956 1306 είς
970 1240 1056 1298 Στωῖ-
1101 1237 1224 1316 ἔρχεται,
1250 1235 1451 1320 ἀπικαλύψατο.
1510 1235 1628 1310 Ἄλλως,
1652 1235 1717 1316 ἔφη,
1741 1243 1828 1294 ταῦτα
1835 1209 1891 1314 ,ῶ

273 1333 326 1389 κῶν
340 1353 420 1404 τινος,
442 1326 476 1386 τθι
490 1323 583 1386 λεκτία
605 1330 705 1394 ἑαυτοῖς
719 1326 914 1404 ἀνιμάνθιινον,
937 1327 1055 1386 κάκεῖθεν
1100 1327 1205 1400 παῖδας,
1232 1327 1258 1385 ἀν
1273 1327 1330 1394 ταῖς
1344 1326 1489 1406 θιατριόαῖς
1511 1325 1616 1404 λίγεται
1641 1325 1725 1400 ἡμῖν,
1749 1323 1840 1392 ἄλλως
1863 1325 1893 1383 dd

273 1417 413 1499 ἀρξόμενοι
434 1415 658 1498 ἀντεσοφίσττυον,
677 1415 724 1474 καῖ
741 1407 809 1488 ήσαν
829 1415 975 1495 ἀντίτεχνοι
994 1415 1055 1474 κλί-
1100 1417 1198 1490 ζῶμεν.
1239 1416 1332 1476 Ταῦτα
1347 1412 1394 1491 μὲν
1409 1413 1455 1474 καί
1475 1412 1536 1494 περί
1550 1418 1596 1472 τοῦ
1617 1412 1750 1474 Λακύδου.
1783 1411 1891 1474 Τούτου

273 1530 339 1565 πται
354 1504 555 1576 ’Λκαδηιεαῑκοί
585 1503 619 1565 ‘0
633 1503 660 1562 δί
676 1507 803 1572 Στωϊκοῖς
815 1503 940 1562 ἀνεκάλει·
955 1505 979 1564 οί
992 1511 1055 1562 παῖ·
1100 1503 1128 1563 di
1142 1503 1256 1580 γίνονται
1276 1503 1403 1562 ἀκουσταί
1424 1503 1532 1578 πολλοί,
1556 1492 1593 1561 ῶν
1615 1493 1651 1569 ε’ίς
1675 1492 1705 1572 ήν
1721 1503 1855 1582 διαφανής
1876 1507 1890 1560 θ

273 1596 352 1663 δεςδί
367 1595 400 1654 nd
416 1595 571 1673 ἐγκλήματα
594 1591 725 1674 παρίλυον
743 1594 833 1672 αὐτῷ,
848 1593 900 1652 ὑπὸ
915 1593 1054 1665 ἀκαταλη-
1102 1596 1249 1672 Κυρηναῖος
1262 1591 1438 1672 Ἀρίστιππος.
1484 1591 1535 1652 Ἐκ
1559 1590 1665 1650 πείντων
1683 1592 1706 1650 δ’
1730 1593 1812 1650 atses
1837 1595 1889 1650 τῶν

272 1688 348 1766 ψίας,
360 1685 408 1743 ούκ
421 1683 482 1742 ἀνευ
493 1684 640 1755 τωθασμῶν
653 1705 741 1742 τινων.
777 1679 916 1760 Διατριόαθ
930 1671 974 1739 οάν
987 1673 1054 1753 ήσαν
1099 1680 1237 1762 γνωρίμων
1248 1679 1295 1754 τήν
1307 1677 1405 1759 σχολήν
1420 1681 1499 1738 αύτοῶ
1514 1678 1644 1749 διεδέξατο
1659 1677 1794 1760 Εὔανδρος
1803 1678 1852 1738 καί
1866 1682 1889 1738 oi

272 1771 377 1831 noioeane
399 1772 469 1841 ίκεῖ,
488 1769 533 1828 καί
549 1768 638 1847 λόγοι,
656 1767 701 1827 καί
717 1767 871 1845 ἀντιλογίαι·
895 1768 940 1826 καί
961 1765 987 1826 ἓν
1011 1769 1056 1828 ού-
1100 1767 1168 1845 μετά
1183 1773 1286 1829 τοῦτον.
1329 1769 1396 1828 Μεθ’
1412 1765 1455 1834 οθς
1470 1767 1624 1847 Καρνεάδης
1635 1767 1890 1842 tricastinum-lp

273 1861 315 1920 ab
332 1863 358 1919 ίν
378 1861 416 1938 τῷ
438 1857 513 1937 μέσιρ
529 1855 717 1929 κατελείπετο,
742 1857 789 1914 οὐκ
811 1857 927 1934 ἀγγεῖον,
948 1857 977 1914 οὐ
1003 1859 1054 1914 τῶν
1099 1855 1252 1938 διατριόήν,
1275 1855 1364 1936 τρίτην
1390 1855 1570 1929 συνεστήσατο
1598 1855 1772 1930 Ἀκαδημίαν.
1793 1855 1891 1934 Λόγων

273 1951 300 2007 ἀν
328 1945 425 2025 ἀγγείῳ
449 1943 606 2020 τιθεμίνων,
628 1944 688 2022 οὐχ’
718 1941 767 2001 den
787 1946 822 2010 είς
855 1945 938 2012 οἰκίας
966 1967 1054 2004 κατα·
1099 1943 1147 2022 μίν
1158 1935 1202 2004 οάν
1214 1947 1305 2026 ἀγωγῇ
1317 1935 1493 2025 ἐχρήσατο,ᾗ
1505 1942 1766 2024 καλθἌρκεσίλαος·
1778 1943 1825 2002 καὶ
1841 1944 1892 2024 γὰρ

273 2033 369 2107 σκευήν
390 2035 448 2093 ἀλλ’
464 2033 504 2092 ίτι
529 2034 656 2092 συντελεῖ.
674 2029 693 2092 ¹.
747 2031 802 2092 Καὶ
820 2035 834 2090 ὁ
854 2033 977 2102 Λακύδης
991 2033 1054 2100 τίως
1099 2030 1174 2098 αὐτὸς
1198 2032 1337 2103 ἐπετήδευε
1360 2029 1409 2102 τήν
1436 2033 1473 2099 είς
1497 2029 1608 2110 ίκάτερα
1628 2031 1818 2112 ἐπιχείρησιν,
1843 2035 1890 2091 καὶ

273 2123 321 2200 μὲν
351 2122 456 2202 ήτόρει,
484 2119 549 2200 μήτε
572 2121 757 2180 λυσιτελοῦσιν
778 2122 864 2200 ἑαυτῷ
879 2123 982 2200 θεωρῶν
1006 2120 1053 2192 τήν
1100 2122 1187 2180 πάντα
1199 2118 1355 2188 ἀνεσκεύαζε
1367 2119 1401 2178 nd
1415 2118 1466 2177 ὑπὸ
1478 2119 1531 2176 τῶν
1547 2116 1634 2176 ἀλλων
1653 2117 1786 2196 λεγόμενα
1813 2119 1890 2199 μόνῳ

273 2215 367 2271 ἑαυτοῦ
394 2209 523 2288 δόγματος
553 2208 692 2290 βοήθειαν,
718 2212 740 2268 εί
772 2207 799 2266 δὲ
834 2209 871 2285 μή
906 2207 1052 2288 ἐξιλίγχσι,
1099 2208 1122 2266 δ’
1137 2209 1211 2286 ἀντῷ
1224 2207 1342 2354 περὶτῆς
1354 2209 1451 2286 ἐποχῆς
1470 2204 1615 2286 λόγῳπρδς
1629 2204 1707 2264 αίτδν
1721 2206 1827 2279 διίστη,
1842 2205 1893 2286 φάς

272 2299 358 2359 πάντα
373 2297 404 2358 ἀν
429 2296 573 2378 ἀνατρίψαι
582 2347 590 2374 ,
610 2297 700 2364 αὐτούς
725 2299 811 2376 ἐαυτῷ
831 2298 914 2356 δοκῶν
928 2305 953 2372 ⁸,
967 2296 1054 2356 πεσὼν
1100 2295 1226 2354 ἀδύνατον
1242 2320 1253 2353 ε
1267 2319 1310 2354 ναι
1320 2295 1456 2372 ἄνθρωπον
1471 2293 1534 2354 ὄντα
1549 2292 1611 2374 περὶ
1628 2293 1753 2352 ἁπάντων
1766 2293 1889 2373 ίετίχειν·

272 2391 308 2455 είς
331 2387 500 2468 τάμήχανον,
526 2384 584 2453 τούς
607 2385 724 2465 γείτονας
746 2383 892 2464 ἐκεκράγει,
919 2384 965 2445 καί
996 2383 1053 2452 τοὺς
1099 2385 1176 2464 διαφο
1193 2383 1222 2442 ἀν
1234 2383 1262 2444 dt
1271 2375 1337 2442 είναι
1349 2383 1446 2455 ἀδήλου
1461 2387 1506 2442 καὶ
1516 2381 1787 2456 ἀκαταλήπτου,καθ
1800 2384 1890 2442 πάννα

272 2476 351 2544 θεούς·
372 2475 418 2535 καί
438 2474 477 2534 tet
495 2474 551 2547 ίοό,
571 2473 617 2534 καί
639 2479 686 2558 φῶ
698 2479 761 2555 pail,
779 2474 825 2533 καί
844 2471 877 2546 νή
890 2471 950 2540 τούς
967 2471 1052 2542 θεούς,
1100 2469 1147 2548 μίν
1158 2407 1226 2532 τίνοι
1237 2473 1430 2548 ἀκατάληπτα,
1441 2473 1470 2532 σθ
1483 2471 1570 2532 πάντα
1584 2471 1613 2531 di
1627 2471 1725 2544 ἀδηλα.
1770 2475 1891 2552 Μετεῖχε

272 2695 340 2759 quod
354 2697 535 2754 utrumcunque
555 2693 647 2742 tactum
666 2695 747 2752 esset,
769 2704 821 2742 rern
834 2690 866 2740 ab
881 2703 911 2741 eo
929 2703 1055 2752 nunquam
1078 2665 1200 2756 ¹propter
1221 2691 1332 2755 Lacydes
1343 2689 1495 2756 aliquamdiu
1509 2690 1690 2754 aestuare,qui
1709 2689 1889 2754 dogmatisant

274 2781 468 2847 percepturum
483 2780 662 2832 existimarent.
697 2783 729 2829 At
751 2780 792 2830 ille
810 2779 911 2830 domum
929 2779 1055 2840 ἰακιαεευι
1101 2779 1266 2831 detentionem
1282 2791 1439 2844 naquaquam
1453 2780 1502 2831 sibi
1523 2779 1611 2830 utilem
1633 2778 1891 2842 ascenderamus

273 2874 355 2922 tonum
368 2872 447 2922 ocutis
455 2851 637 2935 perlustrabat,
655 2884 730 2935 quam
745 2874 767 2922 at
779 2873 822 2920 aut
834 2870 986 2934 resignatum
996 2909 1003 2932 ,
1013 2873 1057 2920 aut
1102 2867 1263 2933 reputabant
1275 2867 1402 2932 delegaret
1414 2867 1535 2930 medem,
1548 2868 1660 2920 tortums
1670 2881 1728 2919 suaa
1738 2881 1827 2919 omnes
1840 2869 1892 2919 illo·

274 2973 346 3010 εεσυε
358 2957 512 3024 obsignatum
524 2957 629 3021 rideret,
644 2972 673 3010 sa
687 2959 719 3010 de
737 2973 763 3010 re
780 2957 986 3023 conquerebatur.
999 2959 1056 3009 lam
1100 2970 1157 3008 rum
1169 2955 1242 3022 culpa
1254 2969 1310 3008 ease
1322 2956 1456 3022 pentuma,
1475 2956 1575 3008 undam
1586 2957 1658 3022 inops
1669 2955 1773 3017 consilii,
1791 2956 1891 3007 vicinus

276 3061 332 3098 acro
346 3047 425 3098 serris
437 3045 544 3109 sigillum
555 3046 587 3097 ab
599 3059 629 3098 eo
646 3047 793 3111 impressum
811 3048 935 3112 integram
955 3047 1054 3113 quidem
1100 3046 1239 3108 inclamare,
1250 3043 1381 3109 implorare
1390 3043 1451 3096 deos
1463 3065 1469 3095 ι
1481 3057 1548 3109 saepe
1558 3043 1759 3109 heimibisbeu,
1771 3045 1890 3109 perdens
1929 3071 1935 3085 ·

273 3135 340 3186 cerni
353 3135 557 3197 defendentibus,
570 3139 657 3186 contra
675 3137 717 3187 itte
731 3135 857 3187 subtiliter
871 3135 1010 3188 disserebat
1021 3137 1055 3197 et,
1099 3136 1209 3199 deasque
1223 3147 1309 3186 omues
1323 3133 1485 3198 ingeminare,
1501 3148 1532 3185 ac
1551 3137 1642 3185 catera
1661 3132 1687 3185 id
1710 3147 1789 3198 genus
1811 3147 1890 3196 argu-

273 3224 333 3288 quid
361 3223 506 3286 suddisset,
527 3223 722 3276 demonstrabat.
769 3227 825 3282 Qua
845 3223 1055 3276 demonstratione
1100 3227 1194 3286 menta,
1215 3235 1271 3286 que
1285 3223 1425 3273 bominibus
1437 3223 1545 3287 graviter
1564 3223 1740 3287 querentibus,
1754 3221 1798 3272 ubi
1821 3223 1890 3274 nulla

275 3311 334 3362 steti
345 3312 425 3372 sarai,
439 3323 516 3374 quum
530 3311 657 3372 dicerent,
670 3312 692 3362 si
709 3326 758 3362 non
766 3315 882 3363 exstaret
891 3311 1009 3376 sigillum,
1024 3312 1056 3363 ab
1100 3311 1136 3362 eis
1144 3311 1210 3377 apud
1222 3311 1284 3362 aiios
1297 3310 1359 3362 tides
1371 3313 1418 3372 est,
1430 3311 1482 3362 sine
1493 3315 1547 3362 arte
1561 3315 1649 3362 nature
1664 3309 1816 3374 suppeditat
1827 3315 1890 3370 Quare

277 3391 306 3449 eo
319 3397 424 3448 tortasse
436 3411 479 3461 per
491 3397 640 3448 oblivionem
653 3399 736 3450 locum
753 3413 866 3450 nonnae
879 3399 1054 3464 obsignatum
1100 3401 1201 3466 quidem
1217 3399 1333 3450 universa
1352 3411 1441 3464 magua
1453 3399 1561 3451 clamore
1574 3398 1703 3464 deplorata
1717 3411 1778 3450 saue
1798 3400 1891 3464 proba-

272 3487 362 3548 irtttno,
381 3485 522 3549 inquiebat,
543 3499 601 3536 euru
616 3486 743 3550 obsignare
770 3501 810 3538 rna
833 3487 923 3552 oppida
940 3488 1054 3548 anemuri,
1101 3489 1203 3540 bilitatia
1218 3488 1326 3553 speciem
1338 3487 1468 3541 habebant.
1493 3487 1676 3539 Postremobac
1690 3488 1717 3538 in
1728 3489 1890 3539 sententious

273 3573 397 3640 simulque
405 3587 457 3626 rem
471 3576 543 3639 longa
561 3575 673 3625 oratioue
689 3575 892 3637 demonstrabat,
908 3590 938 3626 ac
957 3591 1011 3627 sese
1028 3577 1056 3627 it·
1100 3577 1235 3629 domestica
1259 3577 1290 3628 de
1307 3577 1381 3628 rebus
1400 3576 1565 3628 munerante
1591 3575 1644 3640 ipse
1673 3577 1776 3642 quidem
1800 3578 1887 3641 ιείῖηιιε

273 3664 325 3715 ludi
347 3663 457 3714 mutiens
468 3663 615 3728 interposito
627 3663 702 3714 etiam
720 3664 880 3728 iureiurando
898 3663 953 3715 bea
975 3665 1057 3716 omnia
1100 3666 1210 3716 Stoicum
1223 3665 1289 3729 apud
1301 3679 1386 3716 servos
1397 3664 1505 3728 agebat:
1519 3665 1563 3716 sed
1581 3679 1660 3730 quum
1676 3665 1719 3716 isti
1735 3665 1887 3717 Academica

272 3753 421 3820 deplorabat.
455 3755 523 3810 Quos
542 3749 770 3815 bominisimpetus
785 3751 818 3803 ita
837 3752 1009 3817 excipiebant,
1026 3755 1056 3805 ut
1100 3755 1215 3818 ἀομιιείε
1229 3753 1383 3818 pervicacius
1398 3757 1541 3816 tuerentur,
1556 3767 1588 3804 aa
1604 3753 1666 3818 quid
1685 3754 1792 3819 amplius
1813 3756 1888 3806 mola·

274 3843 319 3908 ipsi
337 3843 413 3892 etiarn
430 3841 538 3893 irrideri·
546 3840 578 3892 ab
592 3853 622 3892 eo
638 3840 686 3912 sibi
704 3841 863 3891 riderentur:
880 3843 996 3904 quoniam
1007 3844 1056 3892 La-
1101 3845 1154 3894 stiaa
1167 3843 1222 3894 tude
1236 3842 1353 3905 traheret,
1366 3842 1435 3893 domi
1446 3842 1563 3908 deinceps
1576 3843 1693 3895 manebat
1705 3857 1734 3893 ae
1743 3843 1816 3894 cellas
1834 3857 1887 3894 susa

272 3931 343 3995 cydi,
356 3931 461 3996 sapienti
473 3930 534 3992 viro,
549 3930 630 3981 visum
644 3932 725 3992 asset,
744 3929 805 3980 nibil
817 3929 862 3980 sibi
875 3944 920 3982 uec
933 3931 1056 3996 optatura
1101 3930 1341 3982 loribus'asaidebat.
1374 3929 1422 3980 Sed
1436 3931 1553 3994 quoniam
1567 3931 1616 3980 ista
1629 3931 1708 3981 εαεείο
1721 3929 1813 3994 ιεσγθθ
1826 3930 1887 3980 nibil

274 4021 424 4083 relinquere,
444 4033 490 4070 nec
504 4021 641 4071 memoris.
674 4019 817 4070 Ueneriam
831 4019 947 4072 videlicet
962 4020 1056 4086 opinio-
1101 4019 1134 4070 ad
1147 4019 1223 4070 ullam
1237 4031 1290 4069 rem
1308 4017 1438 4082 proderat,
1454 4020 1480 4068 et
1493 4017 1551 4082 quia
1572 4031 1657 4069 aecum
1680 4019 1733 4082 ipse
1753 4017 1886 4082 cogitabat,

273 4108 462 4170 eamquaudam
478 4121 550 4170 esae;
573 4107 600 4158 id
622 4107 689 4171 quad
713 4121 771 4158 earn
786 4121 865 4172 nuper
883 4111 950 4160 cene
970 4109 1057 4160 annisis
1101 4121 1150 4170 quo
1170 4121 1216 4158 sua
1236 4105 1284 4156 eibi
1298 4105 1420 4158 calliditas
1442 4105 1589 4158 recideret:
1612 4109 1714 4158 taudem
1738 4107 1887 4157 sententiam

276 4195 419 4260 quibusdam
438 4195 530 4247 dixisse
551 4199 628 4248 tenus
650 4195 723 4246 auriti
746 4197 910 4249 atlirmabaut.
943 4199 995 4248 llas
1015 4197 1058 4249 ille
1101 4209 1171 4246 suam
1184 4195 1311 4260 aperiens,
1324 4193 1441 4245 nimirum
1463 4194 1563 4256 lunarii,
1582 4195 1677 4258 inquil,
1695 4194 1768 4245 aliter
1785 4191 1842 4245 haec
1861 4196 1887 4244 in

273 4281 493 4343 argumentationes
511 4283 639 4346 quamtis
658 4283 827 4346 retutaret,nt
846 4283 978 4349 aliaatque
996 4289 1058 4334 Aca·
1102 4281 1368 4346 acbatadlaputamua,
1384 4281 1456 4332 aliter
1475 4281 1592 4334 risimus.
1624 4281 1674 4335 sed
1694 4282 1886 4334 buchananus

275 4367 364 4420 lemici
383 4369 462 4420 autent
480 4370 562 4418 omnia
574 4370 719 4432 reponeret,
742 4370 808 4420 seret
820 4370 930 4420 stoicum
949 4371 1056 4434 είίηιιοιιι
1101 4370 1176 4422 etiam
1187 4369 1218 4420 de
1231 4370 1337 4434 Iacyda
1369 4369 1449 4433 Hujus
1465 4371 1538 4422 multi
1556 4372 1657 4422 merant
1671 4370 1811 4436 auditores,
1823 4371 1887 4423 inter

274 4459 465 4530 ¹trequentantsa,
491 4455 552 4520 quid
573 4455 621 4507 sibi
641 4455 774 4506 demtum
796 4459 875 4520 toret,
890 4457 922 4508 ab
937 4471 967 4508 eo
980 4457 1058 4508 disee
1101 4471 1164 4522 quos
1184 4458 1323 4522 Aristippus
1337 4461 1472 4522 cyrenem
1492 4459 1617 4512 excoluit.
1659 4459 1886 4511 lixamuibusau-

273 4548 334 4600 bant
351 4563 358 4594 ι
377 4547 453 4608 atque
466 4543 523 4594 inde
542 4542 592 4594 orsi
608 4541 717 4606 argutias
730 4542 832 4607 argutiis
845 4543 945 4595 eludere
961 4545 1058 4608 artique
1101 4547 1220 4610 tamaius
1240 4547 1368 4613 discipulis
1390 4547 1504 4599 Evander
1523 4552 1579 4614 post
1597 4562 1657 4600 euna
1674 4549 1767 4600 ecbola
1787 4549 1888 4614 prefuit

273 4637 351 4684 artem
368 4632 514 4697 opponendo
533 4644 591 4682 vere
614 4630 773 4681 Academicos
793 4644 821 4682 se
841 4631 908 4683 iures
928 4635 1055 4697 praestare.
1101 4649 1131 4686 ac
1147 4636 1229 4686 aeteri
1241 4636 1284 4698 qut
1297 4649 1355 4686 eum
1372 4639 1528 4700 exceperunt.
1571 4636 1667 4696 Quibus
1685 4637 1783 4688 cunctis
1795 4651 1885 4688 succe·

273 4724 336 4774 Turn
347 4723 388 4774 ille
399 4720 500 4787 quidem
518 4721 545 4772 tn
558 4720 654 4772 Stoicos
672 4719 847 4782 invehebatur,
863 4721 908 4772 sed
922 4720 989 4774 servi
1007 4721 1055 4772 cri·
1101 4723 1162 4775 dous
1174 4724 1312 4776 Carneadea
1327 4724 1363 4775 ita
1380 4725 1491 4789 magistri
1501 4729 1586 4790 partes
1598 4725 1722 4787 οίκίπιείί,
1741 4729 1770 4776 ut
1785 4728 1886 4778 tertiam

274 4812 338 4866 miae
350 4811 376 4862 in
391 4810 459 4876 ipsos
472 4810 560 4861 sabata
572 4807 746 4873 comprehendi
766 4821 839 4873 posse
851 4810 961 4874 neganda
974 4809 1056 4860 dilue·
1101 4811 1259 4864 Academiam
1278 4813 1403 4866 conderet.
1435 4815 1460 4864 1s
1481 4813 1557 4878 igitur
1578 4815 1665 4866 eodem
1691 4829 1741 4878 quo
1763 4816 1887 4866 Arcesilae

273 4899 342 4961 beat,
357 4897 433 4962 idque
446 4893 797 4966 nonsinadictisquibusdam
810 4895 975 4948 mordacibus.
1018 4894 1058 4946 lbi
1101 4899 1218 4951 undonis
1228 4911 1316 4969 genere
1327 4902 1453 4964 utebatur,
1466 4901 1588 4968 siquitem
1599 4907 1625 4954 et
1638 4903 1887 4966 itlurniuutramque

274 5001 331 5054 ergo
343 4988 519 5054 disputationes
538 4985 665 5046 omnium,
678 4987 837 5048 amumsnte,
857 4985 989 5036 verborum
1003 4997 1057 5036 con·
1101 4992 1196 5053 partem
1205 4988 1348 5054 disputandi
1360 5003 1453 5042 morena
1468 4990 1577 5053 tenebat,
1591 4995 1618 5042 et
1628 5004 1685 5055 quaa
1701 4991 1733 5042 ab
1748 4991 1805 5050 allis
1821 4993 1887 5042 dicc-

275 5076 436 5138 certatiouea,
451 5074 513 5125 dum
532 5074 626 5126 interea
638 5071 699 5124 nibil
718 5071 916 5140 relinquebatur,
931 5087 980 5122 nan
998 5086 1057 5136 aas,
1102 5078 1189 5125 rentur
1207 5075 1289 5126 omnia
1308 5075 1453 5129 mluubat:
1473 5080 1592 5130 υωίετυιυ
1603 5091 1654 5128 una
1672 5083 1727 5129 erat
1741 5077 1889 5132 assuenda

275 5176 324 5213 non
337 5163 471 5228 quidquam
492 5177 577 5216 eorum
592 5175 650 5228 quta
668 5162 695 5213 in
707 5175 767 5213 rasa
785 5162 991 5224 recondebantur,
1010 5175 1058 5210 non
1103 5161 1226 5226 retentio,
1242 5161 1272 5213 de
1286 5175 1335 5226 qua
1351 5164 1382 5213 ab
1399 5161 1442 5214 illo
1462 5163 1605 5217 dissideret.
1650 5165 1746 5229 Quibit
1769 5165 1824 5218 lieri
1841 5177 1889 5214 nan

278 5245 344 5298 allud
357 5249 484 5314 quidlibet,
501 5250 567 5314 quod
580 5251 611 5302 ad
633 5251 809 5315 supellectilem
830 5251 971 5315 pertineret.
990 5253 1058 5308 Qua·
1105 5262 1177 5314 possa
1187 5249 1305 5310 dicebat,
1320 5253 1351 5302 ut
1367 5251 1409 5316 qui
1423 5253 1495 5305 tremo
1506 5255 1585 5315 essct,
1608 5253 1631 5304 ia
1651 5267 1667 5304 a
1686 5252 1762 5304 rebus
1774 5253 1889 5304 omuibus
