3976 5948
213 373 264 466 ιε’
729 365 732 374 ’
927 400 1123 465 srnusurt

256 557 309 600 iss.
327 533 408 598 Ἀλλά
420 533 504 612 μὴνδ
505 557 531 592 τι
540 534 586 594 καί
601 534 702 607 ὴλάπη
713 531 838 608 κακόν
824 536 999 614 δ,μολογεῖτοιι
1046 537 1112 595 dem
1129 538 1230 614 generi
1243 538 1363 598 subesse
1377 538 1511 598 voluerat
1522 539 1617 610 Plato
1632 542 1711 602 reiut
1725 543 1833 607 formas

215 627 260 687 καί
276 623 395 708 φευκτόν·
412 622 496 700 ἡμίν
520 622 572 701 γάρ
592 622 683 688 ἁπλῶς
703 621 785 681 κακάν
797 621 946 704 ‚ostro
960 621 999 695 ari
1046 626 1236 701 geometricas
1250 647 1316 686 cum
1332 627 1480 705 numeris,
1503 647 1537 687 ca
1556 649 1616 687 non
1629 631 1724 690 solum
1744 634 1832 695 aliter

215 711 398 792 ἐμποδιστιιιή.
410 714 458 792 Τῷ
470 710 654 796 δρευκτιρ
630 733 660 770 το
676 709 789 771 ίνοντίον
806 701 825 790 ᾔ
842 711 953 794 φευκτόν
969 733 999 772 τι
1047 713 1143 773 divisa
1163 715 1250 776 notis
1277 715 1434 792 generibus
1456 673 1618 777 iilustraret
1640 733 1669 778 et
1691 721 1829 822 partibus

215 803 261 862 καί
278 801 375 875 κοκάν,
393 799 501 881 ἀγαθόν.
518 791 685 878 Ἀνάγκη
655 823 700 860 ουν
717 799 814 873 τὴνὴδ
815 800 879 874 emh
904 800 1000 879 ἀγαθάν
1046 803 1247 882 distribueret,
1284 803 1336 862 sed
1361 823 1447 863 suum
1477 806 1584 883 cuique
1613 810 1713 884 generi
1739 811 1828 870 ctiam

215 915 241 951 σι
256 881 333 951 εἶναι.
347 889 462 970 Ὧςγδιρ
489 887 662 955 Σπεύσιππος
675 887 808 962 ίλνεν,θ
779 889 808 948 σθ
833 887 1000 966 σομθσίνειὴ
1046 891 1226 970 principium
1247 905 1393 952 statueret.
1410 892 1457 951 Sic
1472 893 1551 952 enim
1566 897 1654 971 graeci
1669 897 1830 975 explicato·

215 980 299 1050 λύσις·
291 979 433 1060 ὥ·σρτπε
418 978 603 1056 τδμιῑζσν”
568 1000 606 1054 τῳ
623 975 910 1124 ίλάττονικσιίτῷίσῳ
926 980 1001 1038 ίνιιν-
1047 987 1095 1038 res
1122 978 1286 1039 Aristotelis
1308 981 1404 1039 locum
1435 981 1656 1057 intellexerunt,
1681 985 1833 1062 equibus

215 1067 279 1128 τίον·
310 1071 338 1128 οὗ
360 1003 412 1149 γδρρ
426 1065 458 1126 δν
479 1066 544 1147 φαίη
564 1064 629 1146 ὅπερ
651 1065 731 1124 κακόν
746 1090 771 1124 τι
799 1057 865 1124 εἶναι
878 1065 1001 1139 τὴνδο·
1049 1067 1213 1127 Alexander
1227 1068 1465 1146 Aphrodisiensis
1483 1089 1551 1147 pag.
1576 1071 1634 1137 ίιοδ
1653 1071 1701 1133 ed.
1717 1072 1831 1134 Bonilz.

215 1157 274 1230 νήν.
1047 1155 1109 1214 ait:
1126 1153 1298 1222 Σπεύσιππος
1311 1154 1472 1216 discolor
1486 1157 1604 1234 μαθητὴς
1622 1157 1668 1216 καί
1681 1159 1815 1218 πλείω
1778 1183 1833 1218 τιυν

257 1246 443 1320 (Aristoteles
466 1243 558 1305 Ethic.
587 1244 756 1304 Nicomach.
772 1243 828 1303 lih.
854 1241 909 1300 vll
934 1264 998 1321 cap
1048 1245 1127 1338 τριῶν
1142 1240 1229 1321 ἔλεγεν
1241 1232 1308 1302 εἶναι
1317 1242 1364 1312 τὰς
1378 1246 1467 1314 ουσίος
1479 1246 1526 1313 τὰς
1536 1248 1649 1320 νοητας
1664 1272 1771 1327 πρωτην
1783 1250 1832 1325 μὲν

219 1344 253 1404 ιί,
274 1353 340 1412 pag.
365 1331 452 1394 1153.
472 1333 504 1390 B.
521 1332 566 1391 ed.
590 1333 711 1392 bekker.
735 1329 781 1392 Cf.
800 1331 923 1394 Eudem.
944 1332 999 1406 Vl,
1047 1352 1076 1388 το
1089 1328 1180 1390 αὖτοίν
1189 1332 1297 1404 ,ἄλλην
1317 1332 1344 1390 δὲ
1358 1333 1455 1404 τάν
1420 1357 1472 1393 των
1490 1337 1655 1415 άριδμῶνδρ
1642 1335 1727 1416 ρχήν,
1748 1337 1832 1410 ἄλλην

220 1425 264 1480 13.
279 1421 459 1500 Speusippus
474 1420 530 1493 ait,
546 1421 745 1500 voluptatem,
769 1424 822 1478 etsi
837 1420 1000 1499 oppositam
1047 1419 1143 1491 do*
1106 1444 1159 1480 των
1174 1423 1301 1500 μεγεθῶν,
1315 1422 1361 1480 καί
1373 1423 1456 1494 ἄλλην
1466 1422 1570 1495 chiffl<
1584 1425 1680 1504 ψυχῆς·
1691 1423 1834 1494 aetolico<

217 1511 315 1571 dolori
329 1512 380 1588 qui
392 1511 431 1570 sit
447 1511 568 1584 maium,
589 1511 656 1569 ideo
673 1516 767 1568 tamen
783 1529 843 1568 non
862 1529 925 1569 esse
940 1510 1001 1569 bo·
1048 1507 1190 1568 ἐπεκτείνει
1207 1510 1242 1575 εἰς
1265 1511 1364 1582 πλῆθος
1377 1509 1411 1568 τά
1423 1509 1486 1588 γίνη
1504 1513 1556 1570 τῶν
1571 1514 1676 1572 οὐσιῶν.
1703 1511 1736 1570 ln
1761 1533 1833 1572 ean-

217 1619 305 1671 num;
322 1619 387 1656 nam
404 1600 480 1656 sicut
494 1601 628 1677 voluptas
646 1611 675 1656 et
689 1598 774 1656 dolor
793 1598 929 1676 opposita
943 1599 1002 1656 sint
1047 1597 1112 1666 dem
1138 1601 1310 1657 sententiam
1333 1599 1485 1677 Asclepius
1509 1598 1618 1660 Scholl.
1643 1601 1733 1658 Arist.
1762 1622 1830 1680 pag.

218 1687 308 1759 hono,
325 1689 366 1746 ita
386 1699 414 1744 et
437 1689 531 1760 majus
551 1700 580 1746 et
605 1689 702 1745 minus
720 1687 858 1764 opposita
880 1704 941 1744 esse
960 1705 1002 1743 ac·
1036 1692 1116 1755 γίο.
1130 1705 1156 1743 ο.
1173 1685 1219 1744 ed.
1236 1686 1361 1744 litandis
1377 1685 1510 1759 θμοίυςδί
1525 1683 1570 1743 καὶ
1584 1683 1678 1766 οἱπερὶ
1694 1687 1832 1747 Σπεύσιπ·

217 1775 320 1852 quali:
341 1793 401 1832 non
430 1787 525 1834 tamen
553 1774 667 1851 majus,
698 1774 865 1852 oppositum
892 1765 1002 1831 ¹minori
1047 1795 1096 1831 πον
1114 1775 1159 1833 καί
1182 1773 1347 1854 Ξενοκράτη.
1368 1775 1420 1833 Καὶ
1439 1779 1453 1834 θ
1473 1774 1520 1851 μὲν
1541 1774 1713 1843 Σπεύσιππος
1729 1777 1831 1845 πολλίις

218 1862 297 1942 quod
311 1865 349 1921 sit
360 1862 518 1939 inaequale,
534 1882 589 1938 per
603 1863 699 1936 sejam
710 1861 822 1937 aequale
833 1858 907 1918 fieri.
922 1859 1003 1918 liano
1048 1859 1134 1938 ἔλεγεν
1152 1852 1218 1919 εἶναι
1232 1862 1334 1928 οθσίας·
1351 1860 1434 1933 ἄλλην
1455 1860 1506 1942 γὰρ
1520 1859 1608 1940 ἔλεγεν
1630 1852 1697 1920 εἶναι
1716 1868 1833 1941 μεγεθῶν

219 1952 394 2011 solutionem
405 1951 576 2009 Aristoteles
590 1971 650 2009 non
661 1950 798 2026 admittit,
814 1949 884 2025 quia
897 1967 1000 2026 seque·
1048 1949 1093 2008 καί
1109 1948 1191 2020 άλλην
1213 1951 1330 2029 ἀριθμῶν
1349 1949 1395 2008 καί
1411 1949 1454 2008 tut
1468 1947 1574 2009 πάντων
1588 1951 1641 2008 τῶν
1656 1949 1769 2027 ὁμοίιον,
1785 1951 1833 2009 καὶ

219 2052 311 2112 retur,
329 2040 506 2117 voluptatem
521 2057 583 2097 esse
605 2038 723 2108 malum,
748 2055 838 2114 quum
863 2037 1000 2114 voluptas
1047 2036 1126 2096 πάλιν
1137 2037 1219 2110 άλλην
1234 2038 1323 2096 οὐσίαν
1335 2043 1397 2114 νοῦ,
1411 2037 1456 2095 καὶ
1474 2037 1556 2110 ἄλλην
1573 2039 1669 2118 ψυχῆς,
1684 2039 1730 2098 καί
1744 2038 1832 2113 άλλην

220 2144 249 2189 ιιι
260 2129 345 2190 ιίοίοι·
359 2129 438 2188 bono
450 2129 508 2187 sint
519 2129 665 2206 opposita
678 2125 727 2184 Sic
740 2125 878 2204 Aspasius
890 2137 918 2181 et
932 2125 1004 2184 alter
1048 2124 1173 2203 σημείου,
1187 2126 1231 2184 καὶ
1247 2125 1330 2198 άλλην
1345 2131 1483 2206 γραμμῆς,
1501 2125 1545 2184 καί
1559 2124 1643 2198 άλλην
1656 2127 1833 2207 ἐπιφανείας)

219 2221 364 2296 interpres
378 2236 487 2294 graecus
502 2217 598 2275 locum
615 2224 799 2291 acceperunt.
817 2211 881 2270 Huc
894 2213 1005 2271 accedit
1089 2233 1138 2274 tes.
1151 2212 1233 2274 Ὅσοι
1247 2211 1570 2290 δίθιιολαμθάνουσινβ
1551 2235 1641 2292 ωσπερ
1663 2217 1687 2274 οί
1705 2216 1829 2294 Πυθαγό-

219 2306 308 2364 Gellii
324 2307 496 2379 auctoritas,
512 2325 564 2382 qur
556 2303 661 2364 '.Noct
678 2303 767 2364 Attio.
779 2299 830 2374 lX,
846 2300 890 2358 5
882 2313 922 2358 ita
936 2303 1004 2361 scri·
1048 2299 1110 2382 ’ρειοι
1130 2303 1175 2362 καί
1199 2303 1382 2376 Σπεύσιππος,
1397 2302 1427 2362 τὸ
1447 2302 1587 2362 κάλλιπον
1608 2301 1654 2360 καί
1669 2304 1775 2384 ἄριστον
1791 2305 1830 2382 μὴ

218 2393 288 2450 hita
301 2392 487 2472 Speusippus
507 2405 650 2471 vetusque
663 2411 760 2451 omnis
778 2389 934 2448 Academia
948 2413 1002 2450 vo
1048 2395 1157 2474 ἐνθρχῇ
1172 2381 1285 2462 είνιιι,δ
1271 2391 1313 2450 διὰ
1333 2389 1364 2450 τδ
1381 2391 1426 2449 κιιι
1440 2414 1493 2450 τιον
1513 2392 1599 2472 φυτῶν
1624 2389 1721 2449 urtlm
1684 2415 1737 2450 των
1753 2390 1831 2472 ζῴων

218 2482 355 2562 luptatem
377 2495 406 2540 et
419 2481 551 2540 dolorem
573 2482 633 2541 duo
651 2482 727 2539 mala
747 2498 810 2538 esse
824 2477 927 2537 dicunt
947 2500 1003 2557 op·
1048 2478 1123 2546 τδςά
1125 2479 1188 2558 ρχδς
1208 2479 1280 2538 αἴτιοι
1296 2477 1343 2554 μὲν
1355 2468 1438 2551 εἶναι,
1456 2477 1528 2538 δδδ
1540 2477 1621 2536 καλὸν
1635 2503 1681 2538 κοιι
1671 2478 1804 2538 τίλειον
1799 2483 1831 2538 ἐν

219 2573 315 2650 posita
341 2576 417 2628 inter
443 2590 522 2647 sese,
550 2569 660 2628 bonum
693 2582 788 2626 tamen
815 2586 879 2625 esse
923 2569 1001 2645 quod
1048 2591 1100 2636 τοις
1112 2569 1142 2626 ἐκ
1153 2591 1268 2642 τουτων,
1284 2569 1331 2626 οὐκ
1345 2567 1427 2646 ὀρθῶς
1440 2563 1548 2626 οίοντσι.

219 2661 371 2736 utriusque
382 2659 509 2717 medium
524 2657 607 2714 foret.
627 2684 640 2709 ν
657 2655 715 2717 Ubi
731 2667 852 2734 apparet
866 2654 1001 2733 voluptn·
1089 2655 1276 2732 (Aristoteles
1290 2654 1417 2733 Metaph.
1434 2653 1492 2728 xl,
1509 2676 1525 2728 7
1542 2675 1608 2734 pag.
1627 2677 1714 2730 107²·
1733 2657 1766 2719 B.
1780 2659 1828 2720 ed.

220 2755 278 2810 tem
304 2747 427 2805 hilarem
465 2745 556 2803 animi
590 2744 782 2822 corporisque
818 2741 1000 2801 affectionem
1048 2745 1169 2802 δολίων.
1199 2745 1307 2803 Docuit
1329 2743 1501 2803 Aristoteles
1523 2744 1610 2803 deum
1634 2757 1773 2804 aeternum
1802 2761 1832 2806 et

221 2835 380 2914 appellari,
395 2846 496 2892 contra
516 2833 647 2891 dolorem
663 2832 818 2908 utriusque
840 2832 999 2890 cruciatum
1048 2833 1192 2910 optimum
1213 2830 1300 2908 hujus
1326 2831 1528 2892 universitatis
1549 2850 1613 2890 esse
1638 2833 1829 2912 principium.

220 2922 363 2997 intelligi,
378 2939 504 2998 quorum
519 2921 646 2980 medium
662 2933 787 2979 statuunt
803 2919 915 2977 firmam
931 2941 1000 2978 cor·
1047 2921 1113 2991 Quo
1138 2919 1234 2996 posito
1263 2933 1349 2996 atque
1376 2938 1515 2979 concesso
1548 2919 1735 2996 reprehendit
1764 2934 1824 2979 tum

220 3010 303 3090 poris
318 3008 577 3090 constitutionem,
598 3027 685 3085 quam
708 3007 838 3066 Galenus
860 3006 914 3066 lib.
936 3007 1000 3066 Ide
1048 3009 1254 3084 Pythagoricos
1268 3021 1329 3066 tum
1344 3007 1555 3086 Speusippum,
1573 3008 1651 3086 quod
1667 3007 1828 3068 bonitatem
1910 3047 1913 3054 ι

222 3097 313 3158 rnorb.
329 3116 413 3173 cogn.
433 3099 584 3156 sanitatem
602 3097 714 3155 definit.
732 3097 873 3157 Gaeterum
889 3095 921 3154 in
932 3115 1002 3154 ver·
1046 3111 1075 3155 et
1090 3097 1336 3175 pulchritudinem
1358 3097 1539 3175 aprincipio
1556 3116 1654 3154 rerum
1671 3116 1827 3174 segregan-

220 3187 267 3246 bis
290 3185 472 3245 Aristoteleis
494 3184 559 3264 ραίη
574 3205 634 3242 non
651 3185 775 3242 refertur
799 3183 834 3240 ad
860 3183 1002 3262 Speusip·
1047 3186 1150 3245 damet
1171 3185 1207 3243 ad
1229 3204 1327 3243 earum
1344 3185 1430 3246 finem
1446 3185 1671 3244 transferendam
1687 3205 1747 3244 esse
1762 3188 1830 3245 cxi-

219 3296 306 3356 pum‚
331 3273 381 3334 scd
402 3293 467 3332 cum
488 3271 699 3351 interpretibus
721 3273 823 3348 graecis
844 3271 1001 3332 subaudito
1047 3274 1201 3333 stimarint.
1214 3271 1330 3351 Quippe
1342 3273 1385 3331 illi
1400 3273 1569 3332 infrandem
1587 3273 1756 3332 inciderunt
1769 3275 1831 3332 sin-

220 3363 394 3443 pronomine
408 3386 446 3429 τις
457 3361 661 3440 explicandum
677 3362 749 3438 est.)
1048 3361 1181 3437 gularum
1196 3379 1293 3419 rerum
1308 3359 1542 3419 consideratione
1563 3359 1687 3438 decepti,
1704 3380 1827 3438 quarum

261 3473 309 3513 mr.
326 3448 498 3517 Σπεύσιππος
511 3449 538 3507 δὲ
561 3449 608 3507 καί
629 3449 734 3515 πλείους
761 3449 853 3515 οὐσίας
881 3448 933 3506 ἀπὸ
953 3454 998 3508 ποθ
1048 3450 1132 3508 initia
1144 3467 1177 3507 ac
1192 3447 1304 3508 semina
1314 3468 1415 3507 manca
1428 3448 1547 3526 quidem
1562 3461 1649 3526 atque
1659 3449 1829 3526 imperfecta

219 3541 273 3608 ἑνδς
288 3539 438 3618 ἀρξάμενος,
450 3539 496 3597 καί
511 3539 594 3619 άρχδις
605 3538 717 3610 ἑκάστης
732 3537 836 3609 οὐσίας,
851 3537 933 3608 άλλην
952 3539 999 3614 μὲν
1049 3551 1128 3607 sunt,
1137 3535 1187 3595 sed
1195 3537 1583 3615 repetendatamenecausis
1590 3536 1828 3596 antecedentibus

221 3633 353 3712 ἀριθμῶν,
369 3629 451 3702 άλλην
472 3627 499 3686 δὲ
513 3633 645 3706 μεγεθῶν,
662 3627 753 3685 ἔπειτα
770 3629 867 3706 ψυχῆς·
882 3625 927 3684 καί
939 3633 1001 3686 τοῦ·
1048 3625 1143 3702 iisque
1164 3624 1307 3702 perfectis.
1324 3628 1388 3699 Qua
1408 3623 1444 3684 de
1458 3643 1491 3683 re
1507 3625 1550 3683 sic
1563 3624 1680 3684 disserit
1700 3624 1829 3684 Alexan·

220 3742 264 3779 τον
276 3719 308 3791 δὴ
322 3717 366 3778 τὸν
381 3715 477 3798 τρόπον
493 3715 634 3774 ἐπεκτείνει
646 3715 691 3782 τὰς
703 3713 799 3780 οὐσίας.
1048 3714 1099 3772 der
1122 3712 1358 3791 Aphrodisiensis
1373 3732 1436 3792 pag.
1460 3715 1517 3786 674
1530 3713 1577 3775 ed.
1594 3713 1696 3772 Bonits
1713 3735 1720 3772 :
1741 3711 1828 3784 δείξεις

259 3806 446 3885 (Aristoteles
465 3805 591 3884 hletaph.
608 3803 658 3877 VI,
676 3825 693 3861 a
709 3823 776 3882 pag.
794 3802 880 3862 1028.
903 3802 935 3858 B.
952 3803 999 3864 ed.
1048 3801 1087 3860 ὅτι
1098 3801 1201 3874 θθεδςὴ
1217 3800 1308 3880 πρώτη
1319 3799 1388 3882 ἀρχὴ
1402 3803 1467 3880 ζῷον
1477 3797 1562 3860 ἀίδιον
1576 3800 1622 3860 καί
1633 3799 1738 3880 άριστιίι
1749 3803 1831 3876 ἐστιν,

222 3894 340 3954 δείελον.
353 3893 473 3952 Constat
488 3892 638 3950 Platonem
654 3909 770 3949 omnem
786 3908 884 3948 rerum
900 3890 1001 3948 varie·
1048 3892 1165 3948 αἰτιᾶται
1179 3888 1238 3956 τοὺς
1250 3888 1444 3970 Πυθαγορείους
1460 3889 1507 3950 καί
1522 3887 1697 3950 Σπεύσιππον
1710 3889 1831 3958 εἰπόντας

221 3996 309 4042 tatem
325 3984 357 4040 in
379 3984 433 4040 tria
447 4000 554 4058 genera
568 3980 742 4057 digessisse,
769 3999 895 4057 quorum
910 3999 1000 4038 unum
1048 3977 1087 4037 ὅτι
1102 3977 1132 4036 tit
1145 3977 1286 4038 ediliceret
1301 3978 1347 4037 καί
1360 3975 1468 4057 άριστον
1478 3979 1526 4036 οίινι
1537 3976 1606 4036 ἔστιν
1623 3979 1650 4035 ir
1665 3981 1754 4058 ἀρχῇ,
1768 3976 1830 4036 οὐδὲ

222 4071 319 4140 ideas,
336 4068 414 4126 aliud
438 4067 546 4126 formas
561 4070 751 4144 geometricas
765 4086 833 4125 oum
852 4069 1000 4140 numeris,
1049 4065 1156 4126 δυνατδν
1171 4065 1314 4144 λίγειντὴν
1331 4064 1416 4145 ἀρχὴν
1436 4065 1560 4146 άριστον,
1590 4065 1702 4126 διάτιτδ
1720 4065 1829 4145 suippe

223 4157 342 4214 tertium
370 4174 416 4214 res
443 4155 578 4214 sensibus
608 4155 754 4232 subjectas
786 4155 998 4234 complectitur.
1047 4153 1093 4212 καί
1109 4153 1140 4211 vl
1153 4152 1316 4232 scrupalum
1333 4153 1414 4234 ἀρχαί
1426 4153 1473 4232 μίν
1490 4155 1541 4214 είσι
1562 4157 1614 4214 τῶν
1630 4154 1705 4235 ζῴων
1722 4153 1769 4212 καί
1782 4155 1832 4212 οὐκ

220 4244 344 4302 Haecita
360 4241 477 4302 videtur
492 4244 607 4300 auxisse
621 4243 819 4321 Speusippus,
836 4255 868 4300 ut
880 4262 944 4320 quas
960 4244 1002 4300 ei·
1050 4241 1116 4302 εἰσίν
1140 4239 1252 4321 άριοτοι,
1278 4240 1336 4302 ἄλλ’
1360 4240 1416 4300 ἔστι
1438 4243 1536 4321 μᾶλλον
1559 4239 1665 4320 ἄριστον
1685 4240 1715 4300 τὸ
1731 4243 1762 4300 ἐκ
1783 4244 1830 4300 τοῦ

251 4479 303 4525 196.
314 4473 445 4526 Enimvero
458 4473 525 4523 inter
539 4485 626 4522 omnes
638 4475 736 4523 constat
751 4472 844 4522 malum
864 4486 918 4524 csse
932 4471 1005 4524 dolo·
1085 4477 1137 4526 197.
1152 4475 1304 4538 Speusippus
1317 4487 1377 4523 vcro
1390 4473 1463 4522 etism
1475 4472 1558 4536 plures
1572 4477 1673 4524 naturas
1684 4473 1716 4523 ab
1725 4486 1775 4523 uno
1788 4487 1830 4523 or-

218 4577 270 4615 rem
284 4575 313 4612 ac
324 4561 468 4627 mgiendum
482 4582 488 4612 :
508 4560 572 4611 alins
583 4561 648 4612 enim
663 4561 761 4612 omnino
773 4561 866 4612 malum
881 4565 928 4625 est,
940 4562 1003 4613 alius
1048 4577 1091 4614 sus
1109 4563 1253 4625 constituit,
1264 4567 1290 4613 et
1299 4563 1419 4627 principia
1431 4563 1628 4628 uniuscujusmre
1639 4567 1738 4614 nature
1747 4601 1753 4630 ,
1763 4563 1829 4614 eliud

217 4650 514 4719 eoquodquodammodo
532 4649 708 4715 impedimento
720 4653 768 4702 est.
802 4650 942 4702 heautem
958 4651 1001 4700 iu-
1047 4664 1222 4714 numerorum,
1236 4651 1304 4702 aliud
1316 4650 1526 4717 magnitudinum,
1550 4651 1639 4704 deinde
1652 4651 1741 4718 animi,
1757 4655 1831 4716 alque

217 4741 326 4806 giendte,
341 4743 464 4804 quatenus
481 4739 596 4805 fugienda
611 4741 639 4788 et
650 4737 715 4790 mala
726 4741 781 4801 est,
801 4739 952 4790 contrarium
963 4741 1002 4789 est
1048 4740 1096 4792 hoc
1106 4743 1206 4806 quidem
1216 4741 1290 4792 modo
1305 4741 1418 4792 extendit
1430 4745 1540 4792 naturas.
1780 4775 1782 4779 ,

216 4832 317 4882 bonum.
350 4827 494 4880 Necessario
505 4827 683 4890 igilurbonum
693 4827 818 4891 quoddam
829 4830 869 4878 est
876 4827 999 4892 voluptas.
1081 4835 1133 4882 198.
1158 4831 1304 4894 Quicunque
1323 4845 1382 4881 vere
1407 4831 1437 4881 ut
1455 4829 1614 4895 Pythagorici
1630 4832 1656 4882 et
1677 4829 1831 4894 Speusippus

217 4923 301 4984 Neque
320 4919 386 4971 enim
406 4932 437 4971 ea
450 4917 805 4984 praememoratos,
828 4917 918 4967 solutio
936 4931 997 4980 qua-
1045 4921 1143 4984 putant‚
1157 4919 1350 4984 pulcherrimum
1362 4922 1388 4970 et
1401 4919 1523 4984 optimum
1534 4933 1583 4970 non
1595 4919 1686 4971 esseio
1699 4915 1828 4983 prtnctpto,

216 5009 272 5060 drot
291 5005 518 5072 :quemadmodum
538 5005 619 5070 majus
635 5005 724 5055 minori
748 5009 773 5057 et
793 5005 882 5069 equali
899 5009 998 5055 contre·
1045 5007 1158 5072 eoquod
1175 5008 1315 5073 plantarum
1337 5011 1477 5073 quoquest
1494 5007 1637 5059 enhnalium
1657 5007 1727 5058 initis
1747 5017 1829 5057 cause

216 5098 281 5148 rium
294 5100 341 5158 est,
352 5096 388 5146 sic
400 5095 521 5161 voluptati
535 5095 585 5145 duo
598 5107 655 5146 esso
670 5094 805 5156 contraria,
819 5097 845 5146 et
855 5093 965 5144 dolorem
974 5096 1000 5144 et
1046 5097 1146 5160 quidem
1159 5097 1216 5149 sint.
1232 5097 1324 5150 bonum
1338 5110 1397 5148 rere
1410 5099 1435 5148 et
1445 5099 1587 5161 perlectum
1596 5097 1622 5148 in
1635 5096 1667 5147 ils
1676 5109 1733 5161 quer
1748 5109 1782 5146 ex
1791 5093 1831 5146 hh

217 5183 243 5236 id
260 5183 327 5250 qnod
342 5183 452 5234 medium
469 5186 525 5246 est,
546 5197 596 5234 non
610 5182 675 5234 enim
686 5185 817 5247 quisquam
829 5183 918 5236 dhcrit
930 5183 999 5241 volu·
1045 5189 1099 5237 orts
1112 5187 1181 5248 sunt,
1198 5185 1342 5250 reperietur,
1355 5197 1404 5235 non
1418 5189 1485 5235 recte
1496 5187 1592 5250 putant.

216 5275 312 5339 putem
323 5271 389 5322 idem
403 5283 457 5320 esse
468 5269 536 5334 qued
547 5270 649 5334 aliquod
661 5270 766 5324 molum.
