3976 5948
816 455 1063 520 FRAGMENTA.
1680 464 1735 524 tel

139 595 284 676 scri'psioA
298 591 356 739 δμῦν
369 591 422 672 γάρ
437 614 451 651 ο
453 591 511 653 ὖδὲν
528 591 594 652 ἄλλο
612 588 678 663 A‘
648 609 766 669 γενεσιν;
784 589 869 650 codd.
895 591 919 649 σί
964 587 1032 648 αὖτίι
1046 585 1273 694 ἀποφαίνουσα
1239 610 1273 667 τη
1288 610 1317 645 τε
1331 585 1513 666 ἑτεροτητι
1478 610 1530 646 των
1551 589 1626 648 εἰδων
1640 583 1685 654 καί
1701 596 1739 674 τῷ

140 682 188 762 μὲν
203 680 312 762 ¹pr’A
266 704 296 740 ου
312 679 339 739 ὲν
352 677 370 752 A
384 677 515 758 γε’νεσιν.)
542 711 583 724 -·
963 677 1057 750 πλήθει
1071 678 1261 756 τοῦάριθμου,
1273 674 1318 734 καί
1332 672 1375 734 AA
1394 681 1469 736 τοῦτο
1483 675 1615 757 ἅριιθμητθι
1630 686 1740 740 ποιοῦσα

179 791 216 832 τι.
232 768 389 850 Πυθαγόρας
413 765 481 846 [τὴν
501 766 590 848 ψυχὴν
612 765 826 849 ἀτιτφήνοιτο]ἄ
830 764 919 846 ριθμὸν
963 768 997 828 τ6ι
1011 791 1031 826 π
1033 767 1170 878 ράγριατα·
1163 763 1244 825 ·AAer
1267 765 1297 824 οὔ
1321 763 1490 824 παντάπασιν
1510 763 1725 838 AirAAAcxrei“
1692 791 1740 839 της

140 857 217 918 αὑτὸν
235 864 372 929 κινοῦντα,
393 855 437 915 τὸν
455 857 479 914 A'
496 853 604 934 ApApAe
630 855 687 913 ἄντί
704 859 750 914 τοῦ
768 859 811 913 νοῦ
831 877 919 936 παρα·
963 855 1032 917 κοιτθ
1046 851 1106 922 τοῦς
1120 852 1245 935 ἀριθμοῖς
1257 853 1410 920 κοινωνίας.

141 945 282 1026 λοιμόάνιι.
296 943 412 1023 Ὁμοίως
427 943 453 1002 δὲ
466 942 512 1002 καί
526 943 692 1022 Ξενοκράτης
703 939 726 1002 ¹³.
1006 945 1173 1024 (Nemeeius
1188 944 1225 1003 de
1239 957 1299 1005 nat.
1317 943 1399 1002 bom.
1414 963 1479 1022 cap.
1495 943 1547 1022 α.)

182 1037 193 1115 (
203 1033 336 1093 Stobeeus
351 1031 412 1090 Eoi.
429 1031 519 1109 Phys.
538 1029 593 1092 lib.
614 1030 640 1102 l,
656 1050 720 1108 cap.
739 1038 787 1103 Al,
813 1050 825 1086 1
851 1049 918 1108 pag.
1005 1055 1045 1096 et.
1065 1031 1233 1111 Ξενοκράτης
1246 1032 1354 1112 ἀριθμὸν
1368 1029 1448 1104 αὐτὴν
1463 1030 1528 1110 [τὴν
1540 1030 1649 1114 ψυχὴν]
1666 1031 1743 1111 θέρε.

146 1123 199 1198 295
208 1121 255 1181 ed.
270 1121 397 1192 liceren3
411 1139 477 1197 pag.
490 1119 545 1176 321
558 1117 606 1176 ed.
618 1115 774 1191 Gaieford3
786 1137 851 1195 pag.
862 1117 919 1176 225
964 1146 1005 1190 νος
1019 1124 1045 1181 ἐν
1063 1123 1137 1201 ποσῷ
1149 1121 1228 1180 δοκεῖ.

140 1211 187 1272 ed
206 1209 333 1268 Meinek.
351 1207 459 1266 Eadem
474 1206 567 1266 verba
581 1207 719 1280 leguntur
733 1207 811 1283 apud
826 1205 920 1265 Pseu·
1009 1179 1197 1291 (Simplicius
1222 1209 1257 1268 nd
1273 1209 1436 1268 Aristotelis
1457 1210 1493 1268 de
1520 1211 1627 1270 Anima
1650 1209 1704 1272 lib.
1729 1212 1744 1269 1

140 1297 363 1377 dopAutarchum
377 1295 414 1354 de
428 1298 500 1373 plac
518 1294 592 1372 phil.
609 1293 661 1352 lib.
677 1292 727 1366 til,
744 1313 807 1400 cap.
828 1297 918 1354 aliu-
967 1300 1017 1360 foi.
1037 1301 1105 1358 2A.
1117 1296 1128 1377 )

140 1388 253 1465 θαγόρσις
270 1383 339 1464 [τὴν
359 1382 449 1465 ψυχὴν
436 1383 539 1462 νριθ]ἀ
517 1381 590 1458 ιμὸν
605 1380 696 1439 ἑαυτὸν
722 1387 858 1440 κινοῦντα·
876 1383 921 1442 τὸν
1006 1407 1086 1447 νο..-
1061 1385 1241 1464 Ξενοκράτους
1258 1388 1331 1457 ὁτῆς
1351 1388 1437 1466 ψυχῆς
1453 1376 1527 1455 οὗτος
1541 1385 1633 1466 λόγος,
1652 1390 1745 1467 βουλο-

140 1475 163 1534 δ’
177 1473 285 1553 ἀριθμου
296 1472 355 1531 οῖντί
368 1478 413 1530 τοῦ
424 1495 467 1530 νου
451 1469 694 1552 παραλαμθάνει.
707 1471 864 1549 Scripsi.
877 1473 921 1528 eA·
908 1474 1087 1596 b⁸pAroo
1059 1498 1108 1547 την
1121 1474 1295 1552 μεσότητα’
1267 1478 1346 1544 ουτῆς
1358 1499 1409 1534 των
1419 1499 1448 1534 τε
1464 1477 1521 1534 eie
1502 1499 1538 1536 ων
1488 1475 1647 1535 θκαί
1612 1500 1664 1536 των
1677 1479 1745 1536 είδο-

141 1585 185 1622 τον
197 1583 262 1622 curn
272 1563 413 1620 Heercmo
423 1580 458 1619 ex
469 1560 641 1632 Plutarcho
633 1559 738 1618 codd.
752 1559 843 1630 αὐτὴν.
855 1594 895 1604 -
908 1562 1139 1676 Ῐ’τιφιοιιμάνωη
1163 1562 1220 1642 Ape
1242 1561 1326 1620 xeA⁸
1302 1585 1332 1620 το
1346 1563 1459 1622 'Areu'
1430 1568 1565 1636 αυτῆςέν
1552 1565 1668 1635 νδείξασθ
1670 1589 1712 1624 αι·
1731 1572 1745 1626 A

144 1650 263 1711 Ξενοκ’
232 1669 362 1730 ρατηςεκ
376 1649 494 1726 optimis
508 1647 607 1707 codd:
589 1691 608 1721 .,
623 1647 698 1707 alii
718 1647 762 1706 alc
779 1646 921 1726 Ἀναζαγό-
967 1651 1064 1733 γὰραρ
1004 1650 1139 1733 ιθμος
1152 1675 1182 1710 το
1169 1641 1311 1724 εἶδος,
1286 1673 1317 1708 το
1332 1649 1360 1708 AA
1376 1652 1479 1723 κινητὸν
1495 1660 1548 1718 τοῖς
1562 1655 1745 1766 είδοπφιουμέ-

144 1763 192 1820 ρος
206 1740 253 1798 vel
268 1735 428 1816 Ξεναγόρας
447 1737 550 1794 Cicero
571 1727 679 1806 Quaest‘.
705 1735 794 1798 Aced.
810 1736 864 1796 lib.
882 1736 921 1814 ll,
966 1765 1018 1850 νρις
1038 1739 1182 1819 προσήκει,
1198 1741 1228 1799 lx
1244 1730 1336 1816 μὲν
1306 1761 1349 1797 ουν
1365 1763 1416 1796 των
1431 1740 1465 1799 Ax
1468 1763 1518 1820 ρων
1535 1739 1611 1816 μόνον
1627 1765 1656 1801 ου
1645 1743 1747 1814 ’δηλοῖ

143 1847 206 1905 cap.
223 1828 260 1904 39
277 1831 462 1900 Ττπσηιιιειισ,
478 1831 549 1901 quid
562 1829 742 1882 animasset?
758 1839 844 1896 ωηατ
857 1829 920 1883 Xe
966 1829 1014 1940 τά,
1035 1827 1095 1890 ουτε
1117 1828 1225 1908 ἇριθ“μος
1249 1828 1339 1894 ἁπλως
1361 1825 1454 1899 ἔσται,
1475 1827 1534 1887 οὔτε
1558 1829 1678 1900 κινητός·
1700 1837 1746 1891 τοῦ

141 1929 280 1986 nocrates,
296 1935 374 1972 meras
387 1917 466 1972 nullo
484 1934 616 1990 corpore,
631 1910 683 1970 ubi
696 1931 797 1989 perum
813 1933 849 1990 pr
850 1911 923 1971 oba
969 1918 1016 1998 μὲν
1032 1918 1083 1998 γὰρ
1099 1920 1201 1998 ὑφεῖται
1216 1908 1234 1996 A
1248 1923 1292 1975 τοῦ
1312 1915 1453 1996 ἀμερίστου
1472 1915 1646 1988 ἔκῦέῦληται·
1658 1943 1703 1978 του
1687 1919 1748 1979 δέ

141 1999 859 2102 ίιῖίῖιειΒεηιίεγυεπυιηατασπυίίαοοιγιονσεοιίίνῖ
875 2021 924 2060 vo·
970 2009 1026 2066 ἐστι
1048 2005 1196 2118 κρείσσων,
1211 1979 1291 2086 AscA
1307 2011 1429 2085 μεριστοῦ
1444 2004 1580 2116 ὑπερέχει·
1598 2007 1629 2066 τὸ
1649 2030 1749 2087 συναμ-

143 2091 230 2150 lebat.
256 2092 338 2150 Ateus
358 2091 437 2149 enim
458 2089 576 2149 videtur
603 2108 710 2166 corpus
738 2088 922 2164 desiderare,
970 2093 1076 2175 φόττροι
1091 2085 1135 2154 οῦν
1158 2093 1189 2153 ἄν
1203 2117 1259 2160 τως
1277 2092 1317 2164 εἴη
1327 2137 1336 2166 ,
1353 2096 1388 2161 ὡς
1402 2092 1559 2200 ἀμφοτέροις
1576 2096 1749 2212 κοινωνοῦσα,

143 2200 282 2240 numerus
293 2201 353 2238 non
366 2181 465 2256 item.)
971 2181 1078 2262 ἀριθμὸς
1089 2180 1288 2254 κινητάς·κατ6ι
1301 2180 1364 2240 el*
1339 2203 1370 2240 το
1382 2185 1522 2242 οἰκεῖον
1489 2206 1536 2252 της
1551 2182 1715 2254 μεσθτητος“
1706 2188 1749 2265 αφ’

184 2289 222 2330 ³2.
241 2258 331 2329 Ἦσαν
353 2267 380 2326 δὲ
402 2269 502 2348 ἕτεροι,
519 2271 543 2328 οἱ
563 2266 608 2326 καί
623 2267 656 2326 τά
672 2265 717 2325 δύο
732 2264 790 2343 ἅμα
805 2265 925 2345 συμπλε-
970 2274 1063 2330 ἑαυτοῦ
1077 2269 1179 2342 κινητὸς
1193 2268 1309 2347 λέγεται.
1324 2267 1430 2331 “'Orr
1405 2293 1455 2351 ουχ
1467 2273 1502 2338 ὡς
1516 2270 1674 2342 διαστατική
1693 2274 1749 2330 ἐστι

145 2379 234 2424 κοντες
244 2355 318 2424 εἰς’
290 2380 338 2429 την
352 2355 420 2415 άπόθ
422 2379 477 2414 οσιν
492 2379 539 2428 της
547 2353 689 2436 ψυχης,
660 2379 689 2414 το
702 2378 730 2412 τε
744 2364 822 2414 κινεῖν
837 2355 920 2416 καί
896 2379 926 2415 το
972 2363 1041 2438 μέση
1056 2363 1073 2430 A
1097 2358 1215 2439 ψυχή,ο
1202 2349 1252 2424 οἶος
1267 2361 1281 2416 A
1296 2358 1404 2439 φυσικὸς
1420 2357 1513 2437 λόγος,
1529 2359 1573 2416 καί
1588 2358 1639 2437 πρὸ
1658 2359 1749 2418 τούτου

144 2443 313 2524 γιγνώσκειν·
329 2446 365 2510 ὥς
381 2441 447 2514 AA
415 2441 447 2514 τὴ
450 2468 463 2502 ν
488 2441 576 2525 ψυχὴν
599 2442 798 2524 ἀποφηνάμενος
817 2444 925 2523 ἀριθμὸν
971 2444 1090 2507 κακά’
1053 2469 1111 2513 τους
1121 2445 1168 2504 ἄνθ
1171 2451 1243 2523 ραςὴ
1257 2446 1429 2523 μαθηματικὴ
1444 2445 1520 2504 οῦοίιι
1530 2491 1539 2522 ,
1550 2445 1608 2504 oAAA
1623 2444 1665 2504 οία
1680 2447 1750 2506 κατὰ

144 2536 265 2593 κινοῦντα
288 2531 393 2592 ἑαυτόν·
410 2531 451 2591 διὰ
472 2531 519 2610 μίν
533 2536 579 2590 τοῦ
595 2533 705 2611 ἀριθμοῦ
719 2531 766 2602 τὴν
782 2531 926 2608 γνωστικὴν
971 2533 1002 2594 τθ
1017 2533 1107 2614 προῖθν
1123 2533 1176 2594 ἀπὸ
1191 2539 1235 2593 νοῦ
1253 2535 1308 2616 φῶς
1320 2533 1408 2608 οὐσία,
1422 2531 1499 2612 νοερίι
1519 2539 1531 2568 ⁸
1548 2531 1594 2610 μὲν
1608 2534 1645 2593 ἔτι
1661 2534 1751 2612 μένου·
1794 2600 1795 2603 γ

145 2621 254 2698 δύναμιν
274 2620 483 2698 ἐνδεικνύμενος,
507 2619 551 2679 διὰ
570 2620 597 2680 AA
612 2625 659 2680 τοῦ
673 2623 753 2680 κινεῖν
773 2620 864 2680 ἑαυτὸν
879 2621 927 2696 τὴν
972 2648 1023 2699 σα,
1048 2627 1086 2703 τῷ
1101 2621 1127 2682 δὲ
1143 2624 1179 2690 είς
1200 2621 1231 2681 τὸ
1251 2620 1332 2702 φανὸν
1349 2620 1395 2680 καί
1415 2621 1564 2700 σύμμετρον
1578 2630 1630 2690 τοῖς
1644 2623 1693 2682 ὑπὸ
1706 2631 1751 2684 νοῦ

143 2709 290 2782 κινητικήν.
973 2708 1427 2792 καταλαμπομένοις,προίρχεσθοιῃ
1450 2709 1639 2787 διαγγέλλουσα
1658 2710 1688 2770 τθ
1706 2712 1752 2789 μό·

187 2796 390 2874 (Themistius
412 2798 446 2856 in
475 2796 618 2877 Perephr.
644 2797 737 2858 Arist.
767 2797 804 2856 de
828 2799 925 2861 Anim.
972 2823 1045 2875 νιμον
1069 2798 1114 2859 καῖ
1134 2799 1240 2880 κρύφιον
1263 2801 1310 2868 τῆς
1331 2809 1421 2878 νοερᾶς
1444 2798 1585 2879 ῖφύσεως,
1603 2799 1672 2859 ἀλλὰ
1693 2801 1752 2860 κατ’

145 2886 196 2948 lib.
213 2886 238 2960 l,
253 2887 301 2947 sol.
315 2889 366 2960 67.
382 2888 417 2944 A.
431 2887 441 2962 A
973 2886 1053 2959 αὐτὴν
1071 2886 1118 2959 τὴν
1140 2886 1251 2959 ζωτικὴν
1273 2885 1394 2960 ίδίοτητα
1412 2885 1514 2968 ἔγερσιν
1535 2887 1581 2947 καί
1602 2889 1671 2958 ζέσιν
1691 2889 1751 2952 τινθι

186 2995 224 3035 ee.
245 2973 403 3054 Πυθαγόρας
418 2973 445 3034 δὲ
461 2973 626 3051 συμῦολικως
639 2973 748 3086 εῖκάζειγ
764 2973 805 3032 eri
820 2973 926 3033 καλ“τον
974 2976 1063 3048 πάσης
1085 2975 1215 3048 δηλούσης
1240 2978 1322 3050 ζωῆς,
1337 2974 1478 3052 ἀμέριστον
1493 2973 1540 3051 μὲν
1556 2975 1601 3035 καί
1623 2980 1649 3036 ἐν
1671 2980 1753 3060 ἑαυτῇ

146 3063 204 3124 θεον
218 3063 263 3122 καί
276 3087 363 3124 παντο
374 3085 428 3130 τοις
442 3065 560 3144 αριθμοις
572 3059 649 3120 τίω
618 3065 719 3134 θως,ὡ
722 3062 812 3142 ισατο
824 3086 869 3122 και
858 3062 927 3136 τλν
976 3064 1105 3143 μένουσαν
1119 3067 1166 3136 τῆς
1181 3070 1305 3144 νοερᾶςῖ·
1322 3086 1371 3142 περ
1372 3062 1423 3123 AAA
1437 3063 1519 3122 ‘A‘
1486 3087 1598 3142 σωματα
1613 3045 1752 3146 papAopA·

145 3151 220 3234 ψυχὴ
223 3165 243 3209 ν·
203 3151 289 3231 ApA
293 3152 365 3230 ιθμὸν
385 3151 478 3211 ἑαυτὸν
499 3155 634 3228 κινοῦντα,
659 3086 739 3234 ᾧκοιῖ
763 3151 929 3231 Ξενοκράτης
974 3175 1039 3226 νην,
1056 3152 1101 3210 κοιλ
1116 3151 1237 3232 ἑτίρωθεν
1254 3149 1323 3214 είςὲ
1322 3174 1383 3230 τερα
1407 3151 1625 3232 ὑφιζάνουσοιν
1593 3178 1639 3226 της
1660 3177 1752 3230 σωμα-

144 3241 377 3314 ἠκολούθησεν·’
351 3264 402 3322 οοχ
415 3239 456 3301 ὅτι
470 3238 565 3321 οῖριθμά
566 3265 577 3306 ς
592 3241 662 3299 ἐστιν
677 3244 694 3312 A
708 3241 784 3320 ψυχή
792 3285 801 3314 ,
816 3241 875 3300 ἀλλ’
889 3241 930 3302 ὅτι
973 3241 1042 3300 τοειδ
1043 3244 1099 3307 οῦς·
1119 3243 1166 3312 τῆς
1188 3239 1215 3298 AA
1239 3243 1325 3320 ψυχῆς
1344 3237 1392 3310 τὴν
1411 3242 1454 3320 ἀφ’
1476 3243 1570 3312 ἑαυτῆς
1585 3243 1620 3307 είς
1642 3241 1752 3312 ἀνάλιζιν

146 3333 173 3390 ἐν
195 3338 248 3397 τοῖς
272 3332 424 3410 ἀριθμητοῖς
439 3332 494 3388 ἐστι
509 3327 554 3388 καί
569 3330 596 3388 ἐν
615 3336 669 3396 τοῖς
685 3329 927 3406 πεπληθυσμάνοις,
974 3328 1019 3388 καί
1034 3329 1069 3396 είς
1083 3327 1218 3387 διάστασιν
1232 3326 1290 3404 ἅμα
1302 3328 1468 3408 συναγωγήν.
1485 3331 1537 3390 Διὰ
1553 3336 1637 3390 ταῦτα
1653 3330 1699 3410 μὲν
1710 3323 1754 3393 οῦν

146 3419 192 3479 καί
206 3419 247 3480 ὅτι
265 3423 280 3490 A
297 3418 369 3499 ψυχή
385 3422 454 3478 ἐστιν
469 3423 486 3490 A
502 3415 670 3498 διακρίνουσα
682 3416 716 3476 τὰ
729 3419 875 3497 πράγματα
890 3421 929 3500 τῷ
974 3423 988 3478 A
1004 3415 1172 3498 Ξενοκράτης
1183 3415 1292 3496 ἀριθμὸν
1305 3417 1382 3476 αὐτὸν
1398 3417 1489 3478 ἑαυτὸν
1507 3425 1626 3480 κινοῦντα
1639 3419 1686 3492 τὴν
1708 3425 1756 3504 ψυ-

146 3506 251 3588 μορφάις
272 3506 318 3565 καί
339 3507 437 3574 τύπους
459 3505 580 3574 ἑκάστοις
594 3504 764 3566 ε’πιόάλλειν·
789 3505 856 3578 αῦτη
877 3505 928 3586 γάρ
974 3506 1024 3587 χὴν
1039 3505 1207 3585 ἀπεφήνατο·
1222 3503 1273 3566 AAA
1284 3504 1465 3586 Ἀριστοτέλης
1477 3506 1520 3568 τὸν
1535 3507 1645 3586 ἀριθμὸν
1657 3511 1755 3586 θριστι·

145 3597 217 3654 ἐστιν
233 3592 298 3667 Aede
310 3592 366 3666 είθη
378 3591 431 3652 άπθ
440 3596 491 3652 τῶν
504 3595 578 3654 εἰδῶν
593 3594 742 3674 χωρίζουσα
756 3594 802 3652 καῖ
817 3595 928 3675 διάφορα
975 3595 1020 3654 κθν
1036 3591 1168 3676 προειπὼν
1183 3593 1229 3653 καί
1244 3599 1296 3654 τῶν
1312 3599 1436 3673 γνωστῶν
1453 3595 1499 3654 καί
1513 3599 1563 3654 τῶν
1582 3601 1751 3674 γνωστικῶν,

177 3792 217 3839 at.
245 3789 396 3852 Pythagorea
419 3787 553 3854 [culmum]
573 3799 704 3840 nnmerum
719 3801 773 3840 sese
789 3791 930 3840 moventem
1007 3793 1046 3840 34.
1060 3791 1213 3840 Xenocrates
1227 3800 1359 3838 nnmerum
1371 3790 1483 3839 animum
1501 3787 1630 3839 nominans
1637 3787 1662 3836 in
1677 3801 1754 3852 quan·

146 3877 232 3940 dixit,
243 3889 348 3927 numero
361 3889 407 3940 pro
419 3881 503 3928 monte
516 3879 607 3928 sumto.
628 3876 747 3928 similiter
762 3877 837 3928 etiem
850 3879 929 3928 liene
974 3877 1047 3930 tltete
1059 3891 1150 3942 ponere
1162 3877 1269 3930 videtur.

147 3969 238 4017 crates,
1006 3969 1045 4016 35.
1068 3965 1213 4016 Xenocratis
1230 3967 1285 4019 luteo
1307 3966 1356 4017 fuit
1370 3965 1402 4016 de
1420 3961 1502 4013 anima
1522 3957 1658 4021 sententie,
1675 3972 1754 4022 quum

179 4059 219 4105 82.
234 4055 344 4105 Fuerunt
356 4067 417 4106 sero
429 4053 487 4116 eiii,
507 4055 553 4118 qui
565 4053 665 4106 duabus
678 4053 753 4104 simul
763 4054 839 4106 rebus
854 4069 929 4120 copu·
976 4055 1052 4106 vellet
1067 4054 1176 4106 mediam
1190 4055 1245 4118 eius
1256 4059 1372 4108 naturem
1386 4054 1451 4104 inter
1466 4051 1558 4100 lormas
1570 4051 1597 4100 et
1606 4049 1712 4099 formata
1725 4063 1755 4100 ec

34 4171 35 4174 =
147 4143 204 4194 lalie
219 4147 316 4194 motum
329 4145 355 4194 et
369 4143 532 4205 cognitionem
549 4143 575 4194 in
589 4143 668 4194 animi
679 4142 821 4195 delinitione
832 4145 931 4209 coujun·
975 4145 1048 4196 simul
1061 4145 1234 4221 proprietatem
1248 4147 1302 4212 ejus
1319 4144 1451 4196 ostendere
1471 4153 1614 4192 :uumerus
1632 4139 1699 4191 euim
1717 4142 1757 4192 cet

147 4234 253 4296 gerent:
266 4232 475 4296 quemadmodum
487 4233 531 4298 qui
541 4232 650 4283 animum
666 4245 796 4283 numerum
810 4245 837 4284 ee
848 4233 931 4298 ipsum
976 4233 1067 4296 lorrna,
1088 4231 1211 4305 mobilitas
1230 4233 1340 4285 termetis
1358 4231 1491 4294 convenit,
1511 4229 1565 4278 sola
1586 4228 1662 4293 igitur
1674 4241 1756 4278 rarum

148 4321 290 4371 moventem
319 4321 389 4384 dixit,
414 4335 519 4372 numero
542 4321 644 4388 quidem
669 4320 832 4386 cognoscendi
859 4323 930 4386 vim,
975 4319 1409 4384 prestantissimerumnonindicet,
1423 4331 1450 4370 sc
1463 4330 1547 4381 neque
1556 4315 1700 4380 simpliciter
1711 4329 1757 4366 nn-

148 4413 283 4475 spontaneo
294 4412 379 4460 autem
393 4411 464 4460 motu
478 4409 593 4460 movendi
609 4410 749 4461 facultatem
765 4409 884 4462 indicans.
975 4422 1073 4460 merum
1095 4422 1167 4472 esse,
1181 4423 1263 4473 neque
1286 4409 1405 4461 mobilem
1424 4422 1430 4454 =
1449 4407 1540 4472 partim
1559 4406 1626 4458 enim
1647 4405 1757 4456 deterior

180 4501 220 4550 33.
235 4498 383 4561 Pythagoras
395 4497 530 4562 symbolice
543 4511 687 4562 comparere
705 4512 802 4562 semper
813 4503 840 4550 et
852 4496 931 4550 deuoi
976 4499 1030 4561 eet,
1049 4501 1172 4562 quatenus
1194 4497 1325 4548 individua
1343 4499 1431 4548 natura
1453 4497 1535 4557 caret,
1553 4492 1641 4558 partim
1660 4490 1754 4552 melior,

149 4589 176 4637 et
188 4588 271 4638 omnin
282 4601 340 4639 cum
353 4589 462 4638 numeris
474 4589 568 4648 solitus,
579 4588 690 4640 animum
703 4602 802 4654 quoque
817 4589 932 4640 delinivit
978 4589 1102 4650 quatenus
1121 4600 1163 4637 res
1181 4586 1296 4638 dividuas
1310 4589 1410 4650 superat
1427 4597 1433 4628 =
1457 4597 1515 4650 ergo
1528 4581 1602 4632 simul
1619 4582 1756 4643 utrumque

148 4689 280 4727 numerum
298 4690 325 4728 sa
336 4677 419 4741 iprum
428 4679 578 4739 merentem,
597 4691 672 4742 quem
684 4677 760 4729 etiem
777 4680 926 4729 Xenocrates
976 4674 1157 4738 quodemmouo
1170 4675 1260 4739 luerit,
1272 4665 1300 4725 At
1312 4673 1491 4737 cumutrieque
1505 4669 1653 4728 consociate,
1667 4679 1756 4716 nume·

151 4769 251 4816 secutus
264 4767 317 4826 ταῖς
328 4765 450 4831 nonquod
464 4767 769 4829 animuseseetnumerus‚
782 4767 827 4818 sed
836 4767 895 4832 quie
907 4767 932 4816 in
976 4777 1021 4814 rus
1031 4765 1148 4816 mobilis:
1163 4767 1190 4815 at
1205 4765 1304 4829 propter
1314 4763 1402 4814 mediae
1417 4765 1512 4812 nature
1527 4755 1702 4824 proprietatem
1713 4767 1757 4818 per

150 4849 183 4902 lie
195 4855 232 4902 est
244 4857 468 4917 quonumerautur
482 4854 929 4917 elmulliplicantur,etquieenimus
977 4867 1004 4904 se
1027 4853 1127 4905 mobilis
1144 4855 1246 4906 dicitur.
1267 4853 1332 4913 Quin
1356 4865 1404 4902 non
1422 4851 1452 4901 ut
1472 4847 1590 4900 dirimens
1611 4843 1693 4908 media
1718 4846 1757 4896 est

149 4955 193 4994 rea
212 4943 339 5004 discernit,
362 4945 454 4996 formes
473 4949 498 4996 et
517 4948 589 4996 notes
612 4945 713 5009 singulis
737 4945 899 5010 imprimendo
923 4959 930 4990 τ
978 4943 1067 5006 anima,
1080 4942 1160 5008 quelie
1173 4943 1276 5008 physica
1289 4941 1355 4992 ratio
1366 4939 1482 5001 habetur,
1502 4939 1529 4987 el
1541 4937 1598 4986 ante
1613 4947 1669 4986 eam
1681 4933 1756 4996 jnrla

149 5031 269 5084 bicenim
289 5034 415 5098 speciese
434 5033 561 5098 speciebus
576 5035 693 5098 separat,
710 5030 801 5098 erisque
820 5037 868 5086 tarn
881 5035 930 5084 lor·
977 5031 1043 5082 viros
1065 5031 1122 5082 illos
1142 5031 1317 5082 mathematica
1345 5027 1496 5087 substantie,
1528 5035 1609 5086 neque
1632 5021 1712 5088 qualis
1741 5035 1757 5072 a

148 5136 249 5173 merum
261 5121 406 5175 diversitate
419 5137 493 5187 qoem
514 5124 610 5174 numeri
623 5123 780 5174 multitudine
797 5123 931 5174 dissimiles
977 5121 1070 5172 lumine
1087 5122 1177 5172 mentis
1193 5124 1249 5172 orte
1261 5117 1408 5178 metantis,
1422 5111 1594 5168 intellectualia
1612 5109 1694 5162 seruc
1704 5124 1757 5162 ma·

150 5211 241 5272 elssctt,
262 5225 293 5262 ec
314 5215 443 5276 propterea
457 5225 498 5263 res
520 5210 686 5262 numerabiles
705 5211 805 5275 reddit,
826 5211 932 5275 ideoque
977 5223 1046 5272 oens,
1067 5209 1238 5273 sedquoniam
1258 5207 1291 5259 ad
1308 5203 1510 5270 perspicuitatem
1528 5205 1555 5255 et
1581 5203 1755 5266 congruentem

150 5313 166 5350 e
179 5313 337 5352 numerorum
358 5299 531 5352 communione
540 5313 590 5352 non
603 5299 704 5352 omnino
715 5299 811 5353 alienus
820 5303 868 5352 est.
978 5299 1052 5352 rebus
1064 5301 1146 5350 mente
1158 5297 1288 5349 illustretis
1296 5297 1408 5346 tenorem
1417 5293 1587 5359 progreditur,
1603 5291 1718 5344 stabilem
1730 5293 1762 5346 et·
