3938 5968
459 343 691 405 ETlllCORUM
713 337 1052 405 NICOMACHEORUM
1076 335 1358 399 PARAPHRASIS.
1658 334 1714 394 bbl

142 471 161 509 *
176 471 262 552 Χρεία
276 471 361 533 δὲκαὶ
375 476 427 533 τῶν
442 473 534 544 ἔξωθεν
559 480 596 558 τῷ
616 475 767 558 θεωρήματι
782 474 847 553 πρδς
860 473 890 532 τὸ
910 487 918 540 ί
966 483 1020 530 N0ss
1040 484 1122 554 ¹³⁰¹?ss
1145 483 1198 529 ¹³¹⁰
1220 475 1309 552 ¹3⁰⁰ssss
1329 488 1406 550 (ΨΜ
1432 473 1501 546 ⁸⁰¹⁰?
1520 485 1605 523 mum
1628 473 1718 546 ‘gebu'

96 562 262 621 συνεστάναι
276 562 306 623 τὸ
320 565 398 643 σῶμα
412 564 457 624 καί
472 565 587 644 ὑγίειαν·
603 569 649 627 οὐκ
664 565 769 647 εὔλογον
785 565 837 643 γάρ
852 563 889 638 μὴ
910 545 915 654 ί
935 539 1292 655 ξὲὣξῆοᾞορὲξξῖὲῃ
1325 551 1423 649 fflffii'
1470 538 1721 662 ᾙεῃθὲιῖῖιῖῖῖῶῃῖιῖ

96 651 207 710 δεῖσθαι
227 654 280 710 τῶν
294 653 417 714 τοιούτων
432 655 566 736 ἄνθρωπον
580 654 659 730 ὄντα,
677 658 707 716 οὗ
721 656 773 736 γάρ
794 651 889 732 αὐτάρ·
911 657 1088 717 innundantia
1116 670 1141 716 et
1171 665 1324 729 reliquorum
1355 639 1421 726 (ῖῑῑθάΙ
1437 663 1540 710 mima
1574 663 1633 709 ⁸⁰⁰²
1691 673 1722 708 ¹¹³

95 764 150 812 κης
165 745 183 812 ἥ
197 741 272 822 φύσις
285 742 392 824 upon&
404 749 551 807 pompm·
911 715 916 780 Ι
936 730 1037 780 beatum
1058 729 1110 780 suis
1132 728 1207 778 rebus
1228 729 1372 798 contentum
1397 722 1539 796 iacit³,·out
1556 721 1670 802 adducit,
1693 725 1723 769 ut

849 831 858 854 ‚
936 797 1002 842 recte
1022 792 1053 840 de
1075 791 1150 842 rebus
1171 789 1218 839 sub
1244 792 1364 838 actionem
1387 785 1534 836 cadentibus
1552 784 1658 846 Judreet,
1682 782 1722 832 vel

142 830 179 865 *²¹²
193 831 323 903 Δεήσεται
335 832 362 891 δὲ
377 833 407 893 ού
417 833 548 894 τοσούτων
564 832 654 894 deusd
664 831 817 914 πρακτικός,
834 828 891 890 ουδί
936 853 1211 917 0ffi0105110fungatur,

96 917 198 987 ἅπλῶς
210 921 315 980 πολλῶν
330 945 407 980 τινων
418 923 463 981 καί
479 922 617 1002 μεγάλων,
629 922 686 980 ἐπεί
700 945 786 1003 φαμεν
798 919 890 1002 χρείαν
911 929 916 979 ί
967 919 1053 966 Ρῦῑθῦί
1068 916 1133 966 essim
1159 913 1257 978 illinis·
1276 912 1333 962 lioei
1352 913 1427 960 “³¹¹¹ae
1449 914 1475 960 θῑ
1495 909 1572 960 Πῐθῐίῦ
1589 909 1723 974 imPssfiuffl

96 1009 183 1068 αὐτὸν
202 1009 273 1090 ἔχειν
289 1013 339 1070 τῶν
355 1010 520 1089 ἀναγκαίων,
532 1013 600 1072 ἀλλά
616 1010 739 1092 μετρίων.
756 1013 796 1072 Οὐ
806 1009 858 1088 γάρ
873 1012 890 1080 ἡ
936 1027 985 1064 non
1003 1013 1103 1075 babeat,
1123 1025 1163 1062 res
1184 1012 1301 1062 honestas
1321 1022 1400 1072 agere,
1423 1012 1449 1058 et
1469 1009 1574 1058 modicis
1587 1009 1677 1073 opibus
1694 1022 1723 1058 ea

95 1095 258 1178 περιβολὴιι
277 1107 323 1160 τοῦ
339 1100 452 1162 πλούτου
476 1101 521 1161 καί
544 1105 596 1162 τῶν
617 1101 705 1160 ἀλλων
727 1103 779 1158 τῶν
800 1098 891 1167 ἔξωθεν
936 1128 995 1179 quae
1013 1126 1102 1176 magno
1119 1113 1265 1175 imperatore
1284 1108 1358 1172 digua
1372 1111 1431 1158 sunt
1453 1107 1558 1158 eiicere.
1571 1110 1653 1172 Atque
1675 1107 1723 1157 hoc

96 1191 213 1268 ἀγαθῶν
225 1190 344 1269 afflixit
371 1199 441 1249 ποιεῖ
464 1191 509 1250 τὸν
529 1189 688 1268 Εὐδαίμονα,
704 1189 722 1261 ἢ
736 1187 821 1247 'lifoi‘
835 1187 890 1266 '‘i‘'
936 1211 1064 1276 perspicue
1075 1223 1174 1260 cernere
1188 1208 1247 1258 licet
1262 1220 1337 1256 :uam
1348 1204 1439 1269 privati
1449 1204 1561 1255 homines
1575 1202 1723 1263 nonminus,

95 1301 154 1336 νειν
165 1279 252 1356 ὀρθῶς
266 1278 327 1362 περὶ
342 1281 394 1337 τῶν
409 1278 575 1361 πρακτῶν,ἢ
597 1279 723 1358 πράττειν
737 1277 771 1336 τδι
787 1275 889 1336 δέοντα.
936 1313 962 1360 ,χ
979 1308 1084 1360 sonasse
1094 1307 1182 1371 magis,
1197 1321 1273 1371 mam
1290 1305 1402 1368 ἅρπῃ,
1422 1305 1589 1368 praepotentes
1607 1302 1725 1352 honestas

96 1365 222 1427 Δυνατὸν
233 1365 285 1446 qdp
295 1366 384 1446 καὶμὴ
399 1363 888 1472 ἄρχονταΥῆςκαῖθαλάπηςπίάττεὶν
937 1407 1047 1458 actiones
1063 1403 1189 1470 suscipere
1209 1403 1334 1454 videntur.
1350 1404 1397 1452 Tot
1410 1401 1487 1464 igitur
1507 1400 1632 1464 tantisque
1651 1399 1726 1452 rebus

95 1455 227 1529 ‘amm’
239 1455 286 1516 καὶ
296 1455 470 1537 ἀπὸμπρίων
480 1461 556 1516 τινῶν
567 1460 650 1517 ποιεῖν
665 1453 824 1534 amm
837 1477 890 1521 τοῖς
937 1510 966 1556 ut
977 1507 1066 1557 beatus
1077 1504 1110 1555 ad
1121 1502 1302 1554 beatitudinem
1313 1501 1451 1552 instructus
1462 1500 1503 1560 sit,
1515 1497 1607 1550 sullieit
1617 1518 1622 1547 :
1634 1498 1726 1562 quippe

96 1544 228 1622 μεγάλην
242 1545 579 1626 περιβεάλημένοιςάρχήν.
596 1545 684 1604 Τοῦτο
696 1543 723 1602 δὲ
739 1547 803 1624 δρᾷν
820 1544 891 1604 ἔστιν

97 1633 276 1713 ἔναργῶςχοί
285 1639 336 1714 γὰρ
350 1635 452 1692 ἰδιῶται
464 1639 515 1694 τῶν
532 1633 601 1712 μίγα
618 1633 768 1710 δυναμένων
783 1633 833 1710 οὐχ
846 1621 892 1702 ἧτ-

97 1743 163 1797 τον,
190 1725 213 1780 εί
233 1721 270 1797 μὴ
292 1721 337 1780 καί
353 1724 464 1800 μᾶλλον,
480 1722 514 1780 τδι
526 1725 628 1794 ἐπιεικῆ
645 1721 781 1802 φαίνονται
807 1718 890 1798 πράτ·

98 1832 204 1874 τοντες.
222 1809 360 1869 Τοσούτων
374 1811 458 1870 τοίνυν
474 1811 592 1891 εὐπορεῖν
612 1809 657 1869 τὸν
675 1811 816 1886 εὐδαίμονα
828 1809 890 1866 ίιια-

98 1897 146 1956 νδν
170 1897 238 1978 πρὸς
252 1898 434 1974 εὐδαιμονίαν·
452 1897 586 1978 ἐνεργήσει
607 1897 657 1978 γδρ
680 1897 728 1971 τὴν
752 1896 848 1978 ἀρετὴν
863 1899 894 1954 ἀ·

99 1985 241 2058 κωλύτως,
254 1986 300 2044 καί
318 1985 362 2044 τδν
376 1987 518 2064 εὐδαίμονα
535 1987 661 2066 βιώσεται
680 1986 750 2066 βίον·
767 2002 894 2067 μαρτυρεῖ

100 2071 130 2131 δὲ
147 2081 204 2140 τοῖς
223 2073 308 2152 λόγοις
330 2074 375 2134 καί
392 2075 501 2155 Σόλων,
520 2079 549 2135 οὐ
567 2085 620 2142 τοῖς
634 2075 706 2144 ἐκτδς
721 2081 827 2154 ἀγαθοῖς
845 2077 893 2150 τὴν

100 2163 277 2239 εὐδαιμονίαν
292 2163 400 2242 ὁρίζων,
413 2165 471 2224 ἀλλ’
496 2165 653 2244 εὐδαίμονας
668 2165 674 2203 ¹
689 2165 894 2247 ἀποφαινόμενος

100 2242 175 2310 εἶναι
190 2251 244 2317 τοῖς
257 2251 330 2317 ἐκτὸς
347 2253 452 2328 ἀγαθοῖς
469 2254 708 2333 κεχορηγημένους,
725 2253 895 2334 πεπραγότας

100 2361 131 2397 τε
147 2336 185 2396 τδι
203 2337 349 2410 κάλλιστα,
361 2341 406 2398 καῖ
422 2339 583 2418 βεάιωκύτας
596 2341 748 2424 σωφρόνως·
760 2343 895 2424 ἐνδέχεται

98 2426 155 2507 γὰρ
174 2426 270 2504 μέτρια
284 2425 472 2502 ζκεκτημένους
494 2429 619 2509 πράττειν
644 2431 661 2490 ά
686 2432 735 2494 δεῖ.
762 2435 842 2492 Δοκεῖ
868 2432 894 2492 δὲ

99 2519 150 2572 καὶ
164 2512 342 2594 Ἀναξαγόραν
358 2516 387 2572 οὖ
411 2514 536 2577 πλούσιον
560 2519 619 2578 οὐδὲ
647 2518 777 2591 δυνάστην
793 2509 894 2580 ὑπολα-

101 2603 163 2682 βεῖν
179 2601 225 2661 τὸν
241 2603 384 2680 εὐδαίμονα
395 2595 477 2664 εἶναι·
495 2607 560 2687 φησί
576 2609 637 2687 γάρ,
653 2609 728 2668 οὐδίν
743 2611 895 2686 θαυμαστὸν

100 2695 125 2750 εἷ
142 2689 229 2758 δόξειέ
243 2716 281 2760 τις
295 2696 349 2761 τοῖς
372 2695 477 2762 πολλοῖς
498 2695 593 2764 ἀτοπος
607 2686 692 2755 εῖναι·
713 2697 822 2756 δυνατὸν
844 2698 896 2780 γάρ

102 2778 208 2858 ἀγαθὸν
224 2781 269 2839 καὶ
284 2781 428 2859 εὐδαίμονα
456 2782 536 2858 ὄντα,
548 2785 662 2864 πονηρὸν
677 2785 722 2846 καί
745 2787 834 2847 ἄθλιον
854 2812 895 2850 νο·

102 2871 237 2946 μισθῆναι
248 2876 302 2936 τοῖς
325 2871 443 2948 πολλοῖς,
460 2869 485 2930 οῖ
507 2873 561 2940 τοῖς
582 2874 654 2942 ἐκτδς
668 2875 713 2934 καὶ
730 2875 897 2955 φαινομένοις

102 2955 238 3039 κρίνουσι,
251 2957 351 3017 τούτων
367 2959 552 3038 αἰσθανόμενοι
565 2962 656 3039 μόνον.
669 2963 755 3025 Ὥστε
767 2975 821 3035 τοῖς
832 2971 897 3045 ἡμε·

103 3049 193 3126 τέροις
217 3046 305 3125 λόγοις
329 3047 375 3106 καὶ
391 3050 418 3106 αἱ
439 3052 491 3108 τῶν
506 3054 593 3131 σορῶν
613 3059 783 3134 συμφωνοῦσι
809 3054 897 3124 δόξαι·

103 3137 153 3196 καί
169 3157 212 3201 τις
231 3133 278 3194 καί
299 3134 352 3195 ἀπὸ
366 3136 465 3196 τούτων
478 3139 532 3206 τοῖς
541 3141 687 3220 εἰρημένοις
696 3148 796 3220 γίνεται
811 3143 898 3214 πίστις

105 3221 225 3303 μετρία·
238 3223 269 3282 τὸ
283 3222 334 3304 γδιρ
346 3227 371 3284 ἐν
385 3233 438 3292 τοῖς
450 3227 575 3306 πρακτοῖς
584 3228 679 3302 ἀληθὲς
691 3229 744 3289 ἀπὸ
753 3234 802 3291 τῶν
814 3233 897 3312 ἔργων

105 3311 154 3370 καί
169 3315 219 3370 τοῦ
235 3311 292 3390 βίου
302 3311 438 3393 φαίνεται·
453 3314 499 3372 καί
514 3315 612 3385 τούτοις
628 3316 766 3398 ἐλέγχεται
785 3319 815 3380 τδ
830 3324 896 3402 ψεῦ·

106 3402 170 3479 δος,
184 3399 249 3459 όταν
263 3403 287 3460 oi
301 3399 374 3480 λόγοι
388 3401 425 3480 μθ,
444 3402 588 3483 φαίνωνται
603 3406 657 3473 τοῖς
669 3407 822 3486 πράγμασιν
837 3408 897 3478 ἐξα·

106 3493 312 3558 κολουθοῶντες·
337 3493 363 3549 ἐν
388 3489 439 3572 γάρ
460 3496 519 3560 ταῖς
542 3493 652 3572 πράξεσι
679 3494 709 3554 τδ
733 3495 838 3576 κύριον·
859 3500 898 3558 δεῖ

106 3576 196 3637 τοίνυν
218 3579 325 3638 σκοπεῖν
338 3577 373 3636 τδι
397 3581 595 3660 προειρημένα,
622 3581 668 3641 καί
681 3590 740 3650 ταῖς
761 3586 897 3666 ἀνθρωπί-

105 3690 163 3736 ναις
192 3665 305 3746 πράξεσι
321 3665 366 3725 καί
385 3669 424 3745 τῷ
442 3665 491 3747 βίῳ
511 3667 636 3749 φέροντας
661 3672 818 3753 ἐφαρμόζειν
825 3719 834 3747 ,
853 3677 898 3736 καί

106 3755 255 3838 συνᾴδοντα
281 3753 327 3834 μὲν
354 3756 530 3832 ἀποδεκτέον,
556 3761 738 3840 διαφωνοῦντα
753 3763 781 3821 di
806 3763 898 3843 λόγους

106 3845 199 3913 κενοὺς
215 3845 394 3920 ὑποληπτέον.

146 3931 269 3996 ***Ἐτι
284 3933 311 3995 δί
319 3933 365 3994 καί
376 3937 474 3997 ἐκεῖθεν
481 3934 581 4014 γίνεται
594 3937 685 4016 δῆλον,
694 3939 897 4018 εὖδαιμονίατα·

106 4047 150 4084 τον
168 4015 241 4084 εῖναι
254 4023 298 4084 τὸν
314 4023 383 4083 κατδι
402 4031 461 4086 νοῶν
476 4025 648 4106 ἐνεργοῦντα·
669 4026 715 4086 καί
729 4027 781 4109 γάρ
805 4036 896 4112 deopa-

104 4111 236 4194 λέστατός
256 4117 343 4174 ἐστιν·
369 4105 399 4175 ού
423 4113 449 4172 τί
463 4114 558 4192 γένοιτ’
585 4115 616 4174 δν
645 4117 897 4202 εὐδαιμονέστερον;

105 4205 127 4260 εἷ
139 4202 191 4284 γάρ
213 4205 285 4281 τιτῷ
300 4205 351 4284 θεῷ
364 4203 439 4281 μέλει
453 4207 505 4262 τῶν
519 4204 703 4286 ἀνθρωπίνων,
719 4207 763 4266 καί
777 4208 816 4276 τίς
829 4211 899 4270 ἔστιν

108 4292 194 4350 αὐτῶν
223 4292 363 4369 ἐπιμέλεια
385 4293 449 4372 παρ’
459 4291 570 4367 ἐκείνου,
590 4295 711 4377 καθάπερ
725 4306 793 4358 πᾶσι
808 4299 899 4375 δοκεῖ,

938 1607 1058 1656 virtutem
1078 1604 1155 1654 libere
1170 1601 1308 1663 exercebit,
1325 1603 1351 1650 et
1365 1599 1442 1650 vitam
1462 1599 1560 1649 beatam
1580 1597 1653 1662 deget
1666 1611 1672 1642 ι
1685 1610 1726 1646 as·

938 1703 1045 1754 sentitur
1060 1715 1120 1752 vero
1140 1700 1181 1751 his
1200 1698 1285 1749 verbis
1297 1698 1380 1756 Solon,
1397 1697 1442 1761 qui
1458 1711 1507 1747 non
1526 1687 1636 1746 externis
1656 1694 1727 1746 bonis

938 1801 1119 1855 beatitudinem
1141 1798 1287 1858 deliniebat,
1304 1796 1349 1848 scd
1364 1809 1407 1846 ecs
1430 1795 1516 1846 beatos
1535 1793 1635 1844 dicebat
1658 1807 1725 1853 esse,

938 1901 983 1967 qui
1006 1899 1116 1951 externis
1131 1897 1248 1948 instructi
1267 1896 1338 1946 bouis
1356 1893 1544 1959 praeclarissima
1565 1891 1674 1944 facinora
1688 1890 1725 1941 fe-

939 2000 1029 2050 cissent
1041 2003 1067 2050 et
1086 1986 1254 2062 temperanter
1271 1994 1391 2044 vixissent
1409 2011 1415 2042 ι
1432 1992 1487 2044 lieri
1500 1993 1565 2043 enim
1581 1995 1679 2056 potest,
1699 1996 1728 2040 ut

939 2099 984 2166 qui
998 2098 1062 2149 bona
1078 2095 1214 2147 mediocria
1228 2093 1364 2158 possident,
1378 2106 1436 2157 quea
1452 2091 1547 2156 agenda
1566 2093 1625 2143 sunt
1645 2093 1727 2153 agant.

940 2198 1098 2256 Anaxagoras
1119 2205 1221 2256 quoque
1236 2202 1284 2239 non
1302 2188 1407 2240 divitem
1426 2201 1507 2252 neque
1527 2190 1654 2251 potentem
1680 2185 1726 2236 ali·

940 2305 1016 2356 quem
1033 2289 1115 2339 virum
1136 2288 1236 2338 beatum
1254 2285 1410 2337 existimasse
1426 2283 1546 2334 videtur:
1564 2296 1644 2348 neque
1662 2281 1728 2332 enirn

940 2387 1081 2439 mirandum
1096 2385 1195 2436 dicebat
1211 2383 1277 2447 iore,
1293 2383 1313 2434 si
1331 2384 1429 2446 ineptus
1448 2381 1552 2446 quidam
1566 2384 1591 2432 et
1605 2377 1730 2430 absurdus

941 2487 1016 2552 vulgo
1027 2485 1156 2536 rideretur
1170 2502 1176 2532 ι
1190 2483 1243 2533 lieri
1255 2483 1347 2547 quippe
1364 2482 1455 2545 potest,
1465 2484 1495 2530 ut
1506 2478 1551 2543 qui
1567 2479 1646 2528 bonus
1655 2477 1688 2527 sit
1703 2478 1729 2526 et

941 2585 1039 2646 beatus,
1058 2581 1140 2634 molus
1171 2584 1255 2632 tamen
1270 2594 1299 2630 ao
1317 2579 1393 2632 miser
1409 2578 1512 2642 arulgo
1529 2577 1652 2630 habeatur
1661 2578 1729 2643 quod

941 2698 973 2734 cx
986 2682 1061 2733 rebus
1075 2680 1186 2732 externis
1198 2683 1224 2730 et
1244 2677 1382 2730 manifestis
1393 2677 1500 2741 judicat,
1518 2678 1649 2742 propterca
1662 2675 1730 2741 quod

942 2782 987 2831 lras
1004 2781 1103 2831 tantum
1119 2793 1192 2830 sensu
1213 2777 1327 2843 percipit.
1342 2775 1509 2835 Quamobrem
1525 2774 1565 2825 his
1580 2775 1672 2826 nostris
1685 2789 1726 2825 re-

942 2878 1051 2929 tionibus
1067 2877 1144 2928 etiam
1166 2875 1307 2940 sapientum
1330 2874 1458 2939 opiniones
1482 2877 1621 2937 congmunt
1641 2893 1648 2924 ι
1672 2886 1730 2939 quae

942 2973 1119 3039 aliquomodo
1149 2971 1182 3022 ad
1208 2972 1282 3023 tidem
1311 2971 1343 3022 iis
1368 2983 1426 3036 qum
1450 2970 1574 3030 dlxiruusr
1591 2970 1730 3021 taciendam

942 3073 1047 3124 valent:
1071 3071 1190 3121 nimirum
1219 3071 1245 3120 in
1270 3070 1302 3120 iis
1323 3082 1382 3134 quae
1412 3068 1459 3120 sub
1482 3069 1604 3120 actionem
1628 3069 1731 3120 veniunt

943 3171 1035 3221 veritas
1050 3183 1081 3220 ex
1101 3169 1174 3220 iactis
1194 3171 1220 3220 et
1243 3168 1295 3218 vita
1317 3170 1420 3232 apparet
1441 3187 1448 3216 ε
1468 3167 1558 3232 bisque
1572 3167 1730 3218 mendacium

943 3269 1106 3329 convincitur,
1120 3266 1221 3332 quaudo
1239 3266 1316 3317 rerba
1335 3281 1393 3316 cum
1410 3265 1486 3317 rebus
1496 3266 1557 3331 ipsis
1571 3281 1619 3316 uon
1631 3280 1731 3316 consen·

943 3369 991 3418 tire
1005 3365 1165 3417 manifestum
1183 3367 1222 3416 est
1241 3383 1248 3414 ι
1269 3365 1296 3414 in
1310 3365 1450 3416 actionibus
1464 3365 1530 3414 enim
1547 3364 1587 3414 vis
1607 3365 1731 3430 praecipua

943 3469 1076 3520 consistit:
1094 3467 1180 3532 itaque
1203 3481 1233 3517 ea
1256 3479 1315 3531 qum
1337 3469 1394 3516 autc
1415 3466 1540 3529 diximus,
1555 3466 1732 3518 consideranda

944 3569 1003 3616 suut
1021 3578 1100 3630 eaque
1119 3563 1153 3614 ad
1176 3562 1300 3614 humanas
1320 3563 1430 3614 actiones
1453 3563 1582 3628 vitamque
1604 3563 1732 3615 transferri

942 3669 969 3717 et
983 3661 1164 3715 accommodari
1184 3664 1291 3726 oportet,
1305 3664 1331 3712 et
1346 3675 1404 3727 quae
1415 3661 1452 3710 illl
1460 3663 1624 3726 respondent,
1638 3662 1730 3713 admit·

943 3762 1027 3824 tenda
1052 3776 1110 3828 quae
1139 3774 1200 3812 vero
1221 3757 1378 3825 discrepant,
1407 3757 1484 3810 verba
1506 3758 1588 3808 inania
1618 3757 1733 3810 habenda
1770 3737 1772 3743 ¹

943 3863 1010 3912 sunt.

975 3947 1045 3999 Adde
1057 3946 1125 4010 quod
1144 3946 1220 3997 etiarn
1239 3946 1298 3996 hinc
1311 3943 1468 4009 intelligitur,
1484 3943 1655 3996 beatissimum
1678 3961 1732 3998 esse

943 4030 986 4095 qui
1001 4027 1147 4078 muneribus
1160 4026 1236 4076 menti
1249 4026 1452 4076 convenientibus
1463 4025 1580 4089 iungatur
1594 4045 1600 4075 ι
1615 4025 1732 4077 nimirum

944 4109 991 4158 deo
1006 4105 1150 4156 carissimus
1171 4109 1232 4156 est:
1255 4119 1306 4169 quo
1323 4104 1385 4168 quid
1408 4103 1505 4154 beatius
1524 4117 1578 4154 esse
1598 4103 1693 4169 possit?
1711 4105 1733 4154 si

944 4181 1010 4234 enirn
1021 4179 1084 4229 deus
1097 4193 1183 4230 curam
1199 4178 1308 4242 aliquam
1326 4177 1377 4241 agit
1396 4193 1480 4229 rerum
1502 4178 1677 4240 humanarum,
1690 4194 1733 4228 eu-

944 4269 1062 4321 rumque,
1077 4255 1143 4305 sieut
1156 4254 1272 4304 omnibus
1285 4253 1387 4304 videtur
1402 4257 1428 4304 et
1441 4253 1568 4318 probabile
1589 4259 1634 4313 est,
1653 4255 1731 4304 ralio-

945 4345 1001 4382 ncm
1013 4328 1098 4389 babet,
1115 4343 1165 4392 qua
1179 4327 1280 4378 tandem
1301 4328 1326 4377 in
1344 4328 1419 4378 rebus
1437 4327 1553 4376 humanis
1567 4327 1642 4378 deum
1654 4328 1733 4390 magis

110 4379 155 4438 καῖ
173 4381 215 4453 εἴη
236 4403 275 4458 γε,
292 4381 344 4440 τίνι
366 4385 418 4442 τῶν
435 4385 461 4440 ἕν
482 4382 628 4463 ἀνθρώποις
650 4385 754 4466 χαίρειν
779 4385 898 4447 τὸνθεόν
946 4403 1064 4456 delectori
1093 4402 1174 4460 docet,
1207 4417 1284 4467 quarn
1313 4417 1340 4453 re
1371 4402 1482 4452 amulum
1512 4402 1607 4466 optima
1635 4403 1733 4466 ipsique

111 4471 213 4544 μᾶλλον
230 4468 308 4548 εἰκός,
324 4470 342 4542 ἢ
356 4473 394 4551 τῷ
415 4471 517 4554 ἀρίστῳ
534 4473 580 4533 καῖ
595 4473 808 4555 συγγινεστάτιρς
822 4481 900 4536 τοῦτο
944 4479 1055 4530 maxime
1067 4480 1187 4541 cognata?
1208 4478 1263 4528 baec
1278 4481 1361 4528 autem
1382 4491 1452 4528 mens
1469 4480 1514 4526 est.
1537 4477 1631 4534 Quodsi
1650 4480 1732 4528 mente

111 4556 138 4613 δὲ
153 4559 237 4624 θροῦς
263 4559 346 4621 ἐστιν,
372 4561 406 4620 Et
424 4560 450 4620 δὲ
470 4565 509 4642 τῷ
536 4565 573 4643 ,ᾧ
590 4562 707 4639 μάλιστα
725 4565 825 4644 pappa,
853 4563 899 4623 καὶ
944 4553 1053 4639 maxime
1068 4551 1216 4638 delectatur,
1229 4552 1306 4602 etiam
1322 4566 1354 4602 us
1365 4551 1408 4616 qui
1423 4552 1487 4637 banc
1504 4551 1614 4636 manime
1626 4550 1731 4614 diligunt

890 4655 899 4678 ι
945 4632 970 4679 et
988 4627 1090 4692 plunmr
1110 4625 1207 4676 iaerunt
1220 4631 1245 4676 et
1259 4627 1405 4678 muneribus
1418 4640 1441 4676 er
1460 4626 1664 4676 convenrenubus
1677 4625 1729 4676 iun-

112 4645 273 4720 ἀγαπῶντας
288 4647 405 4724 μάλιστα
428 4657 520 4711 τοῦτον
543 4650 589 4712 καί
604 4656 754 4732 τιμῶντας,
770 4653 816 4714 καί
838 4676 890 4714 κατ
1141 4703 1146 4714 .
1375 4703 1380 4714 ,

112 4733 192 4792 αὐτὸν
222 4737 409 4816 ὶνεργοῦντας,
435 4741 621 4815 ἀντευποιήσει
646 4741 766 4817 πάντως,
787 4747 823 4810 ὡς
847 4746 898 4802 τῶν
944 4707 1045 4828 ⁸33⁰?
1060 4700 1733 4828 maelgerwlvssptaggfflmgffmrffffigffibegffi

113 4819 195 4898 φίλων
212 4823 285 4905 αὐτῷ
301 4824 345 4885 καὶ
361 4831 493 4906 συίίίνῶν
508 4830 742 4908 ίπῑμῑλθυμένθυς,
758 4831 802 4890 καί
813 4832 899 4900 ἄλλως
944 4791 1142 4919 guoqufsreotas
1156 4856 1182 4904 et
1196 4792 1312 4904 Ιιῖιῖιῖῖίεο
1334 4816 1445 4904 actiones
1456 4851 1649 4916 suscipientibus
1670 4816 1734 4902 z'hic

113 4909 148 4974 ὡς
164 4912 246 4989 ὄρθῶς
269 4912 315 4972 καί
340 4914 428 4983 καλῶς
450 4916 630 5006 πράττοντας·
648 4911 719 4990 ούτος
735 4919 762 4980 δὲ
785 4924 800 4979 δ
822 4920 899 5002 σορός
919 4983 923 4990 ,
945 4933 1029 4979 autem
1042 4931 1080 4980 est
1094 4929 1193 4994 sapiens
1204 4932 1230 4978 et
1246 4929 1292 4994 qui
1308 4927 1454 4979 muneribus
1468 4927 1545 4978 urenti
1564 4925 1731 4976 convenienti·

120 5021 1722 5048 *mm—m

116 5078 323 5213 ,νεῒγχσρικδτίλκαῖ
337 5084 664 5155 naturamnatural.
679 5113 711 5126 -
720 5090 748 5120 t*
764 5091 801 5142 Οὐ
817 5093 863 5154 μὴν
878 5089 975 5154 οἰητέον
987 5109 1015 5155 γε
1032 5092 1130 5142 πολλῶν
1144 5092 1186 5142 καὶ
1201 5093 1312 5156 peritos
1324 5091 1376 5142 xp„
1399 5117 1431 5126 ..
1447 5091 1490 5120 ιιι
1511 5089 1542 5141 <0
1555 5091 1580 5140 δὲ
1595 5087 1660 5139 κατὰ
1675 5093 1731 5138 ,οὖν

243 5255 307 5292 euru.
323 5258 402 5296 enac.
419 5259 453 5296 ur.
1609 5254 1639 5299 3⁰
