3976 5948
761 387 1007 454 FRAGMENTA.
1651 397 1709 459 555

98 525 200 586 κάκεῖθι
216 517 343 602 γενόμενος
356 517 412 580 τδν
419 517 500 598 μίν
482 543 582 596 ωνησε,
598 519 682 580 τδνδ’
698 521 911 634 οθκέύλαψε,
907 523 1075 606 προσούσης
1095 531 1134 608 τῷ
1151 529 1264 610 δευτέρῳ
1281 529 1427 604 κινήσεως,
1444 528 1491 602 τὴν
1507 535 1654 609 προσοῦσαν
1671 535 1709 610 τῷ

99 611 143 671 aul
156 609 311 694 προσάνηοε
325 633 358 691 τη
340 609 434 690 περὶ
447 599 483 668 55
496 609 792 688 ἠπίοτοιτοάνομνήοει.
802 608 948 675 Ἔοτιπ
928 615 1027 729 πρώτῳ
1046 617 1139 677 στάσιν
1159 618 1228 727 φημί
1227 553 1359 679 ρέἷναι’
1332 641 1433 692 κινησιν
1455 619 1597 698 σύμφυτον·
1620 591 1711 697 ἆρ’ής

99 701 125 759 δὲ
138 699 248 760 τοῦτο
224 723 254 760 το
268 697 349 758 καλδν
363 703 473 780 χρῆμα,
486 699 619 778 ἐπιστήμη
634 703 650 773 5
665 699 746 775 καλή,
758 693 816 774 5<
798 727 883 762 ωνιιτ
928 709 990 776 ἥτε
1014 705 1084 775 τάΕις
1098 714 1143 768 τοῦ
1158 707 1274 786 κόσμου,
1298 707 1343 766 καλ
1359 713 1376 780 5
1392 707 1459 784 μονὴ
1481 703 1558 779 5555
1560 731 1612 780 νος,
1631 707 1708 779 καλή

100 787 146 866 μὲν
169 793 182 848 5
207 789 315 869 λαῦών,
340 790 386 849 οὐκ
402 789 572 849 ἀπολείπεται
592 792 614 848 δ’
630 791 737 863 ούτῆςό
755 792 781 852 δε
784 792 882 863 eunde.
928 793 1074 876 οωτηρία’
1059 799 1198 877 οινοχεῖτοιι
1218 798 1254 864 είς
1268 795 1303 855 τδ
1322 797 1380 856 ὅλοι.
1422 796 1487 858 Ἐπὶ
1503 795 1603 863 τούτοις
1627 795 1672 854 καλ
1685 797 1709 854 ἐν

98 870 162 940 oles
178 877 210 937 ev
230 877 294 945 ίδοις
315 877 456 960 stapelen
479 879 522 988 ἀμ’
539 879 628 960 ἑτέρου
651 879 748 962 λύχνου
769 880 881 962 λύχνον,
928 882 1047 965 τῷέκτιρ
1067 885 1223 965 προστίθησι
1245 891 1338 944 τοῦτο·
1365 885 1456 958 ἐπειδὴ
1481 884 1573 965 ήδειδ
1596 885 1711 946 Πλάτων

99 971 153 1049 φῶς
167 968 284 1048 ἔχοντα,
297 965 311 1025 δ
328 967 424 1046 μήτδν
449 967 576 1049 πρότερον
600 967 734 1050 ἀφείλετο,
750 970 883 1046 elles-,e
927 971 1001 1050 πορδι
1015 979 1069 1040 τοῖς
1088 973 1268 1054 άνθρώποιςτ
1253 971 1296 1032 τδν
1317 972 1395 1051 μένδ
1395 973 1713 1054 ημιουργδνγινωοκιίμε-

98 1060 168 1118 ἐν’
139 1081 213 1138 ουτω
193 1055 344 1136 ύληςπ
336 1079 363 1124 ος
376 1055 407 1116 τδ
421 1056 572 1117 exstruo*
535 1081 588 1138 πυρ
613 1056 772 1139 ἐξωρθείοης.
788 1061 884 1120 Τοιοῦ-
928 1084 971 1120 νον
984 1059 1080 1140 μόνον,
1093 1063 1146 1121 τὸν.
1139 1063 1246 1141 ,μέντοι
1269 1067 1373 1144 πρῶτον
1395 1070 1469 1137 νοῦν,
1492 1063 1562 1131 ὅστις
1578 1067 1710 1140 καλεῖται,

99 1169 141 1206 τον
160 1143 190 1206 τδ
208 1148 303 1226 χρῆμα
294 1143 417 1205 ’ἐστι
391 1168 423 1205 το
444 1147 490 1216 τῆς
509 1144 670 1224 ἐπιστήμης,
685 1145 703 1218 5
719 1148 822 1207 δοθειοο
839 1148 881 1208 eol
929 1148 1007 1209 αὐτὸν
1020 1149 1188 1210 παντάπασιν
1202 1149 1373 1264 ἀγνοούμενον
1383 1154 1446 1230 παρ
1461 1151 1620 1223 αύτοῖς,διδι
1635 1158 1712 1212 τοῦτο

929 1236 1009 1306 οὕτως
1023 1229 1143 1316 e5rreu,‘'
1124 1263 1213 1319 ωσπερ
1229 1238 1303 1299 55²¹
1279 1263 1301 1299 ει
1318 1264 1355 1309 τις
1370 1239 1529 1352 οῦτωλέυροι
1544 1231 1621 1301 tos
1605 1249 1651 1302 οινθ
1654 1268 1710 1324 ρω-

98 1301 279 1394 λπῦύντιή’
250 1320 327 1394 οιυτή.
370 1321 472 1383 Τούτου
492 1291 556 1382 55
532 1345 562 1382 το
578 1320 675 1401 αἴτιον,
689 1347 711 1382 ω
692 1273 820 1400 ’ζεξένῦ
812 1299 884 1386 0555u
929 1352 990 1402 ποι,
1005 1327 1033 1388 ὃν
1053 1285 1267 1440 τοπῦζρτεύμεῑς
1282 1335 1357 1405 νοῦν,
1373 1331 1420 1389 οῦκ
1434 1329 1490 1388 ἔστι
1510 1334 1625 1416 πρῶτος,
1645 1331 1713 1392 ἀλλὰ

100 1415 170 1472 ἐστιν
184 1410 353 1493 ανθρωπινον
372 1411 432 1471 ἀλλ’
447 1414 487 1471 ὅτι
499 1411 548 1481 ἐξις
562 1435 591 1472 τε
603 1411 648 1473 κοιλ
663 1367 769 1486 ύῦοίοιὴ
786 1373 883 1494 ἐχουσο.
929 1415 971 1474 ἕτε
974 1439 1015 1495 ρος
1037 1442 1059 1477 π
1061 1416 1192 1496 ρδτούτου
1209 1423 1327 1492 νοῦς,π
1305 1374 1482 1498 πρέούύτερος
1506 1419 1551 1478 καὶ
1571 1419 1709 1530 θειότερος.

98 1501 145 1575 τήν
161 1500 330 1580 ἐπιστήμην,
346 1501 448 1574 5o5r5
464 1504 519 1563 ἐστι
534 1501 650 1583 πορδι
621 1527 659 1562 τω
639 1501 837 1564 ”eaenulas
824 1508 884 1587 θεῶ,
930 1505 984 1565 Καί
1004 1510 1052 1582 μεθ
1039 1505 1117 1567 θ’ἐτε
1118 1505 1284 1615 ρριέπιλέγει·
1297 1505 1505 1586 κυῦερνήτης
1471 1530 1518 1584 μεν
1532 1531 1582 1567 που
1596 1511 1670 1567 ἐν’
1635 1533 1710 1590 μεοῳ

98 1594 145 1654 κοιλ
160 1591 284 1675 πειρδι]υ
248 1615 286 1650 τω
301 1591 487 1674 είληρότιέμοὶ
502 1592 547 1652 κοιλ
564 1591 615 1654 οοί.
659 1593 706 1654 Διὸ
721 1593 766 1655 κοιλ
782 1597 796 1652 5
810 1595 884 1654 ille·
930 1593 1041 1673 πελάγει
1065 1596 1239 1708 φορούμενος,
1263 1594 1329 1674 ὑπὲρ
1351 1593 1482 1667 πηδαλίου
1504 1597 1636 1676 ὑψίζυγος,
1661 1607 1714 1667 τοῖς

98 1707 152 1744 των
163 1681 212 1756 τήν
224 1705 315 1764 οοριον
328 1681 419 1744 υπδΠ
421 1687 504 1762 ρομηθ
506 1705 554 1750 ως
568 1683 638 1742 elo
615 1705 651 1741 ιν
671 1684 706 1750 είς
721 1683 880 1764 ἀνθρώπους,
932 1683 998 1753 step
1015 1683 1161 1744 διιθύνει
1134 1707 1181 1758 την
1205 1682 1443 1764 νοῦνέρεζύμενος·
1465 1685 1574 1762 ὄμματα
1598 1687 1620 1745 δ
1634 1688 1718 1746 αὐτοῦ

97 1771 167 1850 μετὰ
182 1770 336 1854 μονωτάτου
350 1768 417 1839 τινδς
431 1771 512 1852 πυρὸς
532 1769 593 1852 ἔρη.
641 1770 696 1832 liei
718 1770 830 1832 rr5luu‘
821 1794 883 1831 υπο
931 1773 976 1834 κοιλ
987 1796 1059 1847 νους,
1074 1773 1190 1832 εῦθδτοῦ
1208 1771 1308 1854 αἰθέρος
1323 1771 1551 1854 ξυντέτοταιπρος
1562 1774 1598 1832 οδ
1610 1797 1709 1855 μεταρ

98 1861 150 1930 ὅδς
169 1859 227 1932 ἐξτς
241 1883 328 1942 φησιν
349 1859 399 1919 εἶσὶ
420 1853 488 1919 δ’
459 1883 529 1921 ουτοι
546 1860 616 1939 βίοι,
632 1859 711 1938 δμὲν
726 1860 851 1942 πρώτου,
871 1885 884 1924 ο
930 1885 974 1921 οια
984 1859 1109 1939 ,καλήδ
1111 1861 1151 1929 δὸς
1166 1863 1238 1944 αὐτῳ
1218 1860 1309 1921 άνω
1323 1861 1397 1920 δι
1372 1882 1481 1940 ουρανου
1495 1861 1545 1919 απ
1548 1885 1601 1936 ror,
1610 1861 1714 1921 πλέοντι

98 1949 156 2011 δέδ
158 1949 262 2033 ευτέρου
279 1953 349 2013 θεοῦ.
402 1949 555 2022 Δηλονότιὸ
571 1947 687 2030 μὲνπρ”
667 1974 732 2019 ωτος
746 1949 802 2020 θεός
816 1953 884 2011 ἐστιν
930 1951 1002 2012 κάτω
1016 1973 1085 2010 κατα
1071 1949 1143 2022 τήν
1162 1951 1302 2010 θάλατταν·
1315 1949 1384 2010 οῦτω
1398 1946 1473 2010 καὶὸ
1460 1949 1656 2030 ὁδημιουργύς,
1667 1948 1714 2022 τὴν

97 2039 247 2107 {meve
207 2085 216 2116 ,
262 2037 429 2150 δέδεύτερος
449 2037 563 2116 ἔμπαλίν
577 2042 633 2099 ἐστι
647 2038 807 2119 κινούμενος.
852 2038 885 2100 Ὁ
930 2039 1011 2114 ύλην,
1025 2044 1071 2099 τοῦ
1087 2039 1154 2118 μήτε
1177 2041 1415 2119 διοκρουοθῆναιυ,
1433 2037 1500 2118 μήτε
1517 2041 1714 2119 περιπλανηθῆ·

97 2123 194 2208 μὲν
164 2152 243 2190 ουνπ
245 2152 346 2210 ωτος
337 2152 397 2210 περι
387 2127 441 2188 νδ
453 2151 554 2205 νοητοι
570 2129 626 2188 555
638 2127 794 2276 δδεύτερος
775 2153 836 2210 περι
825 2130 884 2188 τδι
930 2153 972 2189 νοιι
998 2127 1097 2207 αὐτήν,
1122 2125 1234 2208 ἇρμονίορ
1258 2127 1317 2196 ξυνδ
1318 2125 1467 2238 ησάμενος,
1493 2128 1568 2194 αὐτὸς
1588 2127 1635 2205 μὲν
1651 2127 1715 2206 ὑπὲρ

95 2217 238 2290 νοητδικολ
245 2153 375 2290 ροιίοθιητοί.
419 2215 466 2290 Ml
484 2216 652 2296 θουμάσῃςδ
654 2219 701 2276 'el
715 2223 777 2279 τοῦτ
778 2217 882 2300 Ἴρην,
929 2216 1025 2366 τρύτης
1040 2175 1152 2298 ἵδρύτοι,
1169 2187 1231 2275 οἷον
1245 2216 1311 2297 ὑπὲρ
1336 2215 1416 2290 νεώς,
1433 2215 1476 2276 ἐπὶ
1496 2217 1645 2290 θαλάττης,
1670 2221 1716 2288 τῆς

96 2307 168 2369 πολῦ
183 2305 260 2388 γάρ
246 2329 285 2365 ετι
303 2305 546 2387 θουμοιστύτερον’
531 2305 649 2386 ποιούση,
688 2305 758 2366 'sori
772 2305 870 2388 γάρ
837 2331 886 2379 της
930 2306 1003 2380 ὕλης·
1020 2305 1068 2379 πλν
1089 2303 1215 2385 ἁρμονίαν
1235 2303 1262 2364 δέ
1278 2304 1372 2373 ἰθύνειν
1379 2349 1387 2378 ,
1402 2313 1459 2372 τοῖς
1484 2304 1522 2364 ίδ
1511 2327 1565 2372 sure
1581 2303 1715 2377 οἰακίζων,

97 2543 143 2592 ter
154 2551 228 2590 οιοιιε
244 2537 569 2605 apricolo‚oospolmites;
581 2537 648 2588 disce
659 2538 742 2604 qualia
750 2538 889 2590 Numenius
934 2537 997 2589 simo
1007 2537 1177 2589 aPrometlrco
1188 2536 1295 2587 delatam
1306 2549 1361 2586 esse
1370 2535 1477 2586 dicebat.
1510 2536 1578 2586 idem
1590 2534 1716 2599 paululum

96 2632 133 2682 de
145 2627 254 2681 secundo
269 2627 389 2692 principio
397 2627 568 2692 theologorum
577 2640 646 2678 more
660 2627 778 2693 disputet.
796 2631 887 2688 Quem»
933 2643 1075 2696 progressus
1095 2627 1264 2694 superioribus
1284 2627 1341 2678 baec
1367 2625 1514 2693 subjungit:
1532 2641 1561 2678 ea
1580 2627 1638 2677 sunt
1658 2625 1717 2676 vitre

96 2719 236 2771 admodum
256 2727 344 2768 rursus
360 2716 473 2782 agricole
487 2718 517 2767 ad
532 2731 590 2768 enm
609 2716 760 2782 quiplantat
775 2719 888 2783 quandem
933 2733 1037 2786 genera;
1051 2719 1123 2784 primi
1133 2717 1174 2770 dei
1187 2718 1312 2781 alterum,
1327 2717 1435 2768 alterum
1451 2716 1560 2768 secundi.
1594 2716 1717 2766 Nimirum

97 2809 190 2862 relatio
199 2809 238 2859 est
253 2826 260 2858 ε
274 2806 311 2857 εἰσ
322 2805 464 2871 planedeus
474 2807 569 2871 primus
583 2805 616 2857 ad
630 2805 743 2871 opificem
758 2805 834 2858 deum
846 2821 887 2859 re-
932 2808 1097 2874 primusdeus
1117 2819 1181 2858 unus
1193 2806 1308 2870 idemque
1323 2807 1470 2872 perronna:
1490 2807 1577 2858 contra
1593 2805 1717 2856 secundus

98 2900 194 2951 fertur,
226 2898 288 2947 Item
299 2895 394 2961 primus
403 2894 606 2960 quidem,qunm
615 2895 696 2946 omnis
705 2896 794 2946 anime
804 2909 888 2948 semen
933 2897 1037 2950 subinde
1052 2896 1145 2948 nrorerl
1159 2897 1229 2948 solet.
1264 2898 1345 2961 Atque
1364 2896 1407 2948 ille
1424 2895 1525 2960 quidem
1539 2896 1563 2946 in
1582 2895 1656 2946 rebus
1669 2895 1717 2945 snb

99 2987 150 3049 sit,
159 2987 276 3038 universe
284 2984 327 3036 ille
341 2983 453 3046 seminat,
468 2997 524 3047 qnae
534 2983 559 3034 iu
572 2985 668 3035 naturae
680 2997 733 3034 suae
745 2985 888 3036 societatem
932 2988 1117 3052 intelligentiam
1130 2986 1285 3048 cedentibus,
1304 2987 1344 3036 bic
1353 2985 1379 3036 in
1392 2985 1583 3050 intelligibilibus
1596 2988 1621 3036 ct
1638 2985 1718 3035 seusi-

99 3075 237 3137 aaronem
255 3077 352 3126 atvero
369 3072 528 3136 legumlator
545 3073 644 3136 quaeab
665 3071 706 3122 illo
726 3074 890 3137 proseminsta
933 3077 1023 3130 bilibus
1034 3081 1157 3129 versetur.
1190 3077 1245 3129 Noli
1262 3079 1345 3128 autem
1365 3076 1458 3138 mirari,
1481 3077 1502 3127 si
1515 3077 1563 3127 hoc
1582 3076 1717 3138 dixi5nam

99 3167 163 3218 sunt
173 3165 260 3215 inserit
272 3163 325 3228 ipse
345 3175 374 3213 ac
387 3161 489 3225 dividit,
510 3163 585 3224 atque
601 3161 625 3210 iu
642 3163 753 3212 nostrum
766 3175 890 3228 quemque
933 3168 1100 3220 multoetism
1119 3167 1255 3219 mirabilius
1274 3171 1327 3229 est,
1346 3168 1413 3232 quod
1431 3167 1524 3218 audies,
1556 3169 1651 3234 Quippe
1665 3167 1718 3218 loco

98 3255 275 3319 transplantet.
309 3252 424 3316 Atquein
437 3251 597 3316 sequentibus
610 3263 706 3312 rursus,
717 3251 777 3301 dum
789 3251 889 3316 quaerit,
934 3259 1017 3308 motus
1037 3257 1107 3321 ejus,
1126 3270 1176 3321 quo
1194 3257 1318 3308 secundus
1334 3256 1427 3320 cietur,
1446 3257 1554 3321 quietem
1567 3257 1639 3320 primi
1660 3271 1716 3320 pro·

98 3359 153 3411 qua
166 3343 261 3396 ratione
271 3356 286 3393 a
297 3341 376 3406 prim⁰
387 3340 508 3406 principio
518 3341 652 3391 secundum
663 3340 768 3404 oriatur,
781 3341 817 3391 ita
827 3342 889 3390 scri·
934 3345 1010 3410 priam
1022 3344 1131 3396 nativam
1143 3343 1267 3410 quandem
1281 3345 1413 3396 motionem
1422 3359 1476 3396 esse
1490 3345 1605 3404 delendo,
1625 3358 1718 3410 exque

100 3437 141 3489 bit
157 3453 163 3484 ι
177 3445 333 3500 quaeeunque
349 3434 481 3496 postquam
501 3429 591 3481 donate
608 3430 715 3492 luerint,
732 3430 768 3480 sic
787 3429 819 3480 ad
833 3443 889 3481 eom
934 3433 1019 3486 mnndi
1038 3433 1100 3484 ordo
1112 3447 1142 3484 ac
1160 3434 1309 3497 sempiterna
1326 3434 1462 3485 constantia
1479 3437 1504 3485 et
1524 3433 1680 3484 incolumitas
1694 3433 1719 3483 in

99 3525 148 3591 qui
157 3522 249 3588 accipit
260 3519 432 3584 traducuntur,
448 3523 478 3570 1¹5
491 3519 523 3570 εἰ)
540 3533 570 3570 0⁰
590 3519 632 3585 qui
650 3518 745 3571 dederit
758 3520 890 3584 sejungim-
935 3538 1018 3576 rerum
1031 3523 1391 3576 ordrersitatemditlundstur.
1424 3525 1484 3576 Post
1496 3525 1551 3576 brec
1563 3524 1636 3575 etiam
1656 3523 1719 3575 libro

97 3618 154 3677 tur,
172 3609 279 3675 exempli
292 3609 370 3674 pretia
382 3609 492 3672 curatio,
511 3609 619 3670 divitie&
635 3611 763 3673 argenium
775 3607 890 3660 ssaelalum
936 3615 1006 3665 sexto
1029 3613 1227 3679 praecedentibus
1250 3614 1298 3665 alia
1316 3613 1434 3677 adjiciens
1452 3614 1488 3664 ita
1507 3613 1592 3664 scribit
1614 3629 1620 3659 ε
1642 3627 1720 3676 quom

99 3705 148 3755 aut
164 3701 307 3766 signatum:
323 3712 352 3750 νῦ
366 3699 448 3749 munia
456 3698 571 3749 mortalia
584 3699 644 3748 Μυῒ
657 3699 684 3749 et
696 3697 813 3748 humanu·
859 3699 892 3748 At
936 3704 1007 3754 Plato
1019 3703 1094 3754 sciret
1105 3703 1184 3755 solum
1197 3703 1309 3768 opitioem
1319 3702 1394 3754 deum
1406 3705 1492 3753 notum
1504 3701 1646 3752 bominibus
1655 3715 1718 3763 esse,

101 3788 542 3852 divinasuntejusmodi‚queoum
556 3786 654 3838 aliisita
668 3787 890 3848 communicentur,
937 3794 962 3844 at
983 3793 1090 3857 primum
1111 3791 1195 3854 illum,
1213 3791 1257 3856 qui
1281 3791 1370 3841 mentis
1395 3791 1493 3841 nomine
1511 3791 1656 3854 appellatur,
1677 3803 1720 3839 eos

102 3885 224 3944 utusque
235 3881 367 3946 postquam
386 3877 445 3928 binc
463 3877 522 3928 illoc
534 3877 721 3940 commearunt,
739 3877 797 3928 irinc
809 3879 893 3928 tamen
936 3881 1035 3946 penitus
1057 3879 1147 3942 latere,
1170 3879 1263 3930 idcirco
1284 3878 1332 3929 boc
1351 3878 1469 3928 orationis
1488 3890 1565 3942 genus
1593 3875 1719 3939 adhibuit,

103 3970 277 4032 abscesserint,
291 3969 318 4019 et
334 3967 392 4018 illuc
410 3966 518 4031 protecta
532 3967 568 4017 sic
580 3979 636 4016 eum
647 3967 736 4031 jurent
760 3965 803 4030 qni
819 3979 891 4016 accc·
936 3969 1037 4036 perinde
1051 3982 1081 4020 ec
1092 3968 1113 4018 si
1123 3969 1178 4034 quis
1188 3966 1289 4019 buncln
1301 3967 1403 4018 modum
1416 3967 1574 4034 loqueretur:
1585 3979 1660 4030 quam
1676 3979 1720 4017 ros

105 4062 186 4128 perit,
197 4063 226 4111 ut
242 4059 265 4112 ei
275 4059 318 4124 qui
335 4057 431 4109 dederit
442 4071 490 4108 non
500 4059 612 4117 noceant,
626 4056 702 4107 immo
712 4055 807 4121 prosint
815 4054 891 4106 ctiam
937 4063 1047 4111 mentem
1065 4057 1177 4109 homines
1191 4070 1246 4108 esse
1262 4055 1395 4121 conjicitis,
1409 4069 1438 4106 ea
1455 4055 1556 4119 quidem
1573 4055 1653 4120 prime
1672 4069 1721 4106 non

105 4165 193 4205 eorum
210 4149 333 4215 quoiam
348 4149 405 4200 ante
421 4150 524 4199 noverat
538 4146 715 4198 recordatione.
749 4145 893 4209 Gujnsrnorll
937 4146 1171 4213 cst,sedentiqnior
1180 4146 1258 4197 altere
1268 4144 1383 4210 quaedam
1393 4147 1431 4194 est
1439 4147 1513 4207 utque
1524 4141 1638 4196 divinior.
1648 4143 1721 4195 item·

105 4256 165 4294 sane
183 4239 291 4292 liberalis
307 4237 419 4289 doctrine
432 4242 480 4302 est,
497 4251 538 4290 res
550 4237 620 4303 plane
639 4236 768 4302 singularis
783 4240 808 4288 et
828 4249 892 4302 pree-
938 4251 988 4304 (pne
1010 4235 1130 4287 nonnullis
1152 4232 1302 4298 interpositis
1322 4231 1358 4282 ait
1377 4231 1547 4296 :gubernator
1571 4230 1623 4284 tere
1640 4230 1723 4282 medlo

107 4334 191 4394 stans,
204 4343 261 4395 que
275 4341 353 4394 quum
369 4327 501 4393 accipienti
519 4327 651 4380 utilitatem
665 4325 763 4388 atterat,
777 4328 801 4376 ei
812 4329 893 4376 tamen
939 4329 1001 4382 mari
1014 4327 1131 4394 iactatus,
1148 4325 1220 4376 claro
1233 4323 1334 4388 quidem
1356 4321 1470 4373 sublimis
1491 4320 1614 4380 insidens,
1634 4330 1722 4372 narem

106 4421 151 4486 qui
160 4419 256 4472 dederit
268 4432 316 4470 non
328 4417 442 4482 eripitur.
475 4420 536 4468 llam
546 4415 754 4481 quemadmodum
765 4415 892 4466 lucernam
938 4418 1110 4486 gubernaculis
1120 4416 1221 4481 dirigit:
1236 4429 1322 4468 rerum
1334 4414 1419 4467 oculos
1433 4414 1506 4466 simul
1521 4414 1595 4478 atque
1610 4413 1720 4465 animum

106 4523 164 4564 carn
183 4508 261 4570 rides,
282 4521 338 4573 que
360 4520 462 4559 accensa
478 4507 510 4560 ab
523 4506 601 4558 altera
621 4505 710 4569 tuerit,
725 4505 810 4556 lumen
834 4504 893 4557 illud
939 4511 1006 4560 recta
1019 4505 1168 4558 inertiorem
1182 4504 1370 4568 coelestem,qoi
1384 4502 1629 4562 ethernominatur,
1642 4501 1722 4551 inten-

106 4597 245 4660 oontinere,
259 4597 326 4664 quod
347 4597 424 4664 priori
437 4609 487 4647 non
504 4595 637 4658 ademerit,
654 4595 698 4648 sed
716 4596 832 4659 tuntum,
845 4609 894 4660 qna
940 4599 992 4649 tum
1015 4595 1174 4658 delirumque
1198 4595 1281 4654 tenet,
1299 4605 1421 4658 suumque
1448 4589 1553 4650 bomini,
1579 4589 1639 4639 dum
1661 4587 1723 4638 inira

106 4691 225 4741 instructu
240 4687 292 4753 ipsa
302 4690 341 4738 est
352 4687 469 4748 materia,
482 4684 585 4737 alterius
598 4685 654 4750 igne
666 4697 778 4746 accensa,
791 4697 894 4750 croceusu
940 4699 1007 4738 mare
1018 4683 1124 4751 trajicit,
1134 4684 1181 4736 iter
1191 4696 1266 4749 supra
1277 4696 1322 4748 per
1333 4683 1423 4732 coelum
1439 4679 1577 4730 conticitur.
1601 4679 1640 4728 lta
1648 4677 1722 4727 etiam

107 4779 142 4830 rit
158 4796 165 4828 z
181 4777 338 4842 sleprosectt)
353 4775 474 4841 doctrina,
488 4777 517 4828 ut
531 4775 644 4826 tradetur
657 4774 688 4826 eb
701 4773 787 4836 tilleto,
811 4773 843 4824 ab
856 4775 894 4826 irl-
939 4777 1025 4831 mundi
1043 4776 1134 4842 opifex,
1150 4789 1181 4827 ne
1196 4775 1301 4829 materia
1312 4775 1356 4824 aut
1369 4769 1608 4832 discuteretur‚aut
1619 4780 1723 4831 vagare-

108 4866 316 4932 ίθῐθδθΰῑθῑὸῑῠῐ.
332 4867 418 4920 &dem
429 4867 513 4920 tamen
527 4863 591 4918 etin
604 4862 794 4930 eoquidedetit
810 4865 895 4930 postes
940 4871 990 4932 tur,
1010 4878 1065 4918 eam
1082 4865 1260 4931 temperatione
1279 4877 1329 4914 nou
1347 4861 1428 4914 solum
1449 4857 1589 4922 colligarit,
1603 4853 1649 4908 sed
1670 4855 1722 4921 ipsc

108 4959 233 5020 remanet,
253 4956 316 5007 etin
336 4969 366 5007 eo
382 4955 578 5022 quiarceperit,
592 4955 645 5020 ipss
660 4955 732 5006 inest.
768 4953 845 5017 Cuius
860 4955 895 5005 lei
941 4958 1015 5010 etiem
1028 4955 1066 5020 ei,
1080 4954 1239 5020 quomodoin
1255 4951 1318 5003 mari
1332 4948 1444 5012 navigio,
1457 4947 1493 4996 sic
1503 4945 1603 5008 insidet,
1616 4947 1645 4995 ut
1658 4946 1724 4994 tem·

108 5059 199 5108 ausa,
211 5060 227 5096 o
241 5047 347 5113 bospcs,
369 5045 431 5098 nibil
450 5045 555 5097 humaui
574 5047 630 5107 est;
647 5044 692 5095 sed
712 5043 780 5108 quod
797 5044 896 5095 allectio
940 5047 1093 5112 perationem
1104 5059 1175 5096 suam
1190 5043 1268 5106 ideis,
1284 5039 1356 5106 quasi
1372 5033 1544 5101 gubernaculis
1558 5031 1723 5098 quibusdam.

108 5137 151 5190 illa
164 5139 239 5202 atque
251 5137 347 5188 nature
360 5135 461 5186 habitus
475 5133 591 5186 doctrina
604 5132 725 5199 preditus
735 5132 801 5184 idern
812 5133 838 5184 in
850 5134 897 5184 deo
941 5135 1083 5187 moderetur
1100 5154 1106 5186 ι
1124 5132 1228 5196 celique
1254 5129 1308 5180 looo
1332 5124 1483 5192 superiorem
1506 5124 1531 5175 in
1550 5121 1625 5174 deum
1648 5121 1726 5188 ipsius

109 5229 164 5290 est,
178 5224 322 5296 quiescit,
339 5225 503 5291 atqueiume
519 5224 593 5286 ctte,
610 5224 813 5288 quiscecpimus.
847 5223 897 5274 lta·
941 5223 1026 5274 neruos
1044 5223 1069 5274 iu
1086 5235 1113 5274 se
1138 5219 1321 5271 convertentem
1340 5215 1461 5276 intuitus,
1477 5226 1506 5265 er
1520 5211 1725 5278 contemplatione

110 5310 243 5380 quePlsto
257 5314 402 5380 sapientiem
416 5314 448 5366 ud
458 5313 571 5368 homiues
589 5327 638 5367 uua
657 5327 715 5366 curn
732 5313 788 5379 igue
808 5312 896 5365 elaris·
941 5312 1072 5378 iudicandi
1089 5311 1140 5362 rim
1152 5312 1226 5378 etque
1238 5321 1270 5362 ex
1289 5319 1334 5359 suu
1354 5304 1476 5358 desiderio
1495 5303 1685 5388 propensionem
1701 5308 1727 5354 et
