3958 5942
249 371 311 430 uui
765 363 918 428 EUDEMI
940 363 1074 428 innomi
1096 363 1363 427 PuiuPniuuui

243 503 290 564 ed.
304 503 427 561 Beiier.
442 500 613 578 Simplicius
634 501 686 562 soi.
709 509 779 577 κρῖ..
795 501 827 562 b.
846 501 900 578 ici.
916 501 1025 562 scholi.
1076 506 1102 561 ἐν
1116 504 1155 582 τῷ
1169 499 1242 580 μίσῳ
1257 497 1342 578 λέγειν
1356 497 1459 560 ἐδόκουν
1471 501 1549 580 αὐτό,
1561 503 1605 564 καί
1617 510 1688 563 τοῦτο
1698 511 1820 586 προσθεῖναι

244 595 276 651 in
298 591 419 650 Aiistot.
436 610 466 669 p.
491 599 556 660 440.
573 610 601 650 a.
619 590 666 650 ed.
691 590 837 668 Brundis.)
855 589 938 660 δείξας
953 593 1026 668 πρῶ·
1075 589 1204 668 τοῖςπερὶ
1226 593 1271 646 τοῦ
1287 591 1418 656 κινοῦντος
1437 589 1525 669 λόγοις
1540 593 1701 671 ἐδοκίμασεν,
1715 597 1755 655 καῖ
1769 601 1822 676 λέγιι

243 703 300 753 τον,
317 677 357 738 ὅτι
370 677 425 736 ἔστι
435 677 535 750 κίνησις
547 677 596 752 ἀεί,
612 681 656 737 καί
671 677 730 736 οὕτε
745 677 835 758 γέγονέ
849 702 912 738 ποτε
927 679 1028 749 κίνησις
1075 679 1116 737 ὅτι
1134 677 1237 756 ἀνάγκη
1259 675 1322 736 αύτδ
1346 681 1371 737 ἐν
1392 682 1425 759 τῇ
1449 680 1520 760 ἀρχῇ
1546 670 1615 740 εἶναι
1630 686 1674 742 τοῦ
1687 689 1821 762 κινουμένου,

244 767 370 848 πρότερον
385 763 422 842 μὴ
437 756 512 839 eico,
526 763 584 824 ούτε
598 763 730 846 φθείρεταί
739 789 815 841 ποτε,
829 764 897 824 ὥστε
912 765 949 842 μὴ
961 756 1027 825 εἶναι
1076 762 1141 844 όπερ
1166 765 1326 844 κυριώτατόν
1347 767 1428 830 ἐστιν.
1472 769 1526 828 Δύο
1548 769 1576 829 δέ
1591 771 1669 851 ἀρχαί
1689 773 1744 832 τίσιν
1763 777 1783 832 ἐν
1799 782 1823 858 τῇ

245 856 364 929 κίνησιν,
386 845 442 914 εἶτα
466 853 556 936 ἐφεξῆς
581 853 673 928 δείξας,
698 855 736 913 ότι
761 855 790 912 τὸ
810 855 921 934 πρώτως
940 859 1027 914 κινοῦν
1075 854 1187 936 σφαίρορ,
1203 855 1233 914 τύ
1245 879 1274 914 τε
1287 855 1364 932 μέσον
1379 856 1425 916 καί
1443 856 1471 916 τδ
1485 858 1574 939 πέριξ·
1589 861 1688 938 ἀνάγκη
1707 853 1745 920 οῦν
1762 888 1822 942 φησιν

245 947 304 1004 καθ’
329 941 441 1015 ἑκάστην
465 941 578 1014 κίνησιν,
602 945 637 1008 u<
661 945 674 999 ό
691 941 815 1018 Εὔδημος
837 943 1025 1022 προστίθησιν,
1078 945 1104 1002 ἐν
1119 942 1218 1004 τούτων
1236 943 1287 1002 τινί
1305 934 1371 1002 εἶναι
1386 943 1416 1004 τδ
1430 951 1527 1009 κινοῦν.
1572 945 1641 1006 Ἀλλ’
1656 950 1738 1022 ἐπιιδή
1755 951 1778 1009 zi
1789 954 1822 1028 ίγ-

245 1032 369 1104 ἀκίνητον
389 1020 455 1090 εἶναι
476 1027 529 1110 χρὴ
544 1030 589 1088 καί
611 1033 671 1090 καθ’
688 1032 751 1090 αὑτὸ
768 1031 813 1089 καὶ
833 1029 902 1090 κατόι
925 1029 1026 1107 συμύι-
1078 1032 1179 1110 γύτατα
1189 1039 1235 1092 τοῦ
1250 1038 1379 1100 κινοῦντος
1390 1034 1502 1115 τάχιστα
1515 1038 1618 1113 μᾶλλον
1630 1046 1741 1112 κινεῖται,
1751 1050 1823 1118 ταχεῖα

246 1118 337 1194 ύηκός,
355 1111 420 1178 εἶναι
436 1117 464 1177 δὲ
480 1119 525 1177 καί
542 1114 624 1178 ἀΐδιον
641 1121 676 1186 ὡς
694 1118 779 1178 ἀϊδίου
792 1119 920 1190 κινήσεως
935 1118 1027 1193 αἴτιον,
1079 1124 1107 1182 δὲ
1129 1129 1146 1195 ἡ
1170 1129 1215 1182 τοῦ
1232 1123 1328 1183 κύκλου
1347 1125 1405 1202 (ai.
1424 1123 1501 1204 όλου)
1523 1125 1637 1198 κίνησις,
1652 1131 1718 1187 τοῦτ’
1732 1127 1778 1188 ἐστι
1791 1136 1825 1201 τῆς

245 1208 348 1287 ἀνάγκη
375 1198 444 1266 εἶναί
463 1231 528 1288 φησι
549 1208 580 1267 τὸ
605 1209 715 1290 πρώτως
738 1207 888 1286 κινούμενον
912 1209 963 1270 ὑπὸ
982 1216 1028 1270 τοῦ
1078 1213 1259 1294 περιφερείας,
1276 1214 1331 1272 ἐκεῖ
1345 1212 1375 1272 τδ
1396 1219 1482 1273 κινοῦν
1503 1213 1545 1286 είη
1563 1215 1607 1275 ἀν.
1649 1216 1687 1275 Ti
1706 1215 1749 1297 γάρ
1766 1219 1824 1292 μέσον

246 1297 369 1370 ἀκινήτου
386 1297 431 1356 καί
448 1297 533 1356 ἀϊδίου
549 1303 683 1370 κινητικοῦ
699 1295 780 1357 ἀίδιον
803 1297 847 1356 καί
864 1296 927 1356 αὐτὸ
947 1287 1028 1356 εἶναι·
1079 1302 1200 1374 ἀκίνητον
1218 1299 1245 1361 δν
1267 1303 1296 1360 οὐ
1320 1304 1392 1360 δοκεῖ
1412 1302 1476 1381 πρὸς
1496 1301 1526 1360 τδ
1552 1308 1637 1362 κινοῦν
1658 1304 1750 1368 σίκιίως
1764 1306 1823 1384 ἔχειν.

248 1384 409 1466 συνυπάρχει
427 1386 478 1466 γδρ
494 1387 616 1458 ἀλλήλοις
630 1387 660 1446 τὸ
674 1393 761 1446 κινοῦν
779 1389 814 1454 ὡς
829 1391 917 1446 κινοῦν
933 1385 979 1446 καί
999 1387 1030 1447 τδ
1079 1389 1115 1450 Ὁ
1132 1390 1159 1449 δὲ
1178 1389 1301 1466 Εὔδημος
1316 1392 1342 1448 ἐν
1360 1393 1399 1470 τῷ
1413 1389 1529 1471 μεγίστῳ
1545 1391 1634 1472 κύκλῳ
1649 1393 1721 1471 φησὶν
1734 1383 1825 1474 εἶναιτῷ

246 1477 397 1554 κινούμενον
413 1481 447 1546 ὡς
461 1477 625 1553 κινούμενον.
668 1476 753 1544 Aizi(
766 1477 793 1538 δέ
805 1477 850 1536 καί
864 1477 948 1548 ἀλλην
962 1475 1028 1536 ἀπό·
1080 1479 1124 1537 δεδι
1147 1481 1198 1538 τῶν
1220 1478 1324 1538 πολων·
1339 1469 1414 1546 οῦτος
1436 1477 1487 1558 γάρ
1509 1481 1624 1559 τάχιστα
1646 1481 1790 1550 κινεῖται,τδ
1807 1481 1825 1538 δέ

248 1565 325 1634 διιξιν
335 1565 429 1626 τούτου
439 1566 604 1648 προστίθησι.
647 1566 745 1626 noim
757 1565 807 1643 γάρ
819 1563 1028 1644 ὁμολογούμενον
1081 1573 1168 1627 κινοῦν
1184 1569 1254 1627 δοκεῖ
1277 1567 1417 1648 ἄρχεσθαι,
1434 1567 1491 1626 ὅθεν
1507 1568 1623 1647 τάχιστα
1638 1567 1668 1626 ἀν
1689 1567 1778 1639 κινήσει
1794 1572 1825 1628 καί

246 1654 277 1714 τδ
294 1646 361 1714 εἶναι
377 1654 478 1732 γένεσιν
494 1655 538 1714 καί
553 1653 650 1736 φθοράν
664 1657 689 1712 ἐν
706 1659 760 1722 τοῖς
775 1645 844 1728 oio,
863 1653 1029 1731 συνημμένον
1082 1661 1178 1736 ῥᾷστα.
1221 1655 1326 1733 Ἀπορεῖ
1341 1654 1369 1714 δέ
1389 1658 1403 1714 ὁ
1418 1653 1588 1735 Ἀλέξανδρος
1609 1655 1653 1714 καί
1665 1656 1722 1734 πρὸς
1734 1655 1773 1726 τήν
1790 1657 1826 1724 ἔξω

247 1763 274 1800 τι
291 1747 408 1802 τοιοῦτον
423 1743 522 1822 ἐπάγει.
565 1745 597 1802 Ei
610 1745 647 1820 μὴ
663 1743 719 1802 ἐστι
739 1767 764 1802 τι
783 1742 864 1802 ἀίδιον
879 1741 1030 1819 κινούμενόν
1080 1743 1246 1826 περιφέρειαν
1262 1743 1307 1802 καί
1321 1743 1386 1822 πρδς
1400 1742 1445 1802 τδν
1462 1742 1588 1822 μέγιστον
1601 1744 1704 1817 κύκλον,
1717 1747 1735 1803 εί
1747 1747 1768 1804 ἐν
1780 1745 1826 1805 τού·

244 1860 275 1898 τι
287 1831 333 1891 καί
346 1838 444 1911 κινοῦν,
457 1831 545 1892 ούκάυ
557 1834 597 1906 εἴη
607 1833 706 1910 γένεσις
721 1834 761 1892 ἀεὶ
776 1835 821 1892 καί
833 1833 926 1914 φθορά.
951 1831 1030 1892 Ἀλλά
1081 1857 1132 1890 των
1150 1832 1232 1910 (ΑΜ.
1249 1830 1348 1910 τούτῳ)
1363 1830 1414 1890 τινί
1428 1834 1483 1891 ἐστι
1499 1831 1530 1891 τὸ
1553 1837 1638 1891 κινοῦν
1654 1831 1734 1906 αἴτιον,
1747 1837 1790 1898 πῶς
1802 1836 1826 1891 ιθ

253 1918 302 1998 μήν
319 1919 376 1980 ἐστι
398 1928 496 1982 ταῦτα·
513 1924 582 1981 ἔστιν
604 1922 659 2005 ἀρα
678 1918 761 1982 ἀίδιόν
778 1946 806 1992 τι
829 1919 981 1998 κινούμενόν
1001 1943 1031 1979 τε
1081 1921 1217 1994 κινήσεται
1243 1917 1313 1979 κατά
1330 1919 1508 1994 συμύεύηκός.
1552 1921 1607 1981 Καὶ
1628 1920 1703 1980 εἰπὼν
1717 1921 1792 1994 ἐκτός,
1809 1924 1825 1980 εί

250 2009 294 2072 καί
310 2009 423 2089 κινοῦν.)
1082 2012 1119 2091 μὴ
1134 2010 1230 2082 ταύτης
1244 2007 1314 2070 κατδι
1328 2013 1387 2076 τοῦς
1401 2009 1499 2077 πόλους
1516 2010 1600 2080 ἐστίν,
1619 2012 1734 2091 ἐπαπορεῖ
1752 2009 1784 2068 ότι
1794 2009 1827 2068 καί

293 2117 329 2156 ει.
352 2095 441 2158 Ἐπεί.
454 2098 475 2157 δ’
499 2099 525 2156 ἐν
548 2105 601 2164 τοῖς
624 2089 696 2156 οῦσιν
721 2097 822 2175 ἀνάγκη
844 2097 944 2168 κίνησιν
966 2087 1032 2156 εἶναι
1082 2101 1126 2160 δύο
1142 2089 1213 2158 οῦτοι
1231 2099 1274 2158 καὶ
1290 2096 1419 2170 ἀκίνητοι,
1432 2097 1616 2176 Ἀριστοτέλης
1633 2099 1658 2158 δέ
1677 2099 1717 2157 καί
1735 2097 1827 2173 Εῦθημύς

252 2188 362 2262 συνεχῆ,
381 2183 448 2258 αῦτη
465 2184 492 2244 δέ
513 2182 561 2261 μία
578 2183 658 2258 ἐστίν,
677 2184 780 2263 ἀνάγκη
795 2183 822 2244 δέ
837 2183 886 2256 τήν
908 2185 970 2262 μίαν
986 2208 1033 2262 με·
1083 2211 1148 2269 ρασι
1168 2187 1198 2246 τὸ
1221 2186 1353 2267 ἐγγυτέρω
1370 2193 1416 2246 τοῦ
1437 2193 1573 2254 κινοῦντος
1593 2188 1702 2268 τάχιστα
1721 2192 1828 2246 κινεῖσθαι.
1915 2215 1916 2270 γ

251 2270 341 2342 γίθοος
354 2271 383 2331 τέ
402 2298 471 2342 τινος
487 2261 555 2332 εἶναι
577 2273 624 2352 (ού
645 2272 695 2352 γδρ
716 2281 828 2334 κινεῖται
848 2273 878 2334 τδ
893 2273 1031 2354 ἀμέγεθες)
1083 2277 1161 2338 Λύων
1177 2274 1204 2335 δέ
1218 2275 1265 2348 τήν
1287 2275 1399 2354 ἀπορίαν
1414 2274 1485 2355 λέγει
1499 2273 1545 2334 ὅτι
1566 2268 1588 2334 εἶ
1603 2265 1648 2354 μὲν
1666 2277 1691 2334 ἐν
1712 2274 1781 2355 μορίῳ
1792 2273 1828 2332 τινί
1915 2305 1916 2310 =

70 2384 117 2392 m·
159 2359 298 2424 ·’··“·’·>ςαὶ
321 2360 377 2431 ένδς
392 2363 438 2422 καῖ
453 2361 495 2444 ὑφ’
519 2361 587 2430 ἑνός·
611 2364 639 2422 οὐ
662 2361 714 2443 γάρ
739 2361 814 2422 ἔσται
838 2364 957 2443 συνεχής,
975 2365 1033 2422 ἀλλ’
1083 2365 1124 2438 εῐη
1138 2369 1185 2436 τῆς
1206 2365 1372 2446 περιφερείας
1393 2369 1440 2437 τῆς
1462 2363 1605 2440 ἐξωτάτω,
1628 2373 1717 2424 κινοῖτο
1737 2363 1762 2423 ἀν
1779 2361 1829 2422 κιτί
1915 2383 1916 2430 3

253 2451 367 2530 ignitior}
383 2453 461 2534 ἑτέρα
476 2451 566 2532 ἐτέρας
577 2450 622 2510 καί
641 2453 800 2532 διῃρημένη.
844 2450 883 2512 Ti
900 2451 932 2524 δὴ
946 2458 1033 2511 κινοῦν
1085 2452 1271 2532 συμύεύηκός,
1293 2452 1415 2531 τῷκατίι
1435 2452 1521 2532 μύριοι
1545 2453 1591 2524 τήν
1609 2453 1704 2524 κίνησιν
1725 2442 1779 2511 εἶναι
1797 2455 1829 2521 τῆς
1915 2507 1916 2524 ,

252 2537 362 2612 oliui,
383 2539 533 2619 κινούμενον
549 2547 614 2600 κινεῖ
634 2536 651 2610 ἢ
668 2540 787 2612 ἀκίνητον
804 2539 844 2600 όν.
889 2541 985 2618 Εἰμίν
1002 2539 1033 2612 δν)
1085 2541 1210 2622 σφαίρας·
1226 2543 1248 2598 τί
1261 2539 1288 2599 δέ
1304 2543 1330 2599 ἐν
1343 2538 1730 2622 πάσῃτῇπεριφερείρ,έσται
1740 2561 1763 2596 τι
1773 2539 1829 2616 ἐντι)
1915 2591 1916 2618 ,

253 2626 419 2706 κινούμενον,
432 2631 630 2690 συνακολουθεῖν
645 2629 734 2702 δεήσει
745 2629 1036 2708 καδσυμμεταύάλλειν
1083 2631 1199 2708 τάχιοτα
1222 2627 1373 2708 φερομένῳ,
1388 2628 1433 2688 καί
1447 2627 1540 2688 ούκίτι
1559 2627 1589 2688 ἀν
1604 2637 1694 2688 κινοῖτο
1706 2625 1765 2686 κατίι
1780 2649 1828 2702 συμ-

253 2716 329 2794 αύτό,
344 2716 402 2796 ἅμα
417 2718 445 2778 δέ
460 2718 586 2777 κινεῖσθαι
602 2716 654 2776 ὑπό
668 2741 751 2786 τινος·
766 2717 834 2777 ὥστε
849 2717 976 2788 στήσεται
991 2719 1043 2777 καῖ·
1084 2715 1205 2790 ἀεύηκύς,
1225 2719 1264 2797 τῷ
1287 2725 1377 2776 πᾶσαν
1402 2715 1450 2790 τήν
1473 2717 1643 2799 περιφέριιαν
1664 2715 1698 2794 μή
1715 2717 1827 2782 κινεῖσθαι,
1915 2729 1916 2732 ’

251 2805 311 2876 ἥξει
330 2808 366 2873 τίς
380 2805 411 2864 τδ
430 2809 558 2866 κινεῖσθαι
570 2803 621 2865 ini
643 2806 779 2878 ἀκινήτου.
823 2809 909 2867 Τοῦτο
923 2805 974 2887 γάρ
989 2809 1036 2868 οῦκ
1084 2803 1151 2884 μηδὲ
1174 2795 1316 2864 ἀλλάσσειν
1331 2804 1376 2864 τὸν
1391 2805 1480 2878 τόπον,
1502 2809 1566 2866 ἀλλ’
1590 2808 1617 2864 ἐν
1638 2807 1672 2886 τῷ
1690 2806 1752 2883 αὐτῷ
1765 2800 1828 2878 μένειν

256 2893 357 2972 ἀνάγκη
371 2892 612 2972 αυμμεταύοίλλειν,
628 2893 686 2953 ἀλλ’
701 2896 742 2954 ἀεί
757 2919 785 2954 τε
798 2894 939 2967 δυνήσεται
952 2897 1034 2956 κινεῖν
1084 2895 1135 2954 ἀεί.
1183 2893 1315 2975 Ἔγκρίνιι
1332 2885 1376 2954 οῦν
1390 2885 1459 2954 εἶναι
1475 2896 1544 2955 αθτδ
1559 2899 1584 2956 ἐν
1601 2894 1711 2974 πάσῃτῇ
1726 2897 1765 2962 τῆς
1775 2888 1828 2953 inni<
1915 2911 1916 2914 ’

261 2980 371 3060 (ἄπονον
385 2982 436 3062 γάρ
451 2981 482 3042 τδ
496 2982 563 3042 ούτω
580 2985 674 3063 κινεῖν)
692 2983 737 3043 καῖ
752 2984 854 3062 ὁμαλής
869 2984 936 3056 αῦτη
955 2990 972 3058 ἡ
995 2985 1036 3046 κί·
1084 2985 1199 3067 σφαίρας
1207 2982 1373 3066 περιφερείορ’
1386 2983 1454 3044 ούτιυ
1465 2984 1535 3066 γάρ,
1548 2985 1634 3066 φησίν,
1647 2985 1715 3042 ἐσται
1726 2978 1827 3057 ἐγγυτάτω

256 3093 330 3148 γησις
350 3069 368 3143 ἣ
385 3069 451 3149 μόνη
469 3070 487 3142 ἢ
503 3070 634 3150 μάλιστα·
655 3075 684 3132 ού
705 3073 757 3154 γάρ
772 3074 828 3154 ἔχει
843 3073 992 3150 μεταὸολὴν
1008 3073 1038 3134 τδ
1084 3081 1129 3134 τοῦ
1144 3073 1260 3153 τάχιστα
1274 3073 1429 3150 κινουμένου
1444 3074 1488 3133 καί
1503 3076 1545 3151 μὴ
1563 3075 1629 3134 κατὰ
1646 3068 1789 3150 συμύεύηκῦι
1799 3089 1826 3123 θ’

258 3165 344 3221 κινοῦν
362 3160 497 3236 οὐδεμίαν.
539 3167 587 3222 Δεῖ
611 3163 639 3222 δέ
663 3163 721 3222 οῦδὲ
744 3163 774 3222 τὸ
797 3162 948 3240 κινούμενον
969 3161 1038 3241 πρδς
1088 3163 1211 3240 νούμενον
1226 3161 1271 3221 καί
1286 3160 1332 3232 τήν
1352 3161 1433 3232 αὐτὴν
1455 3162 1495 3220 ἀεὶ
1518 3163 1610 3243 σχέσιν
1628 3162 1684 3240 ἔχον
1699 3155 1826 3238 πρδςτδκι·

258 3247 357 3311 ἐκείνου
386 3249 456 3329 ἔχειν
486 3249 646 3328 μεταύολήν,
671 3249 715 3308 ἵνα
738 3251 817 3327 ὁμοία
839 3241 857 3330 ᾖ
883 3254 899 3322 ἡ
926 3249 1037 3323 κίνησις.
1084 3251 1209 3328 νούμενον
1232 3251 1277 3310 ἀπ’
1294 3251 1393 3326 αὐτοῦ,
1415 3249 1454 3308 διδ
1470 3251 1517 3310 καί
1534 3250 1627 3328 ὁμοίαν
1644 3250 1682 3308 οῖεί
1699 3248 1783 3316 κίνησιν
1799 3266 1827 3298 κι-

261 3331 373 3416 Ἇνάγκη
394 3336 426 3410 δι)
447 3337 507 3409 ἢέν
522 3337 627 3418 μίσῳῆ
646 3339 672 3396 ἐν
687 3337 778 3420 κύκλῳ
798 3329 878 3398 εἶναι·
896 3329 974 3398 αύται
989 3337 1039 3417 γάρ
1085 3339 1170 3410 νήσει.
1215 3341 1310 3398 Ταῦτα
1334 3336 1469 3416 ἠπόρησεν
1491 3341 1505 3396 ὁ
1531 3337 1692 3416 ’ἀλέξανδρος
1706 3333 1746 3394 καί
1761 3331 1826 3390 nom

263 3427 292 3484 αἱ
306 3423 399 3507 ἀρχαί.
443 3423 524 3486 ’iiii
539 3427 656 3506 τάχιστα
671 3427 781 3486 κινεῖται
797 3424 830 3486 τά
845 3425 977 3506 ἐγγύτατα
993 3431 1039 3486 τοῦ
1086 3426 1182 3504 σῦτως,
1210 3425 1296 3486 καίτοι
1319 3425 1443 3506 πρότερον
1467 3427 1558 3495 καλῶς
1582 3424 1677 3498 εἰπών,
1697 3423 1732 3483 ότι
1748 3422 1786 3497 οὐχ
1803 3419 1828 3478 ὣς
1915 3419 1916 3472 ί

259 3517 400 3582 κινοῦντος.
444 3513 563 3587 Τοιαύτη
577 3514 630 3588 δί)
647 3520 692 3574 τοῦ
706 3513 768 3574 όλου
783 3514 899 3588 κίνησις·
918 3517 974 3575 ἐκεῖ
989 3515 1040 3596 άρα
1085 3517 1164 3576 τόπον
1198 3514 1257 3574 τινά
1291 3515 1447 3593 κατέχοντος
1477 3519 1525 3573 τοῦ
1553 3521 1678 3580 κινοῦντος
1707 3504 1827 3570 ἀκουστέον·

257 3597 289 3661 τδ
309 3607 409 3664 κινοῦν.
1088 3603 1183 3685 ἀμερές
1196 3604 1247 3684 γάρ
1265 3603 1382 3682 ἐδείχθη,
1400 3601 1457 3661 ἀλλ’
1470 3600 1532 3662 οῦδὲ
1546 3607 1582 3670 ὡς
1598 3601 1677 3668 είδους
1690 3599 1753 3663 ὄντος
1764 3597 1798 3652 τοῦ
1809 3593 1827 3647 ἐν

304 3685 484 3768 (Αήεῑοῖείεε
496 3693 588 3772 Phys.
603 3694 657 3755 iib.
675 3693 821 3773 Ἡδίστην.
839 3715 874 3752 10
889 3717 908 3774 p
930 3698 998 3768 267.
1011 3715 1037 3757 a.
1086 3684 1107 3774 ᾧ
1123 3695 1209 3768 ἐστιν,
1225 3695 1283 3753 ἀλλ’
1300 3695 1334 3758 ὡς
1350 3691 1437 3757 οὐσίας
1454 3691 1599 3768 ἀσωμάτου
1615 3693 1691 3760 αὐτῆς
1707 3683 1757 3745 καθ’
1770 3677 1827 3748 uitii
1915 3711 1916 3736 ι

265 3801 294 3840 21
308 3781 355 3840 ed.
367 3781 491 3842 nemer.
510 3783 563 3860 (cf.
579 3782 689 3842 scholi.
702 3785 732 3842 in
747 3783 870 3845 Aristot.
883 3805 915 3863 p.
928 3785 997 3852 453.
1014 3804 1039 3844 ο.
1086 3785 1113 3843 ἐν
1135 3781 1222 3860 οῦσίρ.
1268 3780 1326 3842 Κάν
1343 3778 1395 3860 γὰρ
1411 3778 1551 3862 ἔμψυχον,
1568 3779 1662 3860 φησίν,
1677 3775 1702 3836 δν
1715 3775 1741 3834 τὸ
1759 3769 1827 3830 nuo·
1915 3841 1916 3844 γ

259 3869 305 3936 ed.
327 3869 567 3950 hundinisheim
593 3871 683 3932 ύιιοῖύν
698 3872 753 3932 ἐστί
776 3871 807 3932 τδ
821 3871 931 3953 πρώτως
955 3877 1040 3932 κινοῦν
1087 3869 1226 3951 φορητικδν
1248 3873 1326 3945 σῶμα
1344 3873 1450 3940 κινῆται
1473 3868 1545 3927 κατὰ
1560 3867 1607 3940 τὴν
1622 3871 1647 3927 ἐν
1670 3865 1735 3942 αὐτῷ
1753 3854 1827 3960 ψυχά),
1915 3871 1916 3888 ³

258 3957 304 4018 καί
329 3957 360 4016 τῦ
387 3959 539 4034 κινούμενον
564 3958 613 4032 τήν
641 3959 723 4020 ἀίδιον
752 3959 874 4035 κίνησιν,
899 3959 944 4019 καί
971 3959 1041 4028 ὅπως
1087 3960 1155 4020 ἀλλά
1170 3959 1215 4018 καί
1238 3957 1318 4017 ἀλλου
1334 3957 1402 4026 τινὸς
1417 3956 1517 4028 δεῖτήν
1533 3957 1618 4038 ἀρχὴν
1635 3957 1702 4033 αύτῷ
1721 3955 1760 4021 τῆς
1775 3965 1827 4010 nui·
1915 3979 1916 3986 ¹

256 4049 353 4122 ἔχοντα
366 4045 431 4125 πρδς
443 4047 555 4121 ἄλληλα,
571 4047 660 4119 ἐπειδὴ
672 4051 758 4120 ζητεῖν
771 4047 827 4115 ἔθος
841 4038 885 4122 ἧν,
899 4051 934 4115 ὡς
947 4047 1040 4123 ἔοικεν,
1087 4071 1152 4116 σεως
1166 4045 1340 4127 παρέχοντος·
1357 4045 1401 4104 ἐπί
1413 4045 1520 4105 πάντων
1536 4044 1587 4124 γδιρ
1601 4046 1651 4102 τῶν
1665 4037 1776 4120 ἐμψύχων
1786 4031 1828 4096 liu
1915 4099 1916 4112 ,

259 4137 309 4192 ποῦ
324 4131 353 4191 τδ
369 4137 457 4194 κινοῦν
471 4133 516 4192 τὸν
528 4135 636 4214 οὐρανόν
652 4140 717 4209 ἐστι,
734 4135 779 4195 καὶ
795 4135 850 4213 οἵγε
866 4135 1041 4216 Πυθαγόρειοι
1087 4135 1129 4196 θέν
1143 4159 1169 4194 τι
1184 4135 1212 4196 ἀν
1228 4134 1310 4195 αἴτιον
1330 4137 1416 4202 αὐτοῖς
1429 4135 1474 4194 καί
1487 4134 1558 4214 ἀρχὴ
1570 4133 1668 4214 γίνεται
1680 4135 1722 4202 τῆς
1734 4122 1829 4194 κινήσειν
1915 4141 1916 4148 “

261 4257 1823 4296 -ι-ιιι---------...........-......,..,......,..-.......-......--.-----ι---·-·-·’“’1
1915 4291 1916 4296 ,

259 4353 323 4405 illud
342 4353 410 4420 quod
431 4355 463 4406 ob
480 4367 508 4406 oo
520 4355 628 4419 primum
646 4359 761 4406 movetur
777 4360 925 4421 perpetuum
936 4373 990 4409 osse
1001 4374 1043 4412 ne·
1088 4363 1164 4426 atquo
1183 4359 1211 4411 id
1234 4361 1406 4424 σοαεοηιιοίυτ,
1427 4359 1457 4407 ui
1474 4359 1605 4408 moventur
1623 4354 1655 4404 ab
1667 4346 1779 4403 immobili.
1792 4341 1830 4390 ΗΝ

259 4447 386 4498 oeosoost.
1087 4449 1154 4500 onim
1174 4461 1224 4499 non
1232 4461 1333 4499 necesse
1344 4449 1382 4498 oui
1396 4445 1471 4497 simul
1489 4445 1595 4504 mutari,
1611 4443 1654 4495 oud
1663 4437 1746 4506 μοίοιίῑ
1759 4437 1830 4491 simii
1915 4451 1916 4520 }

291 4540 330 4588 ui.
348 4533 469 4594 Quoniam
482 4538 566 4586 autem
586 4535 612 4585 in
629 4534 660 4586 iis
674 4548 731 4602 qum
754 4538 825 4596 suni,
840 4535 973 4589 continuus
986 4551 1043 4590 mo-
1086 4533 1289 4600 moveroiiooile
1300 4533 1366 4585 onim
1377 4535 1428 4592 est.
1445 4531 1493 4583 hoo
1506 4535 1579 4597 μιαιο
1591 4521 1778 4590 movemiothic
1789 4525 1830 4565 1⁰1>
1915 4537 1916 4588 1

259 4629 303 4677 tuo
322 4625 460 4678 necessario
476 4624 554 4687 inest,
567 4625 610 4676 hio
629 4639 689 4676 vem
706 4629 745 4678 esi
758 4641 836 4688 uuus,
849 4641 928 4680 unum
946 4631 1044 4680 muium
1087 4626 1184 4674 tusam
1200 4623 1268 4674 solus
1281 4625 1325 4673 aui
1340 4622 1448 4674 maxime
1461 4619 1641 4685 euinqunbilin
1656 4633 1663 4667 ε
1679 4597 1829 4699 nominoio!
1915 4667 1916 4694 γ

259 4715 436 4780 magnitudinis
454 4715 592 4781 cujuspiam
608 4729 663 4767 esse
680 4729 780 4768 necessu
800 4719 838 4768 ost
848 4717 913 4782 (non
931 4718 997 4769 enim
1017 4717 1044 4770 id
1087 4715 1183 4772 movet,
1196 4712 1290 4763 nulium
1301 4711 1377 4761 habet
1387 4709 1559 4762 mutationem.
1571 4685 1830 4772 oporietverouinuil
1915 4733 1916 4758 ,

260 4807 382 4866 noveno,
398 4804 465 4870 quod
479 4805 649 4870 magnitudine
663 4809 744 4868 curet)
766 4809 791 4858 et
808 4807 948 4860 uniusmso
968 4810 1045 4874 siquo
1087 4801 1154 4868 quod
1173 4803 1206 4853 ob
1230 4801 1274 4852 illo
1293 4803 1416 4859 movetur,
1435 4803 1464 4849 ut
1487 4801 1571 4850 molus
1595 4797 1628 4847 sii
1652 4791 1741 4846 similis.
1760 4779 1830 4876 nullon

261 4893 293 4945 ob
309 4909 378 4944 uno:
395 4894 487 4960 alioqui
502 4895 633 4946 continuus
643 4909 693 4946 non
705 4897 766 4956 erit,
782 4895 826 4947 oud
840 4895 970 4948 adiutem
981 4897 1044 4948 nlius
1088 4891 1180 4944 habero
1193 4890 1366 4942 mutationem.
1385 4889 1461 4954 niqui
1481 4886 1544 4938 illud
1564 4889 1608 4937 out
1625 4885 1650 4935 in
1665 4878 1750 4934 modio,
1767 4871 1831 4923 inin

262 4978 305 5030 alii
316 4993 345 5030 oo
360 4979 464 5034 divisus.
478 4981 508 5032 ld
517 4995 590 5046 porro
606 4981 675 5048 quod
687 4985 786 5042 movet,
806 4983 828 5033 si
845 4997 925 5038 unum
935 4986 985 5042 est,
1000 4986 1044 5034 oui
1087 4979 1180 5031 circulo
1194 4993 1247 5031 esso
1263 4991 1363 5030 ιιεοοειε
1376 4980 1414 5031 est
1426 4994 1432 5028 ι
1445 4978 1500 5028 hmo
1520 4976 1594 5042 onim¹
1602 4968 1714 5040 principio
1725 4965 1781 5016 sunt,
1795 4949 1829 5008 ⁵⁰⁶

262 5069 332 5117 moiu
346 5069 467 5130 ossiioium
487 5073 572 5122 movoi
590 5075 635 5122 aui
657 5072 784 5123 immobile
805 5085 914 5122 monens.
928 5071 955 5122 Si
967 5071 1044 5134 igitur
1089 5068 1216 5120 celerrimo
1235 5069 1438 5132 mouenturquos
1461 5064 1645 5131 proximonum
1664 5043 1830 5110 monenti-fill⁸
1915 5135 1916 5138 γ

262 5159 333 5207 ”istu
343 5157 475 5221 agitatum,
489 5159 563 5210 simoi
576 5165 694 5226 sequntur
706 5163 788 5227 ipsum
797 5165 873 5228 nique
885 5164 1004 5220 mutetur,
1018 5164 1043 5211 oi
1089 5161 1174 5209 ouium
1200 5158 1238 5207 ost
1259 5156 1370 5208 universi
1395 5157 1479 5208 moins
1498 5171 1503 5202 :
1523 5152 1574 5206 iiiio
1591 5150 1665 5214 igitur
1688 5137 1761 5196 estid
1780 5129 1828 5198 (111θά

266 5246 366 5310 ῖιινυμει·
377 5249 410 5294 ει)
424 5245 507 5310 aliquo
521 5251 652 5300 moveatur
670 5253 775 5315 oportet.
789 5251 955 5309 Quamobrem
967 5248 1044 5300 stabit
1087 5247 1180 5297 movet.
