3958 5942
830 455 1079 521 FRAGMENTA.·
1692 459 1756 526 ils

144 591 170 648 έν
180 587 273 668 τοίχῳ.
290 585 351 665 (Cf.
365 585 478 646 Prantl.
499 586 567 645 hist.
582 587 673 664 logio.
696 608 726 667 p.
745 589 802 646 362
816 608 878 669 seq.
895 604 924 650 ει
973 587 1050 670 χιταί
1061 613 1124 650 ποτε
1137 587 1201 649 αὑτδ
1213 588 1259 648 καὶ
1269 590 1462 670 ἀποζευχθῆναι
1472 589 1564 654 αὑτοῦ.
1606 589 1757 667 Ὀτιδὴιθ

144 677 280 739 Βτιιιόίε.
294 675 361 736 hist.
375 674 426 754 ph.
439 672 494 748 lli,
508 674 598 758 σόα.)
976 677 999 758 β’
1014 685 1059 742 τοῦ
1078 678 1103 756 γ’
1119 677 1285 750 ἀπέζευκτας,
1308 675 1368 736 τότε
1387 676 1431 736 καί
1453 676 1484 736 τὸ
1501 677 1527 734 α’
1543 680 1623 738 αὑτοῦ
1641 681 1755 750 ἀποζευ-

185 785 233 826 ros.
258 763 372 842 Ὁμοίοις
389 763 416 822 θλ
438 764 483 824 καί
498 766 521 822 εἰ
542 764 693 845 στερητικὸν
709 765 751 838 εἴη
772 765 802 825 τδ
818 771 927 840 Alii
974 766 1112 846 χθήαεται.
1157 769 1191 826 El
1202 765 1230 824 δέ
1243 771 1328 839 τοῦτο,
1343 768 1391 824 οθκ
1406 763 1432 832 ἐξ
1452 764 1569 844 ἀνάγκης
1583 770 1657 846 αὑτῷ
1672 769 1755 848 ὑπάρ-

142 853 193 934 γδιρ
216 853 282 924 αθτὴ
297 851 434 920 ἀπόδειξις.
459 849 524 912 Ἐπί
544 852 571 912 δέ
596 857 648 912 τῶν
665 855 691 912 έν
713 853 785 934 μέρει
809 857 928 935 συλλογι-
975 855 1022 922 Εει.
1066 853 1147 916 Ἀλλά
1159 853 1205 914 καὶ
1226 853 1270 914 ἐπὶ
1286 859 1333 925 τῆς
1347 851 1410 924 θλης
1434 851 1580 913 δεικνύουσι
1594 861 1671 914 τοῦτο
1692 857 1754 936 ἔχιν

143 945 228 1018 τριῶν,
243 944 266 1002 εἴ
276 940 325 1019 μὲν
338 941 368 1000 τδ
381 939 494 1000 καθόλου
506 942 575 1003 ἐστὶν
590 943 752 1018 ἀναγκαῖον,
765 943 850 1003 καὶτὸ
862 967 928 1020 συμ-
974 944 1070 1012 οὑτως·
1085 943 1210 1010 λαθόντες
1224 944 1276 1022 γάρ
1289 943 1337 1015 τλν
1353 941 1459 1020 μείζονα
1481 945 1592 1002 καθόλου
1608 947 1756 1023 ἀναγκαίαν

142 1031 269 1109 πέρασμα
293 1029 369 1090 ἔσται
385 1031 528 1106 ἀναγκαῖον
542 1054 546 1064 ·
560 1032 582 1089 εἰ
599 1029 626 1089 δὲ
644 1029 673 1089 τὸ
688 1029 757 1089 κατά
773 1033 868 1114 μέρος,
880 1035 928 1093 οθκ
975 1033 1139 1108 ἀπορατικὴν
1155 1029 1171 1102 ἢ
1186 1030 1378 1111 καταρατικήν,
1389 1029 1435 1088 καί
1447 1028 1495 1101 τὴν
1510 1033 1637 1092 ἐλάττονα
1646 1034 1757 1094 καθόλου

143 1119 305 1196 ἀναγκαῖον,
322 1115 381 1177 οὔτε
398 1122 553 1197 στερητικῆς
569 1116 628 1177 οὔτε
649 1123 826 1200 κατηγυρικῆς
848 1119 928 1194 οὔσης
974 1119 1156 1200 καταρατικὴν
1175 1119 1345 1200 ὑπάρχουσαν
1365 1118 1525 1178 δεικνύουσιν
1544 1122 1663 1200 ὑπάρχον
1686 1124 1755 1200 γινό-

141 1209 188 1278 τῆς
202 1205 315 1264 καθολου
330 1206 491 1286 προτάσεως.
975 1233 1050 1286 μενον
1066 1209 1096 1268 τθ
1118 1207 1312 1288 συμπέρασμα·
1327 1207 1357 1266 τδ
1371 1207 1422 1286 γάρ
1444 1209 1509 1287 ζῷον
1532 1209 1611 1266 παντί
1627 1209 1757 1290 ἀνθρώπῳ

183 1295 370 1374 (Arisloleles
385 1295 502 1372 Anaiyt.
530 1293 623 1373 μεῖον.
637 1295 689 1352 lib.
705 1294 716 1352 1
733 1315 832 1374 σεεμς)
858 1317 924 1375 pag.
974 1298 999 1366 ἐξ
1009 1298 1134 1376 ἀνάγκης.
1176 1296 1753 1380 Ὁάνθρωποςπαντλκινουμένῳὺπαρχέτω.

143 1385 190 1443 30.
214 1404 241 1442 a.
259 1385 356 1443 Sued.
382 1381 503 1440 Beller.
529 1383 711 1462 Piriioponus
736 1385 785 1445 sol.
810 1384 927 1444 XXXIV
974 1386 1070 1448 Οὐκέτι
1083 1387 1112 1445 τὸ
1134 1389 1197 1467 ζῷον
1211 1387 1290 1444 παντὶ
1320 1384 1464 1464 κινουμένῳ
1482 1384 1506 1452 ἐξ
1526 1387 1651 1464 ἀνάγκης.
1694 1385 1758 1448 Ἔτι

145 1473 202 1550 (ci.
215 1472 331 1531 Scholia
344 1473 375 1530 in
398 1471 516 1532 ArIstol.
531 1493 562 1550 p.
590 1473 657 1548 159.
682 1472 715 1532 b.
736 1476 754 1530 6
776 1474 823 1532 ed.
839 1475 928 1534 Bran·
974 1476 1003 1534 τὸ
1018 1475 1065 1554 μὲν
1078 1474 1226 1546 ἐπιστήμην
1240 1474 1310 1554 ἔχειν
1324 1474 1393 1532 κατὰ
1408 1474 1504 1541 παντὸς
1525 1484 1709 1553 γραμματικοῦ
1732 1476 1758 1544 ἐξ

144 1561 217 1641 dis.)
238 1559 305 1619 οὑτω
320 1558 368 1636 μέν
391 1549 435 1618 oliv
451 1560 519 1617 κατά
533 1559 732 1641 Ἀριστοτέλην,
751 1561 785 1620 τά
808 1561 875 1622 αὑτά
901 1562 927 1622 δὲ
974 1563 1102 1642 ἀνάγκης,
1113 1563 1143 1620 τὸ
1159 1563 1185 1622 δέ
1200 1561 1385 1643 γραμματικὸν
1408 1559 1477 1618 κατδι
1496 1561 1596 1626 παντὸς
1619 1561 1758 1641 ἀνθρώπου

144 1649 223 1708 πάλιν
240 1648 303 1730 paui
320 1647 363 1706 καὶ
381 1649 423 1707 έπὶ
437 1646 536 1706 τούτων
550 1651 573 1708 σί
598 1649 658 1727 περί
672 1649 843 1730 Θεόφραστον
862 1651 927 1730 (καί
975 1651 1226 1730 ὑπαρχόντωςίέεμ.
1243 1647 1411 1728 ὑπαρχέτω).
1455 1647 1552 1708 Οὐκέτι
1566 1650 1595 1706 τὸ
1609 1649 1758 1726 ἐπιστήμην

145 1736 281 1814 Εὔδημον.
325 1735 466 1816 Ὁτιότερος
483 1736 534 1818 γάρ
550 1735 580 1795 ἀν
595 1727 612 1813 ᾗ
628 1740 679 1796 τῶν
695 1738 760 1818 δρων
775 1741 927 1819 ἀναγκαῖος,
974 1738 1045 1818 ἔχειν
1059 1739 1128 1798 κατὰ
1152 1739 1249 1804 παντὸς
1276 1737 1413 1816 ἀνθρώπου
1440 1735 1466 1804 έξ
1486 1737 1610 1814 ἀνάγκης.
1656 1739 1709 1798 Καί
1729 1737 1760 1798 τδ

143 1825 253 1904 θατέρου
275 1824 348 1893 ὄντος
370 1825 545 1904 ὑπάρχοντος,
560 1824 590 1884 τὸ
612 1827 793 1906 συμπέρασμα
809 1828 927 1910 ὑπάρχον
976 1827 1023 1905 μέν
1035 1829 1162 1887 κινεῖσθαι
1175 1826 1218 1886 oi
1233 1830 1335 1886 σκελῶν
1351 1824 1530 1893 κατὰπαντὸς
1551 1832 1759 1903 περιπατοῦντος

143 1911 251 1994 ἔσται.)
976 1916 1001 1987 ἐξ
1017 1917 1144 1996 ἀνάγκης,
1161 1917 1190 1974 τὸ
1210 1917 1237 1975 δὲ
1255 1918 1410 1994 περιπατεῖν
1423 1914 1503 1974 παντί
1527 1914 1656 1995 ἀνθρώπῳ
1678 1919 1761 1994 ὑπαρ-

184 2022 235 2062 ros.
260 1999 408 2078 Συμθαίνει
430 1999 458 2060 δέ
472 2025 535 2062 ποτε
550 2001 595 2060 καὶ
611 2006 658 2075 τῆς
673 2001 763 2083 ἑτέρας
777 2003 930 2083 προτάσεως
975 2007 1056 2085 χέτω.
1097 2005 1196 2066 Οὐκέτι
1223 2006 1255 2075 δὴ
1277 2005 1307 2063 τδ
1331 2009 1459 2064 κινεῖσθαι
1484 2004 1563 2062 παντί
1589 2002 1718 2084 ἀνθρώπῳ
1733 2003 1759 2072 ἐξ

144 2089 289 2167 ἀναγκαίας
304 2087 384 2160 οὔσης
399 2089 543 2166 ἀναγκαῖον
558 2087 675 2164 γίνεσθαι
688 2090 731 2150 τὸν
743 2093 928 2171 συλλογισμόν,
977 2096 1100 2173 ἀνάγκης.
1146 2093 1200 2156 Καί
1211 2099 1286 2153 τοῦτο
1298 2091 1404 2159 εἰκότως
1417 2093 1532 2168 γίνεσθαι
1543 2091 1622 2149 δοκεῖ.
1657 2094 1759 2172 Παραι-

145 2178 215 2248 πλὴν
232 2179 283 2258 οθχ
298 2177 425 2258 ὁποτέρας
446 2175 537 2258 ἔτυχεν
552 2221 561 2250 ,
579 2178 647 2236 ἀλλά
660 2183 707 2251 τῆς
721 2179 786 2261 πρὸς
798 2179 827 2238 τὸ
842 2184 929 2258 μεῖζον
976 2183 1066 2256 τητέον
1083 2184 1109 2242 δέ
1122 2182 1167 2242 καὶ
1178 2181 1224 2255 τὴν
1241 2181 1284 2238 ἐπὶ
1297 2181 1375 2240 πλέον
1401 2178 1518 2248 ἐξέτασιν
1536 2186 1582 2239 τοῦ
1598 2182 1759 2258 λεγομένου·

144 2268 240 2349 ἀκρον.
356 2271 363 2347 ’γ
978 2275 1083 2356 εἴρηται
1092 2271 1143 2351 γάρ
1152 2277 1216 2348 ἡμῖν
1229 2272 1255 2329 έν
1271 2275 1324 2340 τοῖς
1335 2270 1453 2349 περὶτῆς
1468 2267 1538 2326 κατθ
1548 2268 1595 2337 τάς
1608 2269 1688 2344 μίξεις
1703 2275 1759 2330 δια-

190 2356 376 2436 (Aristotsles
391 2357 511 2435 Αιιιιίγι.
531 2357 624 2436 prior.
639 2356 690 2418 lib.
712 2356 806 2435 lcap.
826 2379 845 2434 9
863 2377 929 2436 pag.
977 2371 1056 2443 φορᾶς
1079 2356 1272 2440 Ἀριστοτέλους
1290 2381 1320 2416 τε
1341 2357 1386 2416 καί
1408 2361 1460 2416 τῶν
1486 2356 1596 2434 ἑταίρων
1620 2359 1699 2416 αὐτοῦ
1712 2381 1760 2434 γε-

146 2451 185 2506 so
201 2466 228 2508 α.
243 2447 276 2504 15
301 2446 347 2506 ed.
365 2446 485 2507 Bekker.
509 2447 673 2505 Alexander
698 2446 932 2524 Aphrodisiensis
977 2447 1149 2528 γραμμένοις.
1172 2445 1252 2505 Ἀλλὰ
1263 2445 1308 2504 καὶ
1320 2445 1362 2504 διά
1374 2449 1420 2515 τῆς
1433 2443 1604 2512 είςάδύνατον
1616 2445 1760 2522 ἀπαγωγῆς

150 2537 201 2597 rol.
215 2535 311 2612 49-50
328 2536 380 2612 (ei.
397 2533 512 2593 Scholia
532 2536 700 2593 θαλάττιοι.
717 2555 745 2612 p.
769 2534 823 2593 158
843 2535 875 2596 b.
895 2538 932 2594 38
979 2537 1028 2598 εἰσί
1041 2561 1108 2604 τινες
1122 2541 1146 2596 οἱ
1161 2536 1190 2596 τθ
1203 2533 1342 2612 λεγόμενον
1357 2537 1400 2592 ὑπ’
1417 2531 1608 2612 Ἀριστοτέλους
1619 2530 1658 2590 δτι
1672 2535 1760 2600 καλῶς

145 2627 192 2684 ed.
205 2623 360 2701 Blandis.)
377 2621 441 2700 ρησί
467 2621 498 2693 δὴ
526 2619 567 2680 ότι
589 2621 689 2700 γίνεταί
701 2645 765 2682 ποτε
793 2625 822 2710 ἐμ
840 2623 933 2702 μίξεως
979 2628 1081 2706 εἴρηται
1101 2623 1233 2686 δεικνύναι
1254 2622 1422 2704 πειρώμενοι.
1465 2615 1560 2680 Ἔστω
1581 2618 1668 2699 γάρὴ
1691 2619 1759 2696 μῖξις

146 2711 290 2792 ἀναγκαίας
304 2709 350 2768 καί
365 2711 534 2789 ὑπαρχούσης
549 2709 699 2788 προτάσεως
714 2713 855 2790 ἀναγκαῖον
866 2735 932 2790 συμ-
979 2715 1117 2790 ἐκκειμένη
1127 2713 1171 2773 καὶ
1185 2711 1216 2771 τδ
1232 2711 1279 2787 μέν
1294 2710 1319 2767 α’
1334 2714 1372 2789 τῷ
1387 2706 1411 2787 β’
1424 2709 1501 2768 παντί
1512 2707 1537 2776 ἐξ
1550 2707 1664 2784 ἀνάγκης
1674 2710 1761 2788 ὑπαρ-

145 2799 285 2879 πέρασμα,
300 2795 345 2854 καὶ
360 2797 423 2855 πότε
440 2795 539 2876 γίνεται
555 2796 584 2856 τὸ
599 2797 782 2876 συμπέρασμα
800 2804 933 2876 τοιοῦτον,
979 2807 1062 2888 χέτω,
1077 2803 1143 2864 τὸδὲ
1161 2801 1187 2880 β’
1205 2801 1283 2860 παντὶ
1304 2803 1341 2878 τῷ
1353 2799 1376 2876 γ’
1393 2797 1535 2878 ὑπαρχέτω
1549 2796 1639 2872 μόνον.
1682 2794 1761 2874 Λέγω

145 2887 325 2968 προστίθησιν.
368 2885 416 2946 Ἐν
446 2886 497 2966 γάρ
520 2887 617 2968 πρώτῳ
645 2887 766 2968 σχήματι
781 2889 934 2969 ἀμφοτέρων
980 2895 1021 2954 ὅτι
1032 2895 1062 2954 τὸ
1076 2895 1102 2952 α’
1117 2896 1154 2973 τῷ
1164 2892 1188 2968 γ’
1204 2890 1230 2958 ἐξ
1241 2889 1357 2968 ἀνάγκης
1368 2887 1459 2946 παντί.
1503 2881 1762 2964 Είγδρμή,τ“οάν-

148 2981 232 3037 οὑσιῗιν
247 2975 371 3048 καθολου,
388 2978 411 3035 εἶ
425 2980 442 3048 ἡ
458 2975 553 3054 μείζων
577 2977 617 3049 είη
631 2976 776 3056 ἀναγκαία,
792 2978 822 3036 ἀν
837 3003 866 3037 τε
887 3003 936 3037 κα·
980 2981 1125 3058 τικείμενον
1151 2978 1286 3058 ἐνδέχεται
1307 2977 1338 3035 τθ
1356 2973 1380 3034 α’
1396 2981 1434 3055 τῷ
1452 2975 1477 3053 γ’
1499 2973 1550 3034 τινί
1572 2971 1609 3050 μὴ
1626 2973 1763 3052 ὑπάρχειν,

149 3066 283 3146 ταρατικὴ
298 3069 334 3132 ώς
349 3069 375 3124 ἒν
390 3068 428 3145 τῷ
448 3063 546 3145 πρώτῳ
562 3065 754 3146 ἀναποδείκτῳ,
770 3066 802 3124 άν
823 3091 851 3125 τε
866 3070 935 3125 ἀπο·
981 3073 1068 3129 κεῖται
1082 3070 1109 3128 δὲ
1123 3067 1211 3128 καὶτὸ
1225 3064 1341 3126 α’παντλ
1355 3065 1429 3144 τῷβ’
1445 3063 1471 3131 ἐξ
1487 3064 1613 3140 ἀνάγκης.
1658 3061 1764 3122 Γίνεται

149 3154 249 3237 ρατικὴ
265 3159 299 3222 ὡς
318 3156 345 3212 έν
365 3155 403 3234 τῷ
427 3152 550 3233 δευτέρῳ,
569 3151 712 3233 ἀναγκαῖόν
734 3176 798 3233 ρησι
820 3153 936 3232 γίνεσθαι
982 3158 1014 3232 δὴ
1029 3161 1056 3217 ἀν
1070 3157 1180 3236 δευτέρῳ
1194 3153 1315 3235 σχήματι
1339 3153 1448 3230 συζυγία
1463 3154 1492 3210 ἐκ
1512 3148 1624 3210 καθόλου
1639 3171 1762 3231 καταρα-
1823 3225 1827 3234 γ

148 3244 178 3303 τὸ
194 3243 386 3322 συμπέρασμα.
430 3233 575 3318 Οὑτοςμὲν
590 3233 634 3302 οθν
651 3243 721 3302 οὑτω
735 3242 817 3321 λέγει.
860 3247 895 3303 Ol
908 3244 935 3302 δέ
981 3253 1055 3320 τικῆς
1064 3250 1110 3318 τῆς
1126 3244 1242 3324 μείζονος
1257 3240 1403 3320 ἀναγκαίας
1421 3238 1468 3298 καλ
1485 3239 1528 3298 ἐπὶ
1549 3237 1643 3316 μέρους
1656 3240 1764 3316 ἀπαρα-

121 3337 126 3346 ’
148 3357 179 3414 γε
195 3335 293 3413 ἑταῖροι
308 3333 387 3392 αὐτοῦ
402 3335 426 3391 oi
442 3331 502 3412 περὶ
524 3331 649 3409 Εὔδημόν
665 3333 752 3393 τεκαὶ
766 3334 937 3414 Θεόφραστον
982 3340 1057 3408 τικῆς
1069 3334 1291 3414 ένδεχομένηςτῆς
1299 3329 1433 3395 ἐλάττονος
1444 3326 1488 3386 ἐπὶ
1496 3326 1590 3405 μέρους
1602 3323 1764 3405 ἀποφατικὸν

149 3424 200 3501 οὐχ
216 3421 283 3482 οὕτω
303 3420 441 3498 λέγουσιν,
469 3420 538 3479 ἀλλά
562 3443 642 3500 φασιν
672 3425 698 3481 ἓν
723 3421 821 3488 πάσαις
835 3431 892 3490 ταῖς
912 3421 938 3491 ἐξ
983 3424 1149 3504 ἐνδεχόμενον
1165 3421 1327 3496 συνάγουσα,
1345 3418 1466 3498 καθάπερ
1487 3414 1534 3474 καί
1552 3413 1717 3494 Θεοφράστῳ
1735 3437 1765 3471 τε

149 3511 295 3588 ἀναγκαίας
309 3534 338 3569 τε
352 3509 398 3570 καί
414 3509 585 3590 ὑπαρχούσης
600 3511 734 3588 συζυγίας,
751 3511 795 3572 ilo
815 3501 867 3571 ώσι
883 3512 936 3570 κεί·
983 3513 1028 3573 καί
1043 3512 1159 3590 Εὐδήμῳ
1175 3515 1256 3570 δοκεῖ.
1300 3510 1340 3568 Τὸ
1351 3507 1403 3587 ἀρα
1417 3505 1482 3585 [τὸ]
1508 3504 1532 3584 β’
1544 3508 1581 3581 τῷ
1596 3503 1621 3582 γ’
1633 3501 1764 3583 ένδέχεταί

150 3599 570 3678 μεναισυλλογιστικῶς,ὑπάρχον
579 3601 694 3678 γίνεσθαι
704 3600 733 3658 τὸ
743 3600 934 3680 συμπέρασμα,
984 3625 1034 3660 τινι
1058 3599 1096 3675 μὴ
1121 3600 1262 3679 ὑπάρχειν,
1290 3597 1349 3657 ἀλλ’
1378 3595 1500 3655 ὑπέκειτο
1514 3593 1595 3652 παντί
1625 3593 1763 3673 ὑπάρχειν.

151 3694 231 3747 τοῦτο
241 3687 422 3765 λαμὺοίνοντες
437 3686 466 3747 ἔκ
482 3712 511 3747 τε
528 3695 573 3748 τοῦ
588 3690 614 3746 έν
629 3687 727 3754 πάσαις
738 3695 802 3754 ταῖς
814 3691 936 3765 συμπλο-
983 3687 1063 3750 Ἔστι
1084 3687 1269 3764 πιστώσασθαι
1292 3684 1333 3744 ότι
1350 3684 1380 3743 τδ
1398 3683 1539 3762 λεγόμενον
1558 3683 1602 3739 ὑπ’
1618 3679 1765 3758 Ἀριστοτέ-

150 3775 250 3843 καῖςτδ
263 3769 502 3856 συμπέρασμαάεθ
516 3780 554 3854 τῷ
571 3776 691 3836 ἐλάττονι
705 3775 750 3835 καὶ
772 3775 871 3856 χείρονι
887 3780 938 3834 τῶν
984 3782 1043 3844 λους
1057 3777 1127 3852 ὑγιές
1142 3778 1199 3835 ἐστι
1215 3775 1332 3852 μάλιστα
1347 3773 1390 3832 διὰ
1406 3775 1452 3842 τῆς
1468 3773 1503 3837 εἰς
1516 3769 1644 3828 ἀδύνατον
1657 3772 1766 3846 ἀπαγω-

150 3863 279 3940 κειμένων
309 3863 499 3942 ἐξομοιοῦσθαι.
543 3859 598 3924 Ἕκ
627 3887 655 3922 τε
685 3863 736 3942 γάρ
757 3869 939 3944 καταρατικῆς
985 3872 1034 3946 γῆς
1048 3869 1094 3937 τῆς
1119 3863 1258 3942 γινομένης
1272 3866 1298 3921 έν
1313 3861 1393 3942 τρίτῳ
1418 3857 1549 3939 σχήματι.
1593 3855 1640 3915 Ἔν
1659 3855 1766 3936 γάρτῇ

151 3954 199 4014 καὶ
220 3956 385 4035 ἀποφατικῆς
400 3953 553 4034 προτάσεως
568 3953 709 4029 συνάγεται
724 3951 887 4031 ἀποφατικὸν
908 3950 938 4010 τὸ
985 3955 1091 4034 τοιαύτῃ
1105 3954 1255 4033 τυζυγίορτῇ
1269 3953 1295 4008 ἐν
1309 3949 1388 4031 τρίτῳ
1403 3945 1523 4027 σχήματι
1537 3945 1582 4005 καί
1594 3944 1767 4026 Ἀριστοτέλει

151 4043 358 4125 συμπέρασμα,
383 4043 414 4100 ἀν
430 4067 460 4100 τε
483 4041 595 4102 καθόλου
617 4043 663 4102 καί
682 4043 733 4100 ’ἐπὶ
753 4043 867 4119 μέρους,
896 4040 938 4099 ἐπὶ
986 4044 1057 4101 δοκεῖ
1070 4042 1115 4102 καὶ
1130 4050 1183 4108 τοῖς
1197 4039 1308 4122 έταίροις
1325 4039 1404 4097 αὑτοῦ
1419 4035 1463 4096 ἐπὶ
1483 4033 1578 4114 μέρους
1602 4031 1766 4113 ἀπορατικθν

154 4132 248 4212 μέρους
273 4131 317 4190 καί
332 4129 365 4190 τδ
381 4130 574 4213 συμπέρασμα.
619 4132 671 4191 Τὸν
691 4127 768 4188 αὐτὸν
790 4129 822 4200 δὴ
844 4127 938 4209 τρόπον
990 4131 1160 4210 ἐνδεχόμενον
1184 4128 1298 4205 γίνεσθαι
1317 4126 1347 4186 ri
1374 4123 1565 4203 συμπέρασμα,
1588 4123 1768 4201 Philoponus

153 4219 200 4280 καί
221 4222 247 4279 έν
269 4221 326 4286 ταῖς
345 4218 446 4298 μίξεσιν
468 4219 549 4298 ἔχειν.
593 4218 731 4298 Ὑπάρχον
752 4217 802 4298 γάρ
822 4218 940 4297 γίνεσθαι
987 4221 1037 4279 sol.
1052 4217 1172 4282 llllllll.
1184 4218 1214 4277 b.
1231 4218 1284 4294 θεέ.
1299 4217 1418 4278 Scholia
1429 4215 1461 4273 in
1476 4213 1636 4290 Aristusp.
1654 4210 1719 4270 εδδ.
1734 4209 1767 4270 b.

153 4311 184 4367 ἐκ
209 4313 255 4378 τῆς
270 4310 296 4366 έν
320 4309 378 4375 ταῖς
402 4308 427 4376 ἐξ
443 4309 588 4386 ἀναγκαίας
605 4309 651 4368 καὶ
677 4309 845 4387 ὑπαρχούσης
868 4333 939 4386 συμ-
990 4309 1081 4369 med.
1097 4308 1252 4384 Brundis.)
1267 4306 1340 4366 καλό
1359 4307 1405 4380 μέν
1423 4301 1561 4384 φιλόσοφος
1581 4301 1672 4379 ὥσπερ
1693 4297 1766 4358 εἴπο-

153 4396 266 4463 πλοκαῖς
279 4399 317 4475 τῷ
341 4395 452 4456 ἔλαττον
468 4389 535 4455 εἶναι
549 4397 578 4455 τὸ
591 4396 711 4476 ὑπάρχον
724 4403 769 4455 τοῦ
784 4397 937 4474 ἀναγκαίου.
986 4390 1523 4478 μενβούλεταιάελτῇμείζονιάκολουθεῑν
1531 4391 1562 4451 τθ
1573 4389 1767 4469 συμπέρασμα,

155 4483 235 4543 ’Alli
253 4485 297 4541 καὶ
307 4489 345 4564 τῷ
355 4483 427 4565 λόγῳ
444 4490 521 4544 τοῦτο
543 4483 715 4543 δεικνύουσιν.
761 4486 795 4545 El
807 4483 899 4564 γάρτὸ
915 4483 939 4564 β’
986 4487 1025 4546 os
1037 4488 1083 4546 καὶ
1097 4493 1209 4548 ἐνταῦθα
1223 4487 1305 4554 οὑτως
1315 4488 1432 4565 ἐχουσῶν
1447 4486 1499 4541 τῶν
1515 4477 1668 4560 προτάσεων
1689 4477 1769 4552 ἀναγ-

154 4575 194 4653 τῷ
209 4571 235 4651 γ’
251 4571 364 4652 ὑπάρχει
379 4572 426 4650 μὲν
441 4573 530 4647 παντί,
555 4575 584 4631 ού
602 4572 654 4650 μὴν
671 4571 698 4642 ἐξ
722 4573 850 4653 ἀνάγκης,
867 4571 936 4632 ε’νδέ·
985 4575 1060 4635 καῒόν
1074 4599 1138 4656 φησι
1149 4577 1307 4657 συνάγεσθαι
1325 4575 1356 4634 τὸ
1370 4569 1563 4650 συμπέρασμα.
1586 4570 1620 4628 ol
1633 4566 1661 4624 δὲ
1671 4563 1769 4642 έταῖροι

191 4797 242 4843 ¹02.
262 4794 384 4845 similiter.
394 4795 470 4844 eliam
487 4807 514 4845 ss
532 4809 573 4846 ros
590 4795 667 4846 habui
677 4795 698 4846 si
720 4797 741 4846 λ
756 4797 776 4845 Β
790 4793 824 4845 sit
838 4794 944 4860 privati·
1023 4798 1074 4846 ios.
1092 4793 1188 4844 Accidit
1199 4793 1274 4844 eiiam
1286 4788 1431 4856 aliquando,
1444 4789 1474 4838 ut
1487 4800 1567 4852 quum
1583 4785 1661 4836 allero
1672 4783 1771 4832 iunium

159 4895 233 4942 vum,
253 4883 371 4948 quoniam
392 4881 479 4934 eudem
495 4885 534 4934 ost
549 4883 734 4935 demonstratio.
752 4885 782 4934 Iu
795 4882 945 4949 syllogismis
990 4881 1124 4950 propositio
1140 4881 1173 4933 sii
1192 4878 1345 4936 necessaria,
1366 4874 1523 4941 syllogismus
1540 4873 1586 4923 fisi
1604 4868 1770 4929 ῐιθθθθῦἃῐῑῑῑῦ,

159 4974 245 5020 aulem
255 4970 463 5035 particularibus,
482 4971 618 5036 siquidem
636 4971 795 5038 proloquium
806 4969 946 5021 universale
990 4985 1038 5021 non
1061 4972 1144 5022 iumen
1164 4966 1272 5026 utrovis,
1299 4963 1343 5016 ssd
1363 4977 1392 5013 ea
1416 4974 1474 5028 quus
1498 4957 1608 5010 conones
1627 4957 1709 5023 mulus
1726 4968 1772 5009 ss·

159 5059 199 5107 esi
212 5058 392 5119 necessarium,
410 5060 486 5110 olium
502 5059 627 5110 oouolusio
643 5059 690 5110 erit
704 5059 851 5111 necessaria.
873 5060 905 5109 st
925 5057 947 5108 si
992 5063 1107 5110 tremum.

161 5149 321 5214 proloquium
340 5151 490 5214 particulare
509 5154 547 5202 ost
567 5149 885 5212 necessarium‚umolusio
898 5163 947 5200 non

162 5237 369 5299 srilnsoossaris,
382 5238 569 5304 siroprivaliva
579 5240 632 5291 sivo
642 5239 793 5290 affimativa
809 5241 848 5290 osi
857 5251 947 5303 propo-

163 5325 222 5380 silio
234 5327 387 5381 universalis.
