4020 5950
639 432 642 441 1
737 432 761 445 ἸΙ
780 432 783 441 Α
854 417 1036 499 W&
1083 432 1089 439 1
1107 430 1110 439 ,

632 456 650 463 ,ι
687 448 734 463 ἠδ’,
753 452 790 469 ..γι
830 456 842 461 --

780 478 783 487 ι

632 607 874 802 uns
951 645 1421 805 musmo.

889 941 1168 971 -aneo--v-

263 1148 433 1222 Sallustius,
456 1149 623 1208 Platonicus
638 1151 811 1226 posterioris
831 1150 886 1208 aevi
904 1150 1003 1227 phito—
1053 1149 1120 1206 dori
1138 1149 1178 1227 (ι)
1193 1162 1223 1208 et
1238 1147 1344 1207 Suidas
1358 1169 1386 1206 ν.
1405 1147 1584 1214 Σαλλούστιος
1604 1149 1644 1226 (ο)
1661 1149 1761 1226 ἀπῆγεν
1782 1151 1832 1228 (3),

223 1241 346 1318 sophus,
364 1257 450 1316 quem
466 1235 579 1296 Juliani
593 1238 792 1316 ‚imperatoris
820 1239 958 1316 aequalem
978 1252 1006 1297 et
1053 1237 1225 1316 Ἀθηνόδωρος
1241 1237 1292 1318 (ε),
1309 1235 1400 1308 Ζήνων
1413 1237 1452 1315 (5)
1476 1252 1504 1296 et
1526 1241 1705 1318 Μαρκελλῖνος
1718 1239 1772 1318 (ό),
1790 1253 1833 1298 te-

223 1328 346 1404 amicum
365 1327 454 1386 fuisse
468 1339 595 1399 constat,
611 1345 688 1385 unus
707 1328 770 1386 sine
790 1325 882 1386 dubio
899 1347 934 1386 ex
957 1347 1003 1387 sa·
1054 1326 1284 1387 statinonsolum
1295 1326 1673 1406 improboruminimicum,
1684 1327 1832 1386 sedetiam

221 1415 372 1497 pientibus
389 1416 510 1475 illorum
525 1429 689 1494 temporum
706 1415 876 1476 hominibus
887 1430 945 1488 est,
957 1418 1004 1476 cui
1052 1417 1226 1476 acerrimum
1251 1417 1393 1476 vitiorum
1417 1415 1655 1494 reprehensorem
1682 1415 1831 1494 etplebis

222 1507 326 1566 merito
339 1504 454 1564 tribuas
472 1506 631 1582 elegantem
652 1507 690 1564 de
706 1505 764 1564 diis
785 1519 813 1563 et
834 1505 943 1564 mundo
966 1507 1005 1564 li·
1052 1507 1253 1566 insectatorem
1278 1505 1379 1566 luisse.
1398 1503 1528 1563 Eundem
1552 1505 1640 1562 refert
1664 1503 1835 1582 Simplicius

220 1595 343 1655 bellum.
368 1595 482 1656 Etenim
512 1595 543 1652 in
572 1595 700 1653 maximo
725 1615 827 1655 errore
850 1609 1004 1655 versantur
1054 1597 1085 1654 in
1098 1593 1261 1673 Epictetum
1274 1595 1313 1674 (γ)
1338 1613 1405 1672 pag.
1422 1614 1461 1669 9⁰
1487 1613 1539 1652 sua
1563 1593 1703 1650 memoria
1728 1589 1832 1650 mirum

221 1683 281 1742 viri
293 1683 411 1761 quidam
423 1682 501 1742 docti
515 1685 573 1743 tale
582 1684 754 1763 opusculum
768 1685 907 1744 Sallustio
920 1690 1004 1764 Syro,
1054 1683 1214 1742 tolerantiae
1247 1683 1451 1742 documentum
1485 1681 1609 1740 dedisse.
1636 1681 1707 1740 Nam
1734 1681 1834 1738 virum

222 1771 321 1830 Procli
343 1771 514 1831 adversario
538 1793 572 1832 ac
592 1772 709 1852 Cynicae
730 1774 926 1833 institutionis
951 1776 1005 1833 do·
1053 1771 1209 1831 carbonem
1224 1773 1303 1830 nudo
1318 1771 1420 1829 femori
1436 1771 1607 1848 impositum
1623 1770 1753 1828 sufflasse
1767 1787 1834 1846 per·

222 1859 315 1934 otoni,
331 1859 523 1936 assignantes.
540 1861 584 1920 De
595 1862 651 1920 hoc
665 1874 760 1922 autem
777 1863 868 1921 multa
880 1863 1005 1922 tradide·
1053 1861 1181 1936 hibetur,
1198 1860 1361 1940 periculum
1375 1859 1519 1931 facturus,
1536 1877 1622 1936 quam
1637 1857 1688 1916 diu
1704 1855 1833 1914 dolorem

221 1963 291 2008 runt
304 1948 427 2008 Photius
441 1950 511 2010 Cod.
529 1957 586 2018 ala
610 1970 627 2008 e
646 1949 798 2009 Damascio
818 1951 848 2008 in
866 1951 927 2009 vita
946 1951 1006 2010 1si-
1055 1951 1168 2030 perpeti
1182 1963 1288 2030 posset.
1298 1949 1370 2020 Quae
1385 1949 1484 2008 omnia
1496 1961 1529 2007 ut
1543 1949 1657 2027 Cynico
1667 1959 1734 2026 apta
1747 1959 1833 2006 sunt:

253 2114 289 2179 (1)
308 2115 411 2167 Phullus
431 2117 492 2166 cod.
511 2120 556 2166 242
573 2130 587 2166 e
605 2118 735 2168 Damascio
755 2119 780 2168 in
801 2119 853 2168 vita
872 2119 1006 2168 lsidorltd
1052 2119 1123 2182 δώρῳ
1139 2125 1173 2182 τῷ
1192 2119 1319 2182 φιλοσόφῳ.
1341 2117 1473 2182 Παράδοξος
1498 2118 1522 2166 θέ
1546 2117 1662 2180 θτρόπος
1682 2117 1838 2166 Σαλλουστίου

223 2189 378 2245 Σαλλούστιος
398 2189 495 2248 κυνίζων
514 2190 543 2239 ού
557 2192 600 2248 τήν
616 2190 747 2252 εἰθισμένην
761 2191 814 2239 ὀδόν
830 2191 954 2254 ἐπορεύετο
966 2195 1007 2250 τῆς
1054 2195 1128 2241 πᾶσιν
1137 2190 1280 2252 ἀνθρώποις,
1289 2190 1319 2237 τὰ
1332 2189 1373 2252 μέν
1382 2191 1562 2251 φιλοσοφοῦντος
1572 2188 1609 2237 ἐπί
1622 2189 1648 2237 τό
1658 2187 1837 2252 καρτερώτερον,

223 2259 372 2322 φιλοσοφίας,
382 2259 440 2308 ιἰλλά
448 2259 491 2318 τὴν
502 2261 679 2323 κιγαραγμίνην
688 2262 744 2323 πρδς
757 2259 851 2324 ίλεγχόν
869 2263 943 2311 τεκαὶ
957 2261 1007 2311 λοι·
1053 2259 1083 2308 τὰ
1096 2261 1121 2310 δέ
1132 2260 1253 2318 παίζοντος
1266 2259 1304 2308 ἐπὶ
1318 2259 1345 2307 τό
1354 2259 1496 2320 γελοιότερον
1506 2295 1513 2320 ,
1525 2257 1634 2320 έκάτιρον
1648 2257 1714 2320 οἶμαι
1725 2259 1785 2320 πέρα
1795 2259 1837 2307 τοῦ

223 2329 302 2393 δορίαν
313 2331 353 2378 καὶ
367 2331 408 2380 τόν
423 2330 524 2394 μάλιστα
538 2332 566 2390 δν)
579 2330 651 2380 πόνον
664 2332 722 2394 ύπέρ
735 2331 825 2395 άρετῆς.
842 2330 1008 2383 ’Υπεδέδετοδ
1055 2331 1157 2394 μετρίου.
1176 2331 1223 2379 Καὶ
1242 2330 1279 2378 δεῖ
1301 2329 1399 2391 κρίσεως
1412 2329 1478 2391 είπερ
1496 2329 1540 2376 τινί
1559 2329 1636 2392 ἄλλῳ,
1652 2331 1712 2390 τῷδε
1733 2334 1768 2391 τῷ
1783 2329 1836 2392 βίῳ.

223 2400 292 2458 οὗτος
303 2402 429 2458 σπανιάκις
437 2439 442 2463 ,
450 2403 466 2460 ἢ
474 2401 515 2458 τὰς
524 2401 619 2458 ἐιττικὰς
629 2402 770 2464 ίφικρατίδας
782 2405 798 2460 ί)
809 2403 838 2452 τὰ
850 2404 938 2461 συνήθη
950 2417 1008 2450 σαν·
1059 2401 1107 2449 Καὶ
1119 2400 1147 2457 δὴ
1164 2399 1319 2454 Σαλλούστιος
1331 2399 1361 2447 τὰ
1378 2399 1419 2460 μέν
1436 2398 1548 2461 πατρόθεν
1565 2400 1659 2462 ὥρμητο
1675 2400 1722 2449 άπθ
1741 2401 1837 2464 Συρίας,

183 2531 186 2538 Ι
222 2471 292 2520 δόλια
309 2473 492 2536 περιδεδεμένος·
505 2471 820 2535 ἐφαίνετοδέοὐδέποτεέπέ
834 2475 942 2522 πλεῖστον
955 2472 1008 2535 χρό-
1054 2469 1084 2517 τόι
1099 2469 1124 2518 δέ
1137 2473 1195 2532 πρὸς
1208 2469 1293 2532 μητρός
1311 2467 1439 2530 Ἐμεσηνός
1462 2468 1573 2530 ἐγεγόνει.
1597 2470 1627 2518 ‘0
1642 2473 1719 2531 πατὴρ
1736 2469 1837 2532 maun

222 2559 260 2592 νον
282 2542 337 2593 οὔτε
355 2541 485 2608 άρρωστῶν
507 2543 534 2592 εδ
559 2547 644 2606 σῶμα,
657 2539 712 2591 οὔτε
732 2545 950 2606 ταλαιπωρούμενος
965 2543 1007 2600 την
1055 2541 1180 2598 Βασιλίδης
1196 2542 1470 2604 ώνομόζετο,Θεόκλεια
1485 2540 1534 2598 δέἡ
1547 2541 1629 2604 μήτ-φρ.
1648 2541 1738 2602 ίίθφυής
1760 2541 1837 2590 stem

223 2616 315 2678 ψυχήν,
327 2615 386 2664 ἀλλὰ
400 2615 427 2664 τό
441 2615 565 2678 λεγόμκνον
582 2612 672 2675 εὐλόφιρ
688 2613 768 2676 αὐχένι
781 2615 822 2672 την
834 2615 935 2671 άσκησιν
948 2614 1007 2663 θπέ-
1054 2613 1130 2660 πολλὰ
1141 2612 1245 2672 γεγονώς
1257 2611 1297 2658 καί
1309 2611 1337 2658 τό
1354 2609 1408 2670 ἦθος
1421 2610 1536 2674 αὐστηρὸς
1553 2611 1594 2658 καὶ
1605 2609 1737 2673 φιλότιμος,
1750 2611 1779 2660 τὰ
1797 2611 1838 2672 μὶν

9 2703 293 2758 ...nm-Q&
309 2685 370 2734 καλά
379 2687 420 2734 καί
432 2685 555 2742 άξεέπαινα
566 2683 739 2745 πολιτεύματα,
752 2687 792 2733 καί
805 2685 852 2734 ὅσα
865 2689 962 2733 τοιαῦτα
975 2701 1006 2744 φι-
1054 2688 1136 2746 πρῶτα
1146 2683 1240 2731 έόλεπεν
1255 2682 1287 2737 είς
1297 2681 1339 2740 τήν
1350 2682 1497 2744 πολυάρατον
1508 2681 1644 2742 δεκανικήν,
1654 2683 1694 2730 καί
1704 2681 1837 2730 ἐπαιδεύετο

222 2753 430 2821 λανθρωπεύματσ.
447 2754 515 2806 Idem
532 2755 549 2806 l.
566 2767 587 2803 c.
602 2755 640 2802 θτι
654 2754 667 2801 δ
680 2755 834 2811 Σαλλούστιος
850 2756 882 2811 είς
894 2755 948 2811 τοὺς
962 2759 1008 2802 τῶν
1053 2753 1130 2815 λόγοις
1151 2754 1280 2816 ῥητορικοῖς
1301 2753 1348 2802 θπδ
1372 2752 1465 2814 Εὔνοίερ
1491 2757 1606 2815 σοφιστῇ,
1629 2752 1682 2801 τότε
1707 2753 1755 2801 όντι
1777 2753 1840 2801 κατὰ

223 2826 409 2890 ἐντυγχανόντων
428 2825 558 2888 ὀφθαλμοὺς
580 2825 671 2887 ἐφορῶν
690 2825 813 2887 προέλεγεν
834 2824 947 2873 ἐκάστοτε
964 2824 1005 2880 τὴν
1054 2822 1402 2886 Ἐμεσαν·ύστερονδέοὺκε’τι
1418 2823 1540 2886 δικανικῷ,
1549 2823 1598 2872 ἐλλ“
1607 2825 1652 2883 ἠδη
1663 2829 1697 2887 τῷ
1709 2831 1839 2888 σοφιστικῷ

223 2897 264 2960 βέφ
275 2899 433 2958 γενησομένην
454 2897 548 2958 ἐκάστῳ
564 2895 686 2952 τελευτήν·
703 2896 744 2952 τὴν
761 2895 786 2944 δέ
802 2895 879 2944 αἰτίαν
892 2900 933 2952 τῆς
950 2911 1007 2958 προ·
1055 2895 1101 2957 βίῳ
1110 2898 1225 2957 προσεῖχε
1234 2893 1274 2942 τὸν
1282 2897 1351 2955 νοῦν,
1363 2895 1403 2942 καὶ
1416 2894 1453 2942 ἐπὶ
1468 2895 1544 2958 τούτῳ
1555 2895 1675 2957 θιεμελέτα
1685 2897 1738 2952 τοὺς
1746 2897 1836 2956 λόγους,

224 2967 332 3028 γνώσεως
341 2965 391 3014 οόδ’
399 2967 468 3022 αθτδς
477 2966 526 3029 elge
536 2967 634 3028 φράζειν.
647 2964 729 3014 Καίτοι
740 2967 847 3028 ἐπειρᾶτο
861 2965 1008 3028 ἐρωτώμενος
1055 2965 1120 3014 οὐδὲν
1133 2964 1203 3023 ἦττον
1216 2970 1257 3024 τῆς
1272 2964 1363 3025 φύσεως
1375 2964 1413 3013 ἐπὶ
1426 2969 1474 3019 τοῖς
1493 2965 1574 3021 πόνοις
1587 2965 1774 3029 θαυμαζόμενος·
1784 2968 1838 3023 τοὺς

223 3037 382 3086 τδσκοτεινθν
392 3042 439 3085 τῶν
453 3036 578 3099 ὀφθαλμῶν
596 3037 716 3084 αἰτιᾶσθαι
729 3037 768 3085 καί
783 3036 900 3098 όιχλυῶδες
914 3037 955 3084 καὶ
969 3052 1007 3084 νο·
1056 3039 1097 3096 μὲν
1118 3037 1163 3098 γὰρ
1184 3033 1312 3096 δημοσίους
1334 3039 1376 3083 τοῦ
1398 3037 1559 3098 Δημοσθένους
1577 3037 1659 3098 λόγους
1678 3037 1736 3097 θμοθ
1754 3037 1840 3093 πάντας

223 3113 307 3170 τισμοῦ
321 3107 422 3170 μεστόν,
433 3107 482 3156 οίον
498 3108 535 3156 ἐπὶ
550 3107 643 3156 πένθεσι
657 3110 707 3163 ταῖς
723 3107 803 3171 κόραις
820 3107 901 3162 αὐταῖς
913 3106 1007 3169 έμρερό-
1054 3109 1173 3172 ἐξέμαθεν·
1191 3107 1250 3156 ἀλλὰ
1269 3107 1326 3170 πρὸς
1345 3107 1477 3170 τούτῳκαὶ
1496 3109 1570 3168 λέγειν
1589 3108 1618 3169 ἦν
1638 3109 1732 3166 ίκανός,
1745 3109 1773 3158 οὐ
1787 3110 1840 3165 τοὺς

177 3194 182 3204 ·
224 3196 300 3240 μενον.
315 3177 384 3230 ldem
396 3177 413 3228 l.
426 3191 450 3228 c.
461 3180 474 3228 δ
485 3179 510 3228 δέ
520 3177 674 3235 Σαλλούστιος
684 3178 762 3228 οὐκέτι
773 3183 809 3240 τῷ
820 3179 947 3240 δικανικῷ,
958 3179 1007 3227 ἀλλ’
1056 3179 1180 3242 νεωτέρους
1197 3178 1367 3240 ἐκμιμούμενος
1386 3177 1513 3241 σοφιστάς,
1533 3177 1592 3226 ἀλλὰ
1614 3179 1671 3241 πρὸς
1688 3179 1728 3228 τόν
1741 3179 1841 3242 ἀρχαῖον

223 3252 268 3310 ἤδη
276 3255 311 3314 τῷ
324 3255 454 3314 σοφιστικῷ
464 3249 509 3314 βίῳ
518 3253 628 3314 προσεῖχε
641 3250 681 3300 τδν
692 3255 754 3299 νοῦν·
765 3249 858 3313 ἐξέμαθε
871 3250 895 3299 δὲ
906 3251 945 3298 καὶ
956 3251 1008 3306 τοὺς
1055 3250 1122 3300 πίνον
1133 3256 1174 3310 τῆς
1185 3249 1339 3312 λογογραφίας
1350 3249 1519 3313 ἁμιλλώμενος.
1538 3249 1626 3311 Ἀμέλει
1639 3251 1679 3299 καὶ
1692 3249 1779 3312 έγραψε
1787 3251 1840 3308 τοὺς

224 3321 349 3385 δημοσίους
364 3319 468 3378 ἅπαντας
482 3326 524 3370 τοῦ
539 3323 702 3383 Δημοσθένους
715 3321 806 3380 λόγους.
826 3322 873 3373 Καὶ
886 3321 915 3377 δε)
934 3322 1009 3381 λέγειν
1055 3321 1154 3382 λόγους,
1167 3322 1195 3371 οὐ
1211 3323 1270 3371 πολύ
1285 3339 1306 3370 τι
1323 3323 1418 3371 ἐκείνων
1433 3323 1618 3384 έκλειπομένους.
1632 3323 1679 3372 Τόν
1691 3325 1715 3372 δὲ
1729 3323 1840 3386 ἡμέτερον

224 3393 254 3443 αὗ
273 3393 351 3448 ίκανός
370 3392 398 3441 ού
421 3393 474 3448 τοὺς
491 3393 556 3448 νέους
576 3393 716 3454 μιμούμενος
736 3391 860 3452 σοφιστάς,
876 3391 934 3439 tue
952 3393 1009 3455 πρός
1055 3393 1151 3451 πολίτην
1163 3393 1313 3456 Μάρκελλον,
1327 3395 1416 3456 ἐταῖρον
1430 3399 1471 3443 τοῦ
1484 3393 1597 3456 Εὐνοίου,
1608 3396 1650 3442 καί
1667 3399 1750 3443 τοῦτον
1765 3395 1839 3458 ἐκμα·

224 3466 264 3514 τόν
277 3465 374 3527 ἀρχαῖον
385 3461 451 3512 τόνον
461 3468 502 3522 τῆς
514 3463 668 3527 λογογραφίας
680 3465 849 3527 ἁμιλλώμενος.
868 3462 958 3524 ’Λμελει
968 3464 1009 3511 καὶ
1028 3443 1032 3510 l
1055 3462 1126 3513 θόντα
1140 3465 1182 3525 μὲν
1201 3463 1380 3528 ἀπεμνημόνευε
1400 3466 1430 3513 τὰ
1452 3466 1517 3514 ὀκτώ
1536 3465 1616 3528 βιδλία
1632 3471 1673 3524 τῆς
1696 3467 1840 3517 θοοκυδίδου

223 3537 310 3599 έγραψε
323 3535 406 3596 λόγους
420 3535 448 3582 οὗ
461 3535 521 3584 πολύ
540 3552 562 3584 τι
581 3533 675 3584 ἐκείνων
693 3535 855 3598 λειπομένους,
870 3533 1011 3592 άνυπόδετος
1028 3517 1032 3556 ¹
1055 3535 1171 3597 ἱστορίας,
1182 3534 1210 3584 ού
1223 3537 1264 3598 μέν
1276 3552 1298 3584 τι
1310 3536 1350 3584 καί
1362 3536 1461 3598 λέγοντα
1477 3535 1540 3592 ἄξιον
1552 3535 1639 3594 ἀκοῆς·
1653 3537 1693 3586 καί
1711 3537 1799 3586 Νόννον
1816 3538 1841 3587 δέ

224 3605 320 3668 περιιών
332 3604 374 3662 τὴν
387 3605 538 3666 οἰκουμένην,
550 3607 581 3660 ὡς
591 3608 661 3666 φῆναι
672 3603 756 3664 λόγον,
769 3600 948 3667 άπασαν.-(2)
957 3602 1010 3652 Sui·
1053 3621 1124 3666 φασιν
1138 3605 1269 3666 ἐκμαθόντα
1278 3604 1353 3662 ἐξάκις
1363 3606 1417 3654 όλον
1427 3605 1468 3655 τδν
1480 3607 1645 3668 Δημοσθένην,
1656 3607 1715 3668 μηδὲ
1726 3607 1802 3670 διᾶραι
1814 3607 1840 3658 τδ

224 3674 269 3724 des
280 3687 305 3722 ν.
325 3673 478 3730 Σαλλούστιος
490 3671 526 3722 sic
539 3694 546 3722 ·.
559 3673 717 3732 Σαλλούστιος
729 3671 866 3736 φιλόσοφος,
878 3671 902 3728 θς
914 3670 956 3736 ἐφη
970 3672 1008 3720 ἀν·
1055 3675 1133 3738 στόμα
1146 3677 1260 3725 δύνασθαι
1273 3675 1330 3739 πρός
1342 3693 1369 3738 γε
1386 3678 1463 3739 λόγων
1481 3678 1591 3726 ἐπιεικῶν
1611 3679 1728 3728 σύνθεσιν.
1746 3681 1782 3728 Ori
1796 3680 1841 3744 γάρ

225 3747 324 3809 θρώτοις
348 3744 376 3795 οὗ
397 3744 476 3810 ῥοίδιον
495 3745 553 3793 τίνοι
574 3746 705 3806 φιλοσοφεῖν
719 3744 769 3793 ἀλλ’
783 3743 910 3793 ἀδύνατον·
928 3747 1009 3792 τοῦτον
1054 3749 1105 3799 εστι
1117 3748 1201 3798 ταύτὸν
1217 3749 1250 3806 εις
1263 3749 1350 3807 πλῆθος
1363 3748 1526 3807 διιοοιηείειιν
1537 3747 1577 3798 καὶ
1590 3747 1684 3812 γράφειν
1697 3751 1729 3804 εις
1745 3749 1839 3806 κάλλος.

225 3819 327 3875 ἀκούσας
336 3817 454 3873 &udentia
467 3815 599 3878 τὸνλόγον,
610 3817 642 3871 ὡς
655 3813 708 3864 οὔτε
725 3816 798 3872 ἀληθῆ
810 3813 943 3876 λεγόμενον,
954 3813 1007 3863 οὗτε
1054 3821 1084 3870 ‘0
1101 3820 1127 3870 δέ
1147 3821 1300 3876 Σαλλούστιος
1320 3821 1443 3883 ἁδρότερον
1463 3820 1509 3878 ἤδη
1535 3819 1666 3882 ἁπτόμενος
1681 3825 1723 3880 τῆς
1743 3823 1839 3884 τέχνης,

225 3892 331 3948 λέγεσθαι
345 3890 418 3946 diros.
437 3886 506 3938 Ἆλλὰ
519 3887 564 3950 γάρ
578 3889 592 3936 θ
605 3887 758 3942 Σαλλούστιος
772 3885 835 3948 ᾔδει,
852 3887 879 3935 τό
900 3885 955 3948 ἐμόν
974 3887 1007 3934 εί·
1054 3891 1171 3951 ἐλάττωὴ
1191 3890 1246 3942 καθ’
1258 3890 1342 3940 έαυτθν
1360 3892 1486 3940 θπολαδὼν
1506 3890 1549 3940 τδν
1570 3889 1683 3948 susus.
1705 3891 1793 3953 άπῆρεν
1808 3895 1840 3950 τίς

224 3965 289 4010 πεῖν·
303 3959 387 4024 οὐγὰρ
400 3959 533 4016 διεὸίὸλητο
547 3958 603 4019 πρὸς
617 3955 753 4020 φιλοσοφίαν
766 3957 858 4016 ἅπλῶς,
870 3956 929 4006 dli&
939 3955 1005 4018 φῦοοῑ
1058 3961 1225 4025 Ἀλεξάνδρειαν
1237 3963 1276 4010 καὶ
1288 3962 1429 4025 ἀπεπειρᾶτο
1439 3967 1486 4011 τῶν
1502 3965 1633 4026 ῥητορικῶν
1646 3961 1802 4011 διδασκάλων.
1810 3993 1838 4004 .-

226 4032 387 4095 praesopus«
405 4030 447 4092 ἦν,
470 4029 531 4077 κατὰ
550 4028 590 4078 τὸν
608 4028 758 4091 'ildini-W
779 4025 953 4090 ὀχλολοίδορος,
967 4027 1006 4076 καὶ
1054 4033 1087 4093 (θ)
1101 4031 1189 4084 suidas
1201 4046 1226 4082 v.
1241 4031 1394 4096 Ἀθηνόδωρος
1408 4052 1415 4081 ι
1430 4033 1466 4081 ότι
1479 4037 1514 4094 τῷ
1533 4029 1684 4095 Ἀθηνοδώρῳ
1702 4033 1779 4080 πάντα
1790 4051 1840 4081 ποι-

225 4106 297 4150 πᾶσιν
309 4102 439 4161 ludium:
456 4104 504 4155 τοῖς
523 4097 696 4162 &mmmm
710 4097 750 4146 ml
764 4099 873 4146 ὁπωσοῦν
886 4098 914 4146 ἕο
931 4097 1007 4154 πάσης
1055 4102 1201 4164 ρεοκεύαστο
1216 4101 1273 4165 πρὸς
1285 4101 1477 4163 φιλοσοφίαν,τέ
1491 4117 1517 4150 τε
1532 4101 1579 4150 ἀπό
1589 4102 1679 4162 φύσεως
1690 4101 1729 4148 καί
1748 4101 1777 4147 τὰ
1792 4101 1839 4150 άπὸ

228 4170 363 4234 προφάσεως
378 4171 481 4232 ἐλέγχων
495 4169 608 4224 ἐκόστους
626 4169 666 4218 καί
684 4169 857 4230 διακωμῳδῶν·
875 4167 948 4216 ἐνίοτε
966 4167 1007 4228 μὲν
1055 4178 1096 4232 τῆς
1109 4174 1225 4231 ἐπιεικοῦς
1238 4174 1410 4238 προαιρέσεως,
1421 4173 1457 4222 ότι
1471 4172 1576 4236 Πρόκλος
1592 4172 1643 4232 ίζη,
1662 4172 1702 4220 καί
1723 4171 1839 4236 διαφανῶς

227 4239 378 4304 οποοόάίοοοι
389 4240 419 4288 Τὰ
431 4240 456 4289 δὲ
469 4239 544 4288 πολλὰ
557 4243 592 4302 “il
609 4237 693 4302 Υῐδοῖῑι)
708 4237 796 4302 χοίρων
816 4237 865 4296 ’lit‘
884 4239 924 4286 ml
940 4239 1007 4300 οεδο·
1055 4245 1160 4306 ἐξηγεῖτο
1179 4250 1227 4302 τοῖς
1249 4243 1426 4303 πλησιάζουσιν.
1448 4245 1492 4293 Ὃν
1506 4247 1520 4292 ό
1542 4245 1696 4299 Σαλλούστιος
1717 4243 1840 4306 θαυμάζων

226 4312 359 4374 οοώμμοοοι
372 4311 419 4360 Καὶ
431 4310 476 4373 γὰρ
485 4309 513 4369 ἦν
526 4311 539 4358 6
553 4309 707 4364 Σαλλούστιος
719 4307 857 4372 sceptrum
869 4311 954 4366 [mdc
968 4309 1008 4358 ml
1055 4316 1093 4364 ἐπὶ
1106 4317 1198 4380 σπουδῇ
1212 4317 1304 4376 έλιγεν,
1314 4316 1350 4365 θτι
1364 4317 1419 4380 πυρί
1431 4316 1478 4378 άρα
1486 4315 1556 4380 ἐῴκει
1566 4317 1579 4364 ό
1590 4315 1709 4376 ἄνθρωπος
1721 4315 1840 4370 stenem

225 4381 344 4430 σκώπτειν
361 4378 515 4442 εὐφυέστατοι
531 4395 557 4427 τε
570 4379 610 4428 οιαὶ
625 4378 819 4442 προχειρότατος,
832 4379 953 4442 ἐξαιρέτως
966 4379 1007 4442 μὲν
1055 4383 1131 4433 πάντα
1143 4387 1172 4435 τὰ
1186 4385 1355 4449 παρακείμενα.
1375 4385 1435 4436 Ἀλλ’
1446 4386 1510 4448 ὅμως
1529 4385 1621 4434 επειοεν
1637 4384 1792 4448 Ἀθηνόδωρον
1808 4388 1840 4450 με,

224 4453 286 4516 ἔχων
298 4449 380 4510 οὗτοι.
393 4451 420 4499 ts
431 4452 511 4511 γένους
521 4450 546 4498 δέ
558 4449 622 4512 ὅμως
633 4451 674 4506 τὰς
687 4451 795 4506 τοιαύτας
806 4450 909 4513 χάριτος.
923 4451 951 4500 '0
965 4454 1008 4516 γάρ
1056 4457 1224 4520 φιλοσοφῆσαι.
1236 4481 1267 4492 -
1278 4455 1314 4519 (5)
1325 4455 1414 4506 suidas
1424 4469 1450 4506 ν.
1469 4457 1551 4515 Ζήνων
1569 4453 1733 4518 Ἀλεξανδρεύς.
1747 4454 1795 4506 Ἦν
1815 4458 1840 4507 οὲ

224 4539 262 4571 τοι
273 4521 382 4583 πέμπτην
398 4519 481 4584 ἀρετὴν
495 4519 615 4582 ὀνομάσας
633 4521 674 4578 τὴν
693 4521 744 4585 περὶ
758 4523 816 4570 θεῶν
834 4520 900 4575 δόξαν
920 4520 1007 4584 ἀληθῆ,
1055 4529 1094 4576 καὶ
1108 4527 1182 4592 ἐτερος
1193 4529 1274 4582 Ζήνων
1285 4532 1328 4577 τοῦ
1340 4530 1449 4591 Πρόκλου
1462 4530 1552 4591 ἑταῖρος
1563 4527 1625 4576 κατὰ
1641 4527 1682 4577 τόν
1695 4528 1793 4591 χρόνον,
1805 4535 1840 4592 τῷ

224 4596 342 4643 δοκοῦσαν
353 4591 436 4641 ἐνεῖναί
447 4607 505 4641 ποτε
518 4595 566 4647 τοῖς
580 4593 752 4656 πονηροτάτοις,
766 4590 921 4646 Σαλλούστιός
935 4592 1007 4641 ἐστιν.
1056 4597 1098 4660 μὲν
1109 4601 1171 4660 γένος
1182 4599 1349 4662 Περγαμηνός,
1359 4605 1389 4663 τῇ
1400 4599 1425 4648 δὲ
1437 4599 1504 4664 φύσει
1518 4599 1559 4648 καί
1570 4599 1639 4654 αὐτὸς
1656 4599 1799 4661 ἐνδεέστερος
1811 4601 1841 4648 τέ

224 4664 276 4714 'Eu
289 4662 314 4713 δέ
323 4662 380 4726 πρὸς
389 4661 462 4719 ένίους
474 4667 521 4711 τῶν
535 4662 669 4724 ἀλλοφύλων
681 4663 710 4712 τὰ
723 4663 764 4724 μὲν
777 4662 836 4710 ἄλλα
851 4661 924 4728 αὐτοῦ
937 4661 1007 4710 έπαι-
1055 4686 1081 4730 γε
1095 4671 1151 4734 πρὸς
1165 4671 1309 4734 zmegma,
1321 4671 1425 4730 ρπςεςχὴς
1439 4671 1480 4734 δι’
1491 4671 1531 4719 χαὶ
1545 4670 1575 4718 ςὰ
1592 4671 1638 4728 ἢθη
1660 4671 1839 4734 mmmmm,

223 4739 334 4796 ἰοῖιοτοε,
344 4733 368 4782 ἐν
378 4733 403 4783 δέ
414 4731 479 4797 “lvd
489 4733 575 4782 λοίπῑῑο
586 4734 721 4799 ὲῐρηοότοῑι,
734 4734 767 4796 μὴ
777 4732 876 4788 δοίίέοῑο
887 4733 938 4795 ποθί
948 4732 1006 4781 θεῶν
1054 4741 1178 4806 Ὀπότερος
1192 4743 1216 4792 δὲ
1233 4743 1312 4792 αὐτοῖν
1324 4743 1429 4806 ἀφορμὴν
1444 4747 1474 4806 τῇ
1487 4741 1608 4792 διαπέτει
1627 4744 1758 4805 παρέσχετο
1777 4744 1838 4792 Σαλ-

223 4810 252 4858 τὰ
264 4807 324 4858 αὐτὰ
338 4812 389 4864 τοῖς
403 4809 510 4864 πολλοῖς·
524 4807 591 4870 ἐότε,
604 4807 662 4869 έφη,
677 4806 747 4856 τοῦτό
759 4823 787 4867 γε
801 4807 840 4855 διά
852 4805 893 4864 τὴν
906 4805 1006 4868 Νέμεσιν
1055 4813 1157 4876 ἰουστίερ
1167 4813 1226 4878 πρὸς
1238 4815 1278 4863 τόν
1292 4812 1412 4876 Πρόκλον,
1427 4813 1470 4862 οὐκ
1486 4813 1536 4877 έχω
1547 4812 1647 4878 φράζειν.
1661 4838 1693 4851 -—
1704 4812 1739 4876 (θ)
1748 4813 1838 4864 suidas

224 4879 344 4944 προσεῖναί
366 4892 418 4942 μοι·
436 4885 471 4943 τῷ
490 4878 515 4928 δέ
531 4880 680 4942 Πομπροπίφ
695 4881 806 4940 μέγιστον
826 4878 870 4936 ἤδη
886 4878 1006 4942 Mitius
1054 4895 1078 4932 ε.
1094 4885 1259 4946 Μαρκελλῖνος.
1272 4885 1425 4948 Μερκελλίνφ
1437 4885 1539 4948 δυνάστῃ
1553 4883 1702 4946 Δαλματίας,
1716 4883 1741 4940 s<
1752 4884 1781 4944 ἢν
1793 4885 1839 4934 αιἰ-

224 4952 336 5016 ἐντυχών,
351 4951 432 5010 ἐπειδὴ
442 4952 529 5006 ἐκεῖνος
539 4949 729 5014 ώραῐζόμενος,τί
739 4949 786 4998 θεοὶ
796 4949 852 5012 πρὸς
864 4950 1006 5012 ἀνθρώπους,
1055 4951 1167 5016 τόνομος,
1179 4955 1238 5016 μετὰ
1252 4957 1399 5016 δικαιοσύνης
1415 4956 1566 5017 έξηγούμενος
1583 4961 1631 5004 τών
1642 4955 1768 5012 θπηκόων·
1780 4957 1839 5016 (πα-

224 5021 280 5082 ἐρης
293 5021 328 5076 τίς
340 5021 378 5083 δέ,
392 5020 449 5082 έφη,
465 5021 509 5068 οὐκ
523 5019 598 5080 οἶδεν,
612 5021 643 5074 ὡς
661 5018 705 5066 οὐκ
717 5019 764 5078 ἐγώ
779 5018 876 5066 πώποτε
889 5019 939 5076 θεός
956 5019 1005 5080 ἐγτ·
1055 5029 1096 5087 ρῆν
1119 5025 1144 5074 δέ
1165 5027 1230 5088 αὐτῷ
1251 5027 1292 5076 καί
1306 5027 1417 5090 φρόνησις
1438 5027 1522 5087 ίκανε),
1537 5027 1665 5088 πολίτευμα
1685 5025 1727 5074 καί
1746 5027 1840 5090 ἀνδρεία

224 5092 312 5152 νόμην,
326 5091 379 5139 οὔτε
393 5091 423 5140 σίν
440 5090 572 5153 άνθριοποςς
587 5092 668 5138 Ταῦτα
681 5089 734 5153 περὶ
752 5089 916 5140 Σοιλλουστίου.
933 5093 1005 5140 Κυνι-
1055 5096 1179 5156 θαυμασςὴ
1193 5098 1364 5159 μεμελετηκυῖα
1377 5097 1405 5146 τὰ
1415 5098 1471 5161 πρὸς
1482 5096 1594 5160 πόλεμον)
1602 5101 1675 5154 συνῆν
1683 5095 1838 5152 Σαλλούστιος

224 5163 325 5222 κώεερον
339 5159 363 5208 δέ
378 5161 518 5224 ἐφιλοσόφει.
530 5185 562 5197 -
577 5159 612 5224 (3)
632 5158 720 5210 Suidas
743 5174 767 5211 ν.
791 5162 880 5224 ἀπῆγεν
901 5164 1004 5213 Σαλλού-
1054 5181 1066 5214 ο
1083 5165 1219 5228 φιλόσοφος.
1232 5195 1259 5204 -
1271 5166 1306 5231 (7)
1319 5167 1457 5231 Simplicius
1480 5165 1617 5216 commin
1638 5164 1716 5229 Epict.
1739 5166 1837 5217 Enchin

223 5249 286 5288 στεος
300 5231 349 5279 sic:
364 5230 661 5294 ΟύτοςείςἎλεξείνδρειαν
677 5231 733 5292 ἧκεν
750 5229 871 5291 Ἀθήνηθεν
887 5233 929 5283 σὺν
947 5237 1003 5285 Ἰσι-
1053 5248 1108 5298 pag.
1125 5241 1156 5284 θθ
1180 5236 1220 5286 ed.
1243 5236 1347 5287 Salmas.
1367 5239 1407 5286 τδν
1427 5235 1461 5298 ἐφ’
1476 5241 1545 5300 ἡμῶν
1563 5236 1722 5298 Σαλούστιον,
1737 5236 1839 5299 άνθρακα

1009 5331 1048 5386 28
