3938 5968
458 377 687 444 ETHICORUM
708 373 1054 438 NICOMACHEORUM
1076 371 1364 434 PARAPHRASIS.
1656 379 1716 441 569

96 529 162 611 πρός
175 551 205 607 γε
220 525 250 586 τδ
272 516 453 601 νομοθετικοὺς
466 517 603 596 γενέσθαι·
619 517 649 574 οὔ
661 512 713 596 γὰρ
728 509 883 583 δυνήσονται
930 517 989 568 clam
1006 515 1187 581 :nequeenim
1207 516 1275 568 recte
1297 514 1328 565 de
1341 514 1381 574 iis,
1401 514 1450 566 nisi
1464 514 1528 566 torte
1546 529 1605 568 casn
1621 517 1714 584 eliqua,

96 618 196 698 κρίνειν
212 617 295 694 ὀρθῶς
309 611 370 690 περὶ
385 611 489 682 “titulo
504 608 527 667 *ἶ
549 605 586 684 μὴ
607 605 658 685 ἄρα
676 603 744 681 τό1111
761 599 883 678 111111·
931 615 1041 674 iudicare
1058 621 1198 684 poterunt:
1216 618 1260 670 sed
1271 619 1388 684 percepta
1398 617 1469 682 prius
1480 618 1575 668 ratione
1587 619 1656 670 cirili
1666 619 1714 670 lor·

95 703 221 766 νοιντοδ’
243 704 274 762 ἂν
288 701 351 769 ἴσως
374 695 573 774 εὐσυνετιίιτεροι
594 691 658 773 πρὸς
678 695 763 751 ταῦτα
787 689 883 771 τρόπον
930 726 997 776 ,,,,,,3
1009 721 1213 786 intelligentiores
1225 721 1411 787 quodammodo
1431 720 1501 771 iniis
1519 735 1574 773 esse
1621 726 1705 773 terum

95 795 173 869 τινό,
190 792 317 871 μαθόντες
337 789 399 869 περὶ
422 788 474 846 τῶν
498 784 651 845 πολιτικῶν.
681 777 812 839 Φαίνεται
837 777 884 855 μέν
1086 793 1089 800 ’
1588 736 1620 787 ¹³⁰
1707 762 1714 774 '

96 878 156 958 σόν,
171 883 213 943 ὅτι
228 880 288 942 οὔτε
303 884 327 941 oi
340 875 473 960 σοφισταί,
487 872 546 934 οὗτε
558 874 583 933 οἱ
597 866 885 946 πολιτευόμενοι1περ1

96 977 143 1044 τῆς
158 973 298 1043 πολιτικῆς
314 966 360 1028 καὶ
375 965 544 1044 νομοθετικῆς
557 950 608 1021 οἷοί
627 983 655 1019 τε
675 957 794 1038 έγένοντο
808 955 880 1016 διδοί·

99 1087 183 1124 σκειν.
932 1041 991 1093 dere
1003 1039 1122 1106 potuisse.

141 1151 157 1186 *
174 1149 254 1213 Ἐπεί
269 1147 297 1208 δὲ
320 1142 462 1206 ἀκόλουθόν
477 1144 567 1213 ἐστιν,
583 1139 619 1206 ῶς
631 1139 659 1198 ἐν
672 1139 725 1203 τοῖς
739 1133 886 1214 ἔμπροσθεν
962 1129 1067 1191 Quando
1076 1133 1161 1181 autem
1176 1133 1368 1181 consentaneum
1380 1133 1427 1189 est,
1442 1131 1508 1193 utin
1519 1132 1717 1196 procedentibus

98 1241 225 1322 ἐδείχθη,
248 1237 292 1297 τδν
306 1239 353 1308 τῆς
368 1236 463 1314 ἀρετῆς
478 1229 637 1291 διδάσκαλον
651 1223 697 1286 καλ
709 1223 770 1304 περὶ
787 1221 886 1282 τούτων
931 1220 1095 1281 ostendimus,
1115 1218 1217 1268 virtutis
1232 1218 1380 1282 magistrum
1393 1218 1469 1271 ctiam
1483 1219 1516 1270 de
1529 1219 1569 1270 his
1585 1219 1715 1281 disserere,

98 1329 239 1404 διεξιέναι,
250 1329 302 1385 τῶν
323 1323 456 1405 προτέρων
470 1321 500 1379 οὐ
514 1317 584 1377 ποίνυ
598 1315 660 1394 περὶ
676 1314 764 1392 νόμιον
778 1311 824 1372 καί
838 1335 887 1370 πο-
932 1308 1071 1378 praeturtitu
1084 1322 1164 1374 quum
1185 1308 1325 1373 superiores
1340 1307 1377 1358 illi
1399 1308 1482 1372 legum
1502 1307 1660 1360 terendorum
1676 1323 1716 1358 ar·

98 1418 199 1486 λιτεέας
213 1410 471 1495 διερευνησομένων,
493 1406 596 1488 βέλτιον
617 1405 681 1472 ἴσως
695 1408 766 1481 ἡμᾶς
779 1401 886 1462 ἐπισκέ·
934 1404 983 1451 tem
997 1402 1024 1450 ct
1041 1397 1185 1463 reipublice
1196 1397 1437 1449 administrationem
1456 1412 1504 1448 non
1520 1411 1667 1462 magnopere
1681 1397 1717 1448 in-

98 1510 202 1588 ψασηα,
214 1505 277 1584 περὶ
288 1501 404 1574 τούτων,
420 1502 455 1566 ὡς
467 1495 518 1558 avt
526 1501 542 1570 ἡ
558 1491 718 1574 opesopes.
731 1497 794 1568 ἡμῖν
810 1494 885 1572 φιλο.
935 1488 1087 1553 vestigarunt,
1107 1486 1252 1553 prostiterit
1271 1485 1376 1538 tortasse
1395 1500 1440 1538 nos
1456 1488 1523 1552 ipsos
1539 1487 1571 1537 de
1587 1486 1628 1537 his
1642 1487 1718 1538 rebus

99 1595 197 1676 σοφία,
215 1591 277 1673 περὶ
297 1593 348 1650 τῶν
374 1587 542 1668 ἀνθρωπίνων
561 1573 627 1645 οόσα
640 1584 732 1642 παθῶν
753 1578 800 1640 καί
820 1577 888 1659 πρό·
933 1576 1104 1635 commentari,
1126 1589 1157 1628 ne
1174 1589 1204 1626 ea
1225 1575 1251 1626 io
1265 1590 1316 1642 qun
1332 1589 1462 1627 versamur
1480 1575 1643 1640 philosophia,
1660 1589 1718 1640 que

99 1684 164 1754 Εεων
179 1688 227 1743 τοῦ
241 1679 416 1764 προσήκοντος
431 1679 549 1757 τυχοῦσα
561 1673 666 1746 τέλους,
683 1671 792 1749 μηδενὸς
804 1665 888 1728 έλλεί·
934 1667 1106 1720 11111οω11111
1123 1669 1149 1718 ct
1165 1664 1271 1717 affectus
1288 1669 1314 1717 et
1326 1666 1435 1716 actiones
1453 1669 1557 1731 spectat,
1576 1669 1662 1731 aptum
1678 1679 1719 1716 as·

99 1799 137 1854 πῃ
159 1777 214 1832 τῶν
231 1773 266 1838 είς
288 1773 372 1828 ταῦτα
388 1764 528 1849 ρερόντων.
549 1764 661 1842 Πρῶτον
684 1759 732 1837 μέν
748 1747 792 1818 oio
819 1756 888 1815 εἴτι
934 1761 1020 1811 secuta
1035 1757 1118 1816 linem
1135 1755 1275 1822 quidquam
1286 1754 1411 1806 desideret
1426 1768 1513 1807 eorum
1524 1768 1582 1820 quan
1596 1755 1645 1804 hnc
1662 1768 1718 1820 per·

99 1864 189 1928 καλῶς
201 1858 264 1938 περὶ
279 1859 365 1917 αὐτῶν
387 1853 490 1934 εἴρηται
505 1858 558 1918 τοῖς
572 1845 804 1931 προγενεστέροις,
820 1844 889 1904 κατὰ
934 1849 1022 1900 tinent.
1037 1845 1150 1898 Primum
1168 1843 1280 1909 igitursi
1300 1842 1363 1910 quid
1377 1845 1445 1895 recte
1462 1841 1494 1894 dc
1514 1841 1545 1893 iis
1561 1856 1577 1892 a
1593 1841 1720 1894 veteribus

101 1950 181 2032 μέρος
204 1950 321 2008 ἐπελθεῖν
346 1945 525 2025 πειραθῶμεν·
550 1929 608 1998 εἶτα
630 1935 821 2016 συναγαγόντες
842 1931 889 2000 τδς
934 1937 1029 1989 dictum
1052 1937 1100 1996 est,
1120 1932 1246 1998 sigillatim
1273 1931 1301 1984 id
1319 1931 1434 1998 persequi
1462 1943 1580 1982 conemur
1603 1928 1719 1982 rdoinde

100 2039 256 2114 πολιτείας,
273 2039 411 2115 θεωρῶμεν
431 2032 458 2090 έν
471 2030 563 2096 αιἰταῑς
570 2073 581 2104 ‚
596 2024 614 2085 ό
632 2049 661 2086 τε
676 2023 790 2107 ρθεέρει,
803 2024 848 2082 καὶ
872 2021 888 2080 δ
935 2025 1044 2091 singulas
1055 2023 1201 2087 colligamus
1207 2019 1408 2088 respublicassec
1419 2019 1445 2070 in
1454 2019 1486 2071 iis
1494 2033 1552 2086 quo
1561 2031 1601 2071 res
1611 2022 1655 2069 aut
1666 2031 1719 2067 cor·

102 2130 182 2195 σώζει
206 2124 253 2191 τὰς
273 2120 380 2187 πόλεις·
410 2117 449 2178 έτι
463 2141 493 2177 τε
515 2119 568 2174 τῶν
591 2113 729 2174 πολιτειῶν
745 2107 888 2181 ἕκαίστηνθ
935 2117 1053 2181 rumpant
1067 2113 1143 2164 urbes
1159 2111 1299 2172 rideamus,
1314 2113 1359 2161 aut
1372 2113 1604 2162 conserventztum
1615 2120 1721 2173 queres

103 2214 253 2290 συνίστησι,
268 2219 280 2256 1
296 2209 341 2268 καί
367 2207 384 2267 δ
406 2205 524 2267 διαλύει·
545 2202 590 2262 καί
609 2200 668 2260 τίνα
684 2198 731 2276 μέν
753 2195 888 2278 βασιλείαν
935 2205 1044 2268 singulas
1057 2202 1173 2254 civitates
1184 2201 1275 2266 partim
1283 2199 1444 2258 constituent,
1457 2198 1549 2262 partim
1564 2197 1719 2248 dissolvant:

103 2301 221 2382 συνέχει,
230 2297 287 2358 τίνα
299 2297 327 2356 δέ
339 2291 531 2374 δημοκρατίαν,
545 2289 649 2350 καὶτῶν
666 2289 753 2348 ἄλλων
763 2285 889 2361 έιιοέοτην,
937 2295 1045 2360 denique
1056 2305 1113 2359 quae
1122 2304 1235 2356 regnum,
1250 2303 1307 2355 qun
1318 2288 1404 2354 populi
1416 2287 1552 2352 potentiam
1561 2286 1721 2352 singulasque

102 2390 150 2449 καὶ
164 2389 223 2449 τίνα
237 2387 336 2466 πέρυκε
349 2383 439 2443 λόειν·
454 2379 566 2459 καὶμὴν
581 2380 688 2438 κάκεῖνο
702 2387 714 2426 t
729 2379 889 2454 σκοπῶμεν,
937 2398 1021 2437 rerum
1036 2381 1193 2448 publicarum
1206 2379 1301 2431 formas
1312 2378 1463 2439 contineant,
1482 2379 1507 2428 et
1516 2389 1574 2442 quae
1586 2377 1699 2426 evertant
1713 2395 1720 2424 ι

103 2480 147 2538 διδι
160 2476 238 2543 ποίας
258 2473 342 2541 αἰτίας
365 2477 393 2532 αἱ
409 2470 456 2549 μέν
473 2472 523 2530 τῶν
546 2468 688 2528 πολιτειῶν
702 2467 791 2534 καλῶς
811 2467 891 2525 πολι·
937 2474 1088 2542 quinetiam
1105 2471 1169 2524 illud
1187 2469 1325 2528 videamus,
1339 2466 1433 2534 quibus
1445 2465 1477 2517 de
1493 2465 1575 2516 causis
1593 2463 1648 2515 aliae
1668 2477 1722 2514 res-

102 2566 240 2640 τεόονται,
254 2565 282 2623 αἱ
294 2562 321 2622 δὲ
337 2560 458 2628 ἐναντίως
469 2557 569 2638 έχουσι.
586 2555 697 2617 Τούτων
711 2553 763 2636 χδιρ
781 2553 814 2626 δὴ
826 2555 890 2614 ποίν-
938 2563 1043 2632 publice
1063 2561 1125 2614 bene
1147 2557 1361 2616 administrentur,
1377 2555 1433 2606 alia
1449 2553 1513 2603 male
1531 2555 1657 2616 regantur.
1676 2551 1722 2602 llis
1774 2529 1779 2539 ⁵

103 2680 158 2716 των
181 2650 362 2735 θεωρηθέντων
384 2648 532 2724 συνέδοιμεν
555 2645 586 2706 ἂν
608 2643 654 2704 ant
680 2643 744 2704 ποία
770 2641 891 2702 πολιτεία
938 2651 1130 2708 enimomnibus
1146 2647 1283 2716 perspectis
1298 2649 1325 2697 et
1340 2643 1453 2708 cognitis,
1473 2643 1547 2694 etiam
1570 2639 1632 2691 illud
1650 2639 1722 2691 intol-

104 2745 222 2826 cpiam,
238 2743 283 2802 111111
300 2742 356 2809 πῶς
371 2740 470 2811 1111111]
492 2737 640 2815 ταχθεῖσαι
667 2731 713 2792 καὶ
735 2729 789 2791 1111
803 2730 892 2807 11111011
938 2745 1051 2809 ligemus,
1068 2755 1183 2808 quonam
1207 2738 1241 2790 sit
1257 2735 1350 2802 optima
1371 2733 1468 2791 civitas,
1486 2746 1515 2782 ac
1537 2730 1613 2782 simul
1629 2729 1722 2795 quibus

105 2834 152 2894 καὶ
168 2833 239 2893 ἔθεσι
252 2831 396 2912 χρωμένη,
411 2829 463 2893 τοῖς
479 2820 689 2898 πολιτευομένοις
710 2817 892 2891 λυσιτελήσει·
938 2847 1095 2899 unaquaque
1118 2828 1256 2894 respublica
1276 2829 1330 2877 tum
1348 2823 1479 2880 institutis,
1504 2824 1559 2872 tum
1579 2820 1675 2884 legibus
1696 2821 1723 2870 et

105 2923 227 3000 λέγωμεν
240 2911 283 2980 111
301 2917 453 2996 ἅρξᾶμῑθῠῑ·
938 2923 1051 2975 moribus
1069 2923 1206 2988 temperata
1223 2917 1321 2968 civibus
1338 2912 1470 2980 profutura
1488 2911 1523 2962 sit
1539 2929 1545 2964 ι
1563 2909 1723 2962 exordiamur

148 3010 281 3092 (Scripsi
298 3017 329 3066 ι·
351 3005 456 3084 λέγουσι
482 3000 561 3082 περὶ]
585 2997 650 3059 cod.
673 2997 793 3076 λέγουσιν
820 2995 890 3075 περί.
941 3012 1118 3078 igilurdjffi

106 3133 144 3149 -
161 3109 173 3145 ¹³
188 3097 292 3176 καίτοι]
315 3095 381 3154 σοό.
398 3091 444 3152 καί
465 3113 516 3152 τοι.
539 3097 602 3136 -1
627 3094 690 3146 ποῖα
706 3084 807 3164 ποίοις]
825 3086 891 3144 cod.

106 3194 172 3248 ποῖα
189 3194 282 3246 ποιεῖν.
297 3188 359 3230 -i
374 3179 444 3260 ὅπη]
460 3179 527 3241 cod.
544 3175 614 3236 όποι.
630 3207 670 3222 -
683 3181 695 3212 ⁶
707 3171 766 3234 οὔτε
781 3175 805 3232 ot
817 3175 895 3232 πολι-

107 3275 262 3352 τευόμενοι]
277 3271 342 3331 cod.
355 3267 415 3328 οὔτε
429 3264 637 3342 πολιτευόμενοι.
646 3292 685 3308 -
697 3265 705 3302 1
715 3263 749 3327 ῶς
763 3258 811 3340 ἂν]
827 3259 892 3318 εοό.

108 3367 193 3428 ῶσδιν.
209 3397 250 3412 -··
265 3375 277 3413 ⁸
290 3360 445 3438 συνίστησι]
464 3357 530 3419 cod.
550 3353 679 3427 συνίζησι.
695 3386 735 3398 -
747 3352 759 3388 l
772 3351 896 3429 κάκεῖνο]

110 3457 176 3516 cod.
194 3454 309 3534 κᾴκεῖνο.
323 3451 381 3526 -]

932 828 1040 892 Apparet
1051 840 1116 890 ergo,
1135 839 1181 877 nec
1198 825 1331 890 sophistas.
1346 839 1392 878 nec
1411 827 1664 894 rerumpublicarum
1678 843 1716 878 re·

932 938 999 986 tores
1012 934 1133 986 rationem
1146 933 1245 985 civilem
1261 937 1287 984 et
1301 933 1383 998 legum
1397 933 1556 986 ferendarum
1570 939 1648 988 artem
1667 939 1716 986 tra·

127 3634 193 3683 Tuli
220 3631 271 3679 ΕΙΣ
287 3627 327 3677 ΤΑ
341 3626 402 3676 ΤΟΥ
417 3619 659 3672 improvisione
681 3615 883 3667 uilioulxsll
1063 3611 1227 3653 ιιιιινιιιιιειε
1244 3607 1387 3647 ετιιιοοιιυιι
1405 3601 1611 3644 νιοοιιιοιιιιοιιιιι

455 3694 568 3742 ΤΕΛΟΣ.
1299 3689 1368 3726 riuis.

114 3793 1715 3852 --,.-.-----——--—--

146 3923 160 3950 θ
172 3919 377 3988 Πυραλιπόντων,
396 3914 438 3965 οὗν
449 3915 498 3962 τῶν
513 3909 648 3977 προτέρων,
663 3907 717 3955 κτλ.
