3958 5942
819 383 1068 450 FRAGMENTA.
1321 421 1323 426 Α
1688 389 1745 450 sil

131 528 169 584 δτι
186 527 211 585 ἓν
226 523 326 602 μεραιῷ
348 519 396 598 μὲν
410 519 484 602 τόπῳ
498 522 545 582 οὖν
567 521 622 581 ἔστι
636 521 667 582 τδ
683 521 807 605 ἄπειρον,
829 525 856 584 ἐν
880 526 918 604 τῷ
964 526 978 580 δ
993 519 1051 580 κατ’
1065 518 1175 601 ἀριθμόν
1190 519 1355 596 κινούμενος,
1370 514 1431 579 ἀλλ’
1446 519 1510 580 αἰὼν
1525 523 1538 578 δ
1554 522 1580 580 ἒν
1596 520 1632 580 ἔνθ
1651 521 1747 597 μένων.

130 613 183 694 δλῳ
198 610 282 672 δὲκαὶ
301 612 327 669 ἐν
342 612 381 692 τῷ
395 611 487 678 ἇπλιῦς
501 610 603 692 ἀπείρῳ)
617 611 673 672 ὄντι
688 611 715 671 τί
729 612 826 672 κωλύει
841 611 917 672 ἄπει·
966 607 1082 675 Εἰκότως
1105 606 1155 686 ἀρα
1169 609 1195 666 ἐν
1210 611 1248 685 τῷ
1263 607 1373 686 δυνάμει
1394 608 1502 688 λέγεται
1515 599 1581 668 ε’ίναι
1596 611 1625 668 τὸ
1640 613 1747 692 ἄπειρον

131 725 175 784 ρον
196 691 261 761 εἶναι
283 703 379 778 σῶμα,
395 699 461 780 πρὸς
483 697 529 770 τὴν
544 699 669 774 τοιαύτην
686 699 807 762 ἔνστασιν
826 699 917 780 λέγει,
964 697 1008 756 καί
1021 699 1068 756 οὐκ
1081 699 1107 756 ἐν
1121 698 1159 777 τῷ
1175 695 1302 776 ἐνεργείᾳ.
1317 697 1357 756 Τὸ
1370 695 1417 774 μὲν
1433 698 1484 778 γὰρ
1501 697 1622 778 μερισθὲν
1637 699 1748 779 ὥρισται

129 793 169 850 δτι
181 793 202 850 εἰ
218 789 346 850 ἀδύνατον
362 788 441 848 τόπον
458 787 520 848 ἀπει
538 813 566 848 ον
583 779 650 849 εἶναι
663 835 672 867 ,
686 791 713 849 ἐν
727 789 801 872 τόπῳ
819 789 846 848 δὲ
862 798 915 849 πᾶν
964 784 1017 860 ἀεί,
1039 785 1074 853 ὥς
1087 808 1165 866 φησιν
1186 783 1322 863 Εὔδημος,
1341 786 1385 844 καὶ
1408 789 1455 846 οὒκ
1470 785 1540 846 ἔστιν
1563 786 1685 867 ἀπειρόν·
1701 813 1749 848 πε-

130 885 224 959 σῶμα,
239 879 366 939 ἀδύνατον
379 877 485 956 άπειρον
501 813 568 937 edin
583 881 670 956 σῶμα.
682 877 738 950 Τὴν
754 877 780 936 δέ
795 877 915 958 πρόσλη-
963 874 1128 954 περασμένον
1143 874 1195 956 γάρ
1206 875 1400 957 πεπερασμένῳ
1412 877 1582 957 προστίθεται
1592 884 1626 956 ,η
1641 877 1668 936 δὲ
1680 877 1746 936 διαί-

130 973 174 1048 ψιν
188 969 236 1043 τὴν
249 969 380 1046 λέγουσαν
401 966 470 1026 ἀλλὰ
497 965 548 1044 μὴν
572 966 701 1028 ἀδύνατον
715 966 795 1027 τόπον
809 966 917 1048 ἀπειρον
964 965 1096 1044 ρεσιςοάχ
1112 963 1265 1022 ὑπολείπει·
1281 963 1358 1044 δγάρ
1380 963 1475 1043 γένοιτ’
1493 965 1540 1039 ἀν,
1560 967 1610 1046 οὐχ
1622 963 1748 1046 ὥρισται·

129 1051 210 1134 ε’ίναι,
227 1059 315 1130 τίθησι
328 1057 374 1118 καί
388 1055 581 1127 κατασκευάζει
594 1054 637 1114 ud
657 1061 703 1118 τοῦ
721 1055 802 1126 δεῖξαι
814 1055 855 1117 δτι
869 1056 917 1114 οὐκ
962 1050 992 1110 τδ
1007 1049 1034 1111 δὲ
1049 1051 1169 1130 ἀόριστον
1184 1053 1266 1112 ποσὸν
1283 1051 1421 1132 ἄπειρον.)

130 1150 200 1208 ἔστιν
214 1152 240 1209 ἐν
255 1149 329 1229 τόπῳ
347 1137 413 1206 εἶναι
431 1145 461 1206 τὸ
474 1144 511 1222 μὴ
528 1144 555 1203 ἔν
571 1169 621 1206 τινι
644 1145 718 1228 τόπῳ
731 1145 768 1206 όν.
789 1147 874 1206 Τοῦτο
889 1141 915 1202 δὲ
1003 1159 1039 1202 ³⁵.
1061 1139 1100 1200 Τδ
1115 1139 1188 1220 δέτῇ
1208 1139 1297 1212 νοήσει
1312 1141 1444 1201 πιστεύειν
1466 1141 1577 1202 ἀτοπον·
1593 1143 1622 1202 οὗ
1637 1142 1688 1223 γάρ
1706 1142 1749 1202 ἐπὶ

130 1238 193 1298 διότι
207 1241 259 1297 τῶν
273 1239 399 1308 κοινῶνὴ
419 1234 525 1315 ῦπαρξις
541 1238 566 1294 ἐν
579 1243 632 1302 τοῖς
642 1240 701 1294 καθ’
715 1234 816 1294 ἕκαστά
832 1237 913 1294 ἐστιν.
962 1233 1008 1288 τοῦ
1022 1225 1180 1310 πράγματος
1201 1233 1218 1300 ἠ
1243 1226 1360 1310 ὑπεροχὴ
1381 1229 1426 1291 καλ
1443 1234 1461 1301 ’δ
1486 1229 1617 1312 ἔλλειψις,
1634 1231 1692 1291 ἀλλ’
1706 1231 1749 1290 ἐπὶ

129 1321 169 1389 Οῦ
182 1329 233 1410 γάρ
248 1328 319 1407 γένος
332 1351 355 1386 τι
372 1333 559 1406 κατηγορεῖται
572 1328 598 1384 ἐν
612 1325 721 1406 ὑπάρξει
736 1326 916 1400 όντος,τοῦτο
961 1319 1008 1388 τῆς
1037 1317 1162 1387 νοήσεως.
1185 1315 1321 1377 Ἕναοτον
1349 1317 1400 1398 γάμ
1424 1323 1501 1397 ἡμῶν
1528 1319 1645 1392 νοήσειεν
1676 1320 1749 1378 ἀντι

129 1417 175 1476 καλ
188 1417 285 1493 ἀτομόν
300 1415 325 1476 τί
341 1419 430 1488 ἐστιν,
445 1406 498 1474 οἷον
513 1419 535 1475 εἷ
551 1416 698 1494 ἄνθρωπος,
712 1412 756 1472 καὶ
766 1413 804 1480 τίς
816 1411 916 1492 ἀνθρω·
931 1447 933 1449 -
962 1405 1163 1465 πολλαπλάσιον
1179 1409 1274 1465 cautos
1287 1405 1371 1476 οὕίονν
1386 1411 1421 1476 οἷς
1441 1409 1565 1490 ἄπειρον·
1581 1411 1639 1468 ἀλλ’
1654 1411 1683 1468 οὗ
1706 1409 1749 1466 διὰ

130 1529 188 1574 πος.
202 1507 282 1568 Οὕτω
297 1505 324 1565 δὲ
342 1505 387 1564 καί
402 1506 424 1564 εί
445 1505 473 1564 τὸ
488 1503 538 1564 ποὺ
555 1493 607 1564 οἷον
623 1503 653 1562 τὸ
674 1503 727 1562 ἀνω
742 1501 759 1573 ἢ
774 1501 805 1562 τδ
827 1503 914 1576 κάτω,
962 1501 1039 1556 τοῦτο
1057 1495 1106 1564 ἔξω
1118 1501 1165 1556 τοῦ
1179 1495 1270 1563 ἀστεός
1286 1494 1325 1562 τίς
1339 1496 1409 1556 ἔστιν
1431 1495 1448 1566 ἣ
1462 1502 1508 1554 τοῦ
1522 1499 1660 1568 τηλικοῦδε
1675 1497 1750 1575 μεγέ·

130 1602 208 1656 τοῦτο
223 1596 307 1657 καλόν
321 1595 394 1676 τόπῳ
408 1593 464 1654 ἐστὶ
481 1593 568 1656 καὶτὸ
585 1596 611 1651 έν
632 1592 706 1672 τόπῳ
726 1592 830 1659 πάντως
845 1614 913 1664 που,
962 1591 1033 1658 θους,
1049 1584 1063 1646 δ
1077 1585 1187 1667 ἔχομεν,
1210 1584 1250 1644 ὅτι
1265 1591 1318 1645 νοεῖ
1337 1608 1392 1663 τις,
1407 1583 1466 1644 ἀλλ’
1477 1583 1517 1646 δτι
1531 1583 1616 1645 ἔστιν·
1632 1590 1709 1646 τοῦτο
1721 1584 1749 1644 δὲ

130 1687 201 1744 τοῦτ’
218 1683 288 1745 ἔστιν
308 1681 325 1755 ἣ
342 1683 429 1756 ἀνω-δ]
452 1683 541 1758 κάτω,
565 1683 687 1754 ἢάπλῶς
710 1680 736 1740 ἔν
757 1703 808 1739 τινι
824 1681 915 1760 ἀτόμῳ
963 1673 1140 1752 συμόέόηκεν.

128 1773 216 1855 τόπῳ·
232 1773 274 1832 διά
288 1779 365 1834 τοῦτο
379 1773 430 1854 γδιρ
445 1775 503 1834 οὐδὲ
518 1773 598 1833 ποσδν
615 1772 705 1837 ἀπλιῦς
722 1768 818 1829 ἔστιτὸ
832 1767 912 1829 ἄπει·
1004 1764 1192 1840 (Αιὶεῑοῑείεε
1208 1762 1296 1839 Phys.
1314 1761 1366 1820 lib.
1377 1761 1421 1821 Ili
1435 1783 1501 1840 cap.
1514 1764 1531 1820 8
1544 1783 1574 1841 p.
1590 1767 1659 1822 208.
1675 1783 1699 1821 a.
1716 1776 1748 1831 τίς

129 1885 187 1943 ρον,
202 1861 242 1921 δτι
266 1863 368 1940 ἀνάγκη
389 1864 435 1922 καὶ
449 1863 474 1922 τὶ
490 1863 570 1923 ποσὸν
586 1861 649 1920 αὐτὸ
664 1856 846 1942 ἀφωρισμένον
869 1847 912 1916 ε’ί-
961 1853 1007 1913 ed.
1021 1853 1141 1912 Bekker.
1153 1852 1321 1930 Simplicius
1335 1851 1386 1913 soi.
1401 1872 1467 1910 τοο.
1482 1851 1509 1909 b.
1525 1850 1622 1930 (cons.
1636 1853 1748 1914 Scholl.

128 1943 252 2028 ναι,οἷον
265 1953 295 2013 τό
310 1951 587 2034 δίπηχυῆτρίπηχυ,
607 1950 682 2032 εἴπερ
696 1949 726 2008 τδ
741 1946 825 2007 κοινὸν
838 1950 911 2028 ἐντῷ
961 1941 993 2000 in
1008 1943 1098 2004 Arist.
1119 1963 1148 2020 p·
1172 1942 1243 2018 369.
1268 1959 1296 2001 a.
1322 1941 1367 1998 ed·
1390 1939 1549 2017 andis.)
1569 1943 1598 1999 οὗ
1616 1941 1666 2020 *rip
1682 1941 1707 2000 εἴ
1719 1965 1745 2000 τι

129 2041 279 2122 ἅτόμῳτην
295 2041 405 2124 ὕπαρξιν
421 2043 485 2122 ἔχει,
510 2043 544 2102 ‘0
566 2043 655 2122 μέντοι
670 2038 794 2115 Εὔδημος
812 2035 910 2113 ipoio'-
960 2035 1068 2108 νοοῦμεν
1090 2029 1136 2091 καὶ
1158 2028 1343 2110 φανταζόμεθα
1365 2027 1410 2087 καί
1434 2031 1670 2108 όνειροπολοῦμεν,
1695 2031 1746 2102 ἤδη

129 2153 179 2207 γως
198 2129 268 2210 ἔχειν
283 2135 347 2206 φησὶ
365 2131 396 2191 τ“ο
412 2131 459 2208 μὲν
479 2131 504 2192 τί
522 2132 585 2212 πρὸς
611 2131 641 2190 τδ
654 2128 729 2203 τόδε,
744 2125 773 2185 τδ
794 2123 820 2184 δέ
835 2122 909 2182 ποιὸν
960 2119 1093 2180 τοῦτοκαὶ
1106 2119 1189 2178 ἔστιν·
1206 2117 1275 2178 οῦτοι
1290 2116 1341 2196 γὰρ
1356 2116 1388 2176 δν
1404 2117 1449 2176 καί
1461 2119 1623 2200 τραγέλαφος
1636 2116 1688 2188 εἴη,
1703 2121 1749 2178 καλ

127 2217 193 2296 πρὸς
210 2221 240 2280 τδ
254 2211 323 2296 οἷον,
348 2221 378 2280 τθ
393 2221 421 2279 δὲ
437 2219 517 2281 ποσθν
541 2220 605 2302 πρὸς
618 2220 648 2278 τό
663 2218 739 2292 ὅσον,
758 2215 788 2274 τδ
811 2211 839 2272 δὲ
861 2210 909 2271 ποὺ
960 2209 1047 2268 πολλδι
1062 2207 1139 2289 έτερα
1155 2198 1191 2266 dn
1205 2207 1278 2266 οὐδὲν
1294 2205 1352 2265 οῦτε
1367 2207 1436 2264 ἔστιν
1448 2205 1507 2266 οὔτε
1521 2207 1654 2300 ἐνδέχετρι
1669 2199 1747 2268 εἶναι.

128 2307 192 2384 πρὸς
206 2308 237 2368 τὸ
250 2300 300 2390 οὗ,
322 2310 368 2369 χαὶ
389 2308 423 2369 τὰ
439 2309 486 2388 μὲν
509 2303 575 2369 εἶναι
593 2313 650 2370 καθ’
665 2309 743 2381 ὅλης,
759 2309 793 2369 τὰ
810 2308 837 2368 δὲ
851 2309 910 2369 καθ’
960 2297 1069 2378 Ὥσπερ
1079 2297 1130 2377 γάρ
1146 2299 1170 2355 οἱ
1182 2295 1290 2376 γραῳεῖς
1306 2295 1392 2354 πολλδι
1404 2299 1492 2354 νοοῦσι
1507 2295 1553 2353 καί
1565 2297 1709 2376 γράφουσιν
1720 2299 1749 2355 οὐ

128 2395 240 2472 ἕκαστα,
257 2390 308 2460 οἷον
323 2398 410 2479 τὸμὲν
422 2399 471 2459 ποῦ
486 2403 513 2460 έν
524 2399 614 2481 τόπῳ,
630 2399 660 2459 τὸ
674 2400 701 2459 δὲ
716 2391 745 2458 οῦ
762 2399 906 2478 Ἀθήνησιν.
962 2385 1040 2464 μόνον
1054 2386 1127 2460 οἶδα,
1153 2384 1221 2443 ολλλλ
1237 2383 1282 2443 καλ
1299 2381 1381 2464 μαρὰ
1402 2382 1460 2441 αναλ
1476 2383 1614 2460 μεγάλαν,
1636 2385 1682 2441 ααλ
1697 2407 1749 2461 pe-

128 2485 164 2545 Ὁ
188 2486 276 2563 μέντοι
295 2489 476 2569 Ἀριστοτέλης
501 2488 569 2549 ἔοικε
591 2489 621 2548 τὸ
644 2487 694 2547 ποθ
720 2487 776 2546 ἀντὶ
791 2490 837 2547 τοῦ
858 2482 917 2544 καθ’
961 2477 1030 2554 γάλα
1046 2474 1104 2534 ἆναλ
1129 2478 1248 2555 μακρῶν,
1274 2471 1402 2532 αλααααλ
1421 2476 1438 2543 ἡ
1454 2469 1586 2554 φαναααλα
1608 2472 1703 2553 γραφαί
1722 2474 1748 2530 λα

128 2573 431 2658 ἕκαστονλαμςάνριν,)
961 2569 1028 2641 αὑτῇ
1054 2564 1098 2625 καὶ
1112 2564 1224 2624 πλάττει
1242 2559 1323 2642 μυρία
1349 2564 1402 2620 τῶν
1424 2561 1461 2638 μὴ
1486 2560 1586 2634 όντων,
1611 2561 1655 2620 καὶ
1679 2560 1749 2620 οἱίτω
1787 2585 1790 2592 ’

171 2684 207 2724 34.
227 2668 266 2726 Οὐ
283 2667 322 2724 δεῖ
343 2665 370 2725 δὲ
394 2665 424 2725 τδ
440 2665 549 2744 δυνάμει
572 2665 600 2726 θν
617 2665 762 2744 λαμὸάνειν
786 2665 876 2744 ὥσπερ
890 2662 913 2720 εἷ
961 2652 1046 2734 Δναρη
1064 2650 1157 2732 χῑλλοαν
1172 2650 1287 2710 αααδλανν
1304 2649 1360 2711 ἕααλ
1377 2651 1555 2732 φανααζααθαῑ
1574 2654 1622 2722 τῆς
1646 2649 1748 2718 πόλεως

128 2753 237 2814 δυνατὸν
255 2757 325 2815 τοῦτ’
350 2756 491 2838 ἀνδριάντα
508 2746 593 2830 εἶναι,
618 2759 653 2822 ὡς
675 2755 721 2816 καί
745 2757 819 2817 ἔσται
841 2752 913 2814 τοῦτ’
965 2742 1047 2822 μοίζον
1061 2741 1106 2801 νολ
1121 2738 1286 2821 '‘dimili’'
1301 2743 1380 2816 αὐτοῦ
1397 2740 1470 2805 ἔναλα
1484 2743 1529 2811 τῆς
1544 2739 1656 2806 αολαος·
1677 2741 1750 2799 Κολλ-

126 2842 251 2922 ἀνδριάς,
266 2844 391 2905 οὕτωκαὶ
405 2845 511 2926 ἀπειρόν
526 2870 569 2920 τι,
586 2845 599 2905 δ
614 2845 687 2906 ἔσται
703 2845 828 2927 ἐνεργείορ.
841 2843 912 2902 Ἀλλ’
960 2833 1015 2892 λνον
1028 2831 1080 2914 γαρ
1094 2819 1169 2908 ολμαῑ
1179 2830 1209 2890 τὸ
1224 2830 1273 2897 ἔἕο)
1289 2834 1333 2888 τοῦ
1348 2827 1439 2897 ολοτῑοο
1455 2827 1536 2896 οὕτως
1552 2829 1664 2902 dimitti,
1685 2833 1720 2895 ὡς
1736 2833 1750 2888 ὅ

126 2930 187 2990 ε’πεί
201 2935 342 3014 πολλαχῶς
356 2934 386 2994 τὸ
407 2925 486 3010 εἶναι,
502 2933 591 3016 ὥσπερ
612 2941 629 3010 ἡ
652 2933 740 3016 ἡμέρα
765 2936 819 2993 ἐστὶ
833 2931 878 2993 καὶ
898 2933 912 2990 ὁ
963 2921 1088 3000 Εὔδημος
1103 2921 1193 2992 iiiii&
1210 2920 1244 2978 αα
1256 2925 1303 2990 ταῖν
1315 2919 1493 2997 καθηγεμόνος
1503 2968 1509 2990 ‚
1519 2923 1562 3008 λος
1583 2919 1689 2995 μείζονα
1703 2924 1750 2992 τῆς

127 3019 201 3098 ἀγὼν
217 3025 255 3103 τῷ
279 3022 318 3082 ἀεί
334 3023 400 3082 ἄλλο
423 3024 467 3083 καί
489 3023 555 3082 ἀλλο
575 3022 706 3104 γίνεσθαι,
729 3022 797 3081 οὕτω
821 3019 912 3081 καὶτὸ
961 3013 1062 3078 πόλεως
1076 3010 1120 3070 τὀν
1133 3010 1219 3088 Λνοίρη
1233 3008 1454 3090 φανταζομένονν,
1468 3008 1514 3068 κοιλ
1527 3009 1564 3086 μὴ
1580 3012 1615 3076 ὡς
1631 3007 1750 3076 Ἀλέξαν-

127 3108 246 3190 ἀπειρον.
273 3113 326 3173 Καὶ
347 3113 398 3194 γάρ
412 3113 455 3174 ἐπὶ
478 3111 575 3172 τούτων
598 3113 653 3172 ἔστί
674 3110 720 3173 ,καί
744 3110 852 3188 δυνάμει
867 3107 912 3169 καί
962 3101 1020 3180 ὅρος
1038 3099 1185 3178 ἕξηγῑῖοον,
1206 3099 1270 3160 ὅταν
1284 3103 1356 3176 ἡμᾶς
1371 3098 1464 3164 αὖτοὺς
1477 3097 1549 3156 ἔνδον
1566 3097 1643 3164 ὄντος
1659 3097 1750 3164 οἷοτῑος

126 3198 256 3280 ἐνεργείᾳ.
274 3199 412 3280 Ὀλόμπια
437 3201 488 3282 γάρ
513 3203 568 3260 ἐστι
591 3199 636 3259 καὶ
661 3204 698 3280 τῷ
720 3199 845 3260 δύνασθαι
865 3199 912 3259 τὸν
963 3189 1012 3258 ἷξον
1024 3189 1175 3266 νονίοονμῑν,
1191 3187 1208 3260 ἣ
1223 3189 1438 3256 πολλαπλασίους
1454 3187 1523 3248 >md
1535 3187 1566 3246 το
1581 3187 1701 3265 μὲγῑθος,
1715 3191 1751 3254 ὡς
1845 3197 1848 3205 “

128 3290 217 3366 ἀγῶνα
232 3289 349 3367 γίνεσθαι
371 3291 415 3350 καλ
431 3295 467 3371 τῷ
490 3290 616 3368 γίνεσθαι.
634 3287 734 3356 Ἄλλως
751 3290 772 3348 δ’
789 3289 815 3348 έν
830 3312 859 3348 τε
875 3293 913 3372 τῷ
960 3283 1006 3338 τοῦ
1020 3277 1069 3346 ἔξω
1086 3282 1132 3335 τοῦ
1146 3275 1239 3344 ἅοτοοο
1255 3275 1324 3335 md
1338 3277 1382 3337 τὀν
1393 3277 1472 3336 τόπον
1487 3275 1591 3356 ἔχοντος
1603 3273 1679 3350 μόνον
1694 3275 1743 3348 τὴν

126 3376 216 3460 χρόνῳ
227 3379 305 3451 δῆλον
318 3381 348 3440 τδ
360 3380 467 3461 άπειρον
480 3379 525 3439 καί
539 3379 644 3440 ἐπὶτῶν
657 3377 857 3459 ἀνθρώπωνκαὶ
870 3377 913 3438 ἐπὶ
960 3370 1148 3452 παραλλαγήν.
1168 3371 1222 3432 Καὶ
1237 3369 1320 3430 ἔοικεν
1335 3371 1417 3438 οῦτως
1438 3370 1585 3449 ἐξηγεῖσθαι
1603 3367 1646 3440 διδΙ
1658 3369 1687 3428 τδ
1705 3372 1750 3430 ἐπ’

126 3471 175 3536 τῆς
191 3467 341 3548 διαιρέσεως
356 3472 407 3528 τῶν
423 3471 552 3548 μεγεθῶν.
963 3462 1043 3522 άλλου
1059 3463 1104 3521 καὶ
1119 3461 1200 3521 ἄλλου
1213 3463 1325 3520 ἀκοῦσαι
1337 3462 1367 3518 τὸ
1380 3460 1438 3518 ἀλλ’
1454 3460 1482 3518 οὐ
1499 3459 1542 3519 διδι
1555 3463 1632 3518 τοῦτο
1642 3457 1691 3527 ἔξω
1703 3464 1749 3518 τοῦ

170 3557 357 3636 (Aristoteles
375 3557 464 3634 Phys.
486 3555 540 3619 lib.
563 3555 606 3614 lll
621 3577 686 3635 cap.
709 3559 727 3614 6
754 3577 783 3634 p.
801 3560 911 3620 aona.
961 3549 1055 3617 ἀστεός
1072 3549 1097 3608 τί
1114 3551 1169 3608 ἔστι
1192 3548 1238 3607 καὶ
1264 3545 1330 3620 rii
1356 3553 1400 3609 τοῦ
1414 3549 1569 3621 τηλικούτου
1597 3547 1751 3626 μεγέθουςδ

131 3649 166 3704 18
181 3647 228 3706 cd.
242 3647 362 3706 Bekker.
377 3647 546 3726 Simplicius
559 3646 608 3705 sol.
624 3655 691 3714 ιτα..
707 3645 738 3705 b.
753 3651 776 3703 εί
790 3646 872 3704 δὲκαὶ
886 3648 913 3706 ἐν
963 3642 1069 3722 ἔχομεν.
1083 3642 1115 3701 Si
1126 3643 1198 3702 fides
1211 3643 1373 3722 Simplicio,
1385 3644 1461 3702 male
1474 3643 1588 3722 accepit
1600 3642 1751 3701 Eudemus

126 3739 166 3816 τῷ
181 3737 335 3817 διαιρεῖσθαι
355 3736 490 3816 θεωρεῖται
508 3734 539 3793 τὸ
554 3736 596 3794 ἐπ’
613 3735 734 3817 ἄπειρον,
751 3732 788 3812 μὴ
805 3735 909 3812 θαυμᾶ-
965 3733 1126 3792 Aristotelis
1150 3734 1263 3812 locnm,
1277 3752 1365 3809 quem
1381 3735 1461 3792 solus
1476 3731 1643 3790 Alexander
1668 3744 1747 3790 recte

128 3829 187 3897 σῆς·
210 3825 306 3906 τὸγὰρ
327 3831 442 3886 τοιοῦτον
467 3824 582 3905 ἐνεργείᾳ
597 3824 627 3884 τὸ
651 3827 677 3884 ίν
697 3828 734 3904 τῷ
748 3825 868 3902 γίνεσθαι
882 3824 912 3884 τὸ
963 3823 1168 3901 interpretatus
1189 3835 1243 3883 est.
1273 3823 1316 3880 De
1344 3822 1461 3899 reliquo
1487 3821 1567 3900 quod
1591 3822 1695 3880 attinet
1710 3820 1747 3878 ad

128 3891 195 3973 είναι
213 3913 273 3997 ἔχον
298 3915 416 3975 σόνεστιν
432 3913 473 3975 ἀεὶ
493 3919 531 3996 τῷ
549 3915 670 3992 δυνάμει.
695 3913 749 3974 Καὶ
770 3913 812 3971 δεδι
837 3919 912 3976 τοῦτο
962 3913 1053 3970 verba
1068 3913 1103 3978 ὡς
1114 3911 1219 3987 μείζονα
1233 3914 1281 3981 τῆς
1295 3909 1395 3975 πόλεως
1410 3910 1454 3968 τὸν
1472 3911 1559 3989 Διάρη
1577 3908 1744 3990 φανταζομέ-

128 4001 186 4083 ἔχει
201 4003 244 4062 ἀεὶ
260 4004 309 4078 τὴν
322 4006 348 4062 ἐν
364 4008 402 4086 τῷ
421 4003 538 4082 γίνεσθαι
552 4004 718 4086 παράτασιν,
736 4003 776 4063 ὅτι
793 4007 915 4083 οὐδαμῶς
964 4025 1026 4080 νων,
1040 4006 1207 4084 exemplum
1229 4024 1289 4082 quo
1304 4004 1397 4062 utitur
1417 4005 1544 4082 scriptor
1559 4001 1651 4061 habet
1666 4003 1750 4062 etism

127 4099 175 4152 τοῦ
199 4095 309 4172 δυνάμει
331 4093 485 4156 ἀπολύεται.
514 4093 653 4154 Ἀπολυθέν
677 4095 727 4175 γάρ
752 4095 823 4153 ἔστιν
847 4097 912 4179 άπερ
963 4093 1136 4155 Aristoteles
1148 4095 1185 4154 de
1198 4096 1297 4154 anima
1308 4092 1362 4154 lib.
1378 4092 1409 4152 lI
1425 4095 1517 4172 cap.6
1532 4089 1601 4150 κατδι
1616 4091 1753 4170 συμῦεῦη·

129 4181 184 4240 ἐστὶ
198 4183 244 4241 καλ
258 4183 339 4263 πέρας
355 4181 411 4263 ἔχει
430 4182 475 4242 καί
492 4183 565 4242 οὐδὲν
584 4181 700 4262 ἄπειρον.
725 4185 772 4243 Διὸ
786 4183 819 4242 td
839 4189 910 4268 ἔνερ-
962 4185 1006 4254 κὸς
1022 4185 1049 4245 δὲ
1067 4189 1173 4267 λέγεται
1194 4185 1332 4262 αἰσθητόν,
1355 4177 1408 4244 οἷον
1430 4188 1452 4245 εἶ
1468 4185 1498 4246 τδ
1512 4186 1605 4246 λευκὸν
1620 4185 1663 4258 εἴη
1686 4185 1752 4246 Διά-

127 4269 186 4352 γείογ
202 4273 288 4350 μόνως
306 4272 369 4332 ὄντα
393 4272 442 4332 ὅλα
457 4273 513 4350 ἅμα
529 4272 584 4332 ἐστὶ
599 4269 644 4330 καί
670 4270 730 4330 οὔτε
754 4272 784 4332 τὸ
806 4273 914 4353 δυνάμει
964 4299 1021 4356 ρους
1035 4276 1087 4343 υίός
1099 4323 1106 4350 ,
1119 4277 1171 4336 nbi
1187 4275 1254 4334 vide
1267 4273 1292 4332 Τ
1296 4275 1607 4354 sendelenburgium.]

128 4363 198 4421 ἐστὶν
213 4365 240 4421 ἐν
253 4367 355 4438 αὐτοῖς,
369 4363 428 4424 οὔτε
441 4361 472 4423 τὸ
484 4363 529 4422 ἐπ’
543 4362 660 4444 ἄπειρον,
677 4362 726 4422 Ad
739 4363 797 4422 οὐδὲ
815 4364 909 4446 χρόνος
1003 4391 1039 4431 ac.
1064 4370 1179 4450 Ὁμοίως
1190 4373 1212 4430 δ’
1228 4371 1330 4451 ἀνάγκη
1345 4372 1390 4431 καὶ
1403 4369 1464 4452 περί
1483 4370 1564 4431 τόπου
1578 4367 1623 4428 τὸν
1637 4365 1748 4451 φυσικὸν
1834 4392 1838 4402 ’

160 4538 198 4586 3ο.
215 4537 268 4585 Non
283 4539 379 4602 oporiet
392 4541 477 4589 aulem
486 4538 610 4591 infinitum
622 4543 732 4607 potentia
744 4546 779 4600 sic
791 4544 913 4608 accipere,
995 4547 1032 4592 35.
1052 4541 1129 4607 Atqui
1147 4542 1283 4594 absurdum
1299 4545 1351 4604 esi,
1373 4541 1510 4592 intellectui
1531 4539 1647 4600 credere;
1669 4551 1751 4602 neque

127 4625 157 4672 nt
175 4625 233 4673 acin
245 4625 344 4676 landem
367 4625 469 4690 evadat,
491 4629 701 4694 quemadmodum
722 4631 743 4682 si
767 4637 848 4698 pniest
870 4632 917 4682 hnc
962 4632 1027 4682 enim
1039 4631 1064 4680 in
1076 4631 1130 4695 ipsa
1145 4646 1173 4683 rc
1187 4636 1225 4684 esi
1238 4631 1388 4684 abundantia
1399 4633 1424 4680 et
1436 4627 1567 4686 defectus,
1581 4627 1661 4678 sedin
1675 4625 1750 4674 intel-

126 4715 213 4764 siatua
223 4727 285 4778 esse,
302 4717 349 4767 crit
360 4717 408 4768 hoc
421 4719 503 4770 statua
514 4720 623 4772 tandem.
640 4721 689 4774 Sed
701 4737 778 4788 quum
793 4720 914 4785 multipli·
962 4719 1036 4770 lectu.
1046 4713 1752 4786 Nimirumunumquemquenostrumeliquismmtomn-

126 4802 192 4853 citer
204 4804 331 4869 quidpiam
344 4819 398 4856 cese
411 4804 527 4868 dicmur,
543 4809 669 4872 quomodo
681 4811 734 4861 dies
749 4813 787 4862 est
799 4813 823 4861 et
834 4813 916 4860 cerie·
960 4809 1040 4873 iorem
1055 4809 1134 4860 semet
1154 4809 1209 4876 ipso
1226 4811 1316 4874 fingat,
1339 4819 1502 4872 nugenseum
1520 4803 1692 4855 ininiiniium.
1719 4805 1750 4852 m

127 4907 184 4944 men
197 4909 228 4945 cx
240 4909 270 4946 eo
281 4894 350 4961 quod
367 4909 464 4961 semper
480 4897 548 4949 aliud
565 4903 639 4964 atque
654 4900 721 4952 aliud
735 4901 777 4962 m,
792 4900 828 4950 sic
842 4898 917 4950 etiam
962 4914 1010 4950 non
1022 4897 1078 4950 ideo
1090 4899 1214 4966 quispiam
1230 4904 1301 4952 exim
1319 4899 1406 4950 urbem
1422 4900 1519 4948 estant
1537 4905 1596 4957 nos,
1617 4893 1662 4958 qui
1680 4896 1750 4944 lania

126 4983 260 5034 iniiniium.
281 4985 378 5037 Etenim
399 4986 425 5036 in
441 4987 481 5037 his
501 4990 540 5038 εει
560 4992 586 5038 ει
601 4990 710 5053 potentis
729 4993 754 5040 et
774 4992 832 5039 actu
852 5001 915 5038 esse.
968 4989 1064 5040 statum
1076 5002 1178 5052 sumus,
1195 4987 1305 5053 corporis
1316 4985 1488 5050 magnitudine
1501 4984 1617 5047 superat,
1630 4980 1698 5046 quod
1707 4981 1751 5032 uii-

127 5073 193 5121 Sunt
202 5073 267 5123 enim
281 5075 407 5140 Olympia,
423 5079 477 5126 ium
489 5075 548 5140 quia
561 5077 613 5127 iieri
626 5081 708 5142 potest
719 5081 851 5140 certamen,
863 5081 916 5128 tum
962 5077 1020 5143 quis
1030 5077 1108 5141 fingit,
1122 5077 1166 5129 sed
1180 5077 1247 5142 qnod
1259 5089 1346 5127 revera
1358 5075 1404 5124 esi.
1418 5076 1472 5123 Hoc
1483 5075 1567 5122 aulem
1580 5069 1677 5122 accidit.

126 5162 187 5226 quia
200 5163 235 5213 m.
254 5165 331 5216 niiier
349 5168 433 5216 nutem
449 5168 519 5229 patet
539 5165 664 5216 infinitum
681 5167 706 5216 in
720 5169 831 5232 tempure
843 5171 917 5232 atquc
995 5169 1032 5217 36.
1050 5168 1083 5215 ut
1095 5168 1179 5216 nutem
1191 5164 1223 5214 de
1232 5163 1337 5221 infinito,
1354 5162 1466 5213 similiter
1478 5159 1510 5210 de
1526 5159 1580 5210 Ιοσο
1597 5171 1697 5210 necesse
1711 5159 1750 5207 esi

127 5251 154 5300 in
165 5251 307 5308 hominibus
320 5257 345 5304 ei
358 5253 382 5304 in
396 5252 517 5304 divisione
529 5253 728 5318 magnitudinum
739 5269 801 5305 csse.
963 5253 1108 5318 physicum,
1122 5256 1207 5302 uirum
1225 5251 1258 5302 sit
1276 5265 1321 5300 nec
1340 5265 1371 5302 nc
1406 5255 1432 5302 ei
1449 5247 1575 5316 quomodo
1591 5250 1635 5312 sii,
1651 5244 1750 5312 etquid

130 5385 133 5392 ι
224 5347 319 5384 enims.
338 5347 416 5385 enne.
438 5347 475 5385 m.
1601 5383 1628 5430 ¹5
