3958 5942
792 367 1035 432 FRAGMENTA.
1111 429 1112 432 ,
1648 369 1707 432 20¹1

110 498 144 560 τδ
158 496 309 578 άνθριύπινα
323 500 460 573 κατιδεῖν,
474 495 657 577 άγνοοῶντάχε
672 495 706 556 τά
720 502 786 560 θεῖα.
800 502 887 559 Τοῦτο
933 523 1013 574 σεως,
1029 497 1118 580 ῶσπερ
1137 521 1168 576 γε
1190 498 1222 571 δὴ
1248 499 1294 558 καί
1318 497 1450 575 σώματος.
1492 496 1558 559 Ὀτι
1579 498 1606 557 δί
1626 499 1707 570 καίἡ

111 585 160 665 μίν
181 578 224 647 ούν
240 589 261 645 εἰ
278 585 371 659 άληθός
392 587 543 668 ἰστιν,οὐκ
557 583 589 643 θν
612 584 717 645 δύναιτό
730 609 768 654 τις
783 587 883 646 διατει-
933 588 1050 660 αἴσθησις
1064 586 1197 661 ἀληθεύειν
1211 587 1325 668 πέφυκε,
1351 589 1445 660 δῆλον.
1489 590 1529 648 ot
1545 587 1596 666 γάρ
1612 579 1664 646 οίόν
1680 611 1709 646 τε

109 676 215 755 νόμενος
230 679 324 737 εἰπεῖν.
367 675 495 736 Διιῖλεδ
519 665 563 734 ούν
585 675 700 736 Πλάτων
716 675 764 747 τάν
778 700 806 736 τε
821 677 881 758 περὶ
933 677 975 735 τὸν
996 677 1181 753 αἰσθανόμενον
1195 675 1232 753 μὴ
1251 677 1309 754 ούχί
1325 675 1438 755 πάσχειν
1455 697 1490 734 τι·
1506 675 1617 754 πάσχων
1637 675 1663 734 δὲ
1679 676 1710 734 τὸ

110 769 161 828 τῶν
176 765 242 826 δλων
259 763 487 848 φιλοσοφίαν,καί
505 763 551 837 τὴν
566 763 721 839 πολιτικήν,
735 763 815 825 ἔτιδὲ
832 764 882 837 τὴν
932 765 1012 832 πάθος
1026 767 1056 824 θν
1072 764 1162 836 εἰδείη·
1179 767 1273 841 γνῶσις
1292 754 1336 830 ab
1351 763 1389 830 τίς
1402 768 1457 824 ἐστι
1471 763 1517 823 καί
1535 769 1552 836 ἡ
1570 762 1702 834 αἰσθησις.

110 855 229 934 λογικήν.
648 868 651 872 ’
933 852 1011 913 ’tiit
1027 852 1078 930 μὴν
1102 856 1123 910 εἰ
1138 852 1168 911 τδ
1184 852 1351 912 αἰσθάνεσθαι
1367 852 1478 931 πάσχειν
1491 851 1517 908 τί
1531 853 1619 926 ἐστιν,
1634 850 1705 909 άπαν

151 941 310 1020 (Eusebius
327 941 484 1020 Praeparat.
503 940 614 1016 Evang.
638 939 691 1002 lib.
708 939 765 1014 xi,
784 961 847 1018 cap.
867 941 883 998 ’ό
934 939 961 999 δὲ
976 940 1007 1000 τὸ
1019 941 1122 1020 πάσχον
1137 941 1190 999 ὑπό
1203 963 1248 998 του
1260 939 1373 1018 πάσχει,
1398 939 1503 1008 πάντως
1517 936 1548 996 διν
1565 935 1651 1016 ἕτερον
1668 937 1707 1008 εἴη

111 1025 302 1108 Ἀριστοκλέους
326 1027 386 1108 περί
410 1033 457 1100 τῆς
479 1029 548 1087 κατὰ
568 1027 702 1088 Πλάτωνα
724 1027 885 1108 φιλοσοφίας.
933 1029 961 1088 rb
975 1034 1063 1088 ποιοῦν
1078 1029 1123 1088 καί
1144 1027 1174 1088 τδ
1189 1029 1302 1108 πάσχον.
1348 1026 1432 1088 Ὥστε
1454 1031 1557 1106 πρῶτον
1577 1025 1618 1096 εἰη
1633 1025 1663 1084 δν
1679 1025 1710 1082 τὸ

112 1116 319 1196 Superioribus
347 1129 442 1175 autem
468 1117 528 1174 haec
556 1115 677 1193 subjicit
704 1115 848 1175 Eusebius
877 1136 886 1177 ε
932 1117 1071 1197 λεγόμενον
1085 1116 1182 1196 ἕτερον·
1193 1108 1304 1190 οἶον,τδ
1314 1119 1411 1196 χρῶμα
1425 1113 1600 1194 καίόψόφος·
1614 1111 1707 1171 ἔπειτα

112 1203 234 1278 τοιαύτης
248 1203 327 1276 ούσης
341 1208 388 1275 τῆς
410 1202 480 1262 κατὰ
496 1203 628 1263 Πλάτωνα
644 1203 813 1284 φιλοσοφίας,
828 1227 889 1262 και·
933 1206 959 1263 δὲ
975 1203 1002 1262 ἓν
1015 1204 1045 1263 τὸ
1066 1203 1094 1264 δν
1109 1206 1156 1264 ούκ
1170 1203 1252 1265 ἔσται·
1272 1204 1316 1262 καί
1336 1203 1387 1278 μὴν
1402 1201 1461 1261 οὐδὲ
1477 1202 1611 1273 ἀκίνητον,
1628 1200 1710 1278 ἡγὰρ

112 1292 209 1370 ρδςκαί
227 1293 275 1365 τὴν
289 1291 645 1374 Ἐόραίωνέπισκέψασθαι,
663 1297 758 1374 μακρῷ
774 1291 886 1370 πρόσθεν
933 1293 1051 1368 αἰσθησίς
1073 1296 1129 1353 ἐστι
1156 1293 1265 1365 κίνησις.
1323 1291 1416 1370 Ταύτῃ
1443 1289 1566 1370 βούλεται
1594 1297 1645 1354 πᾶς
1669 1311 1709 1353 τις

112 1379 129 1451 ἢ
152 1379 285 1440 Πλάτωνα
302 1379 437 1458 γινίσθαι,
461 1379 504 1438 τὸν
529 1377 617 1455 ὅμοιον
643 1377 888 1458 πεφιλοσοφηκότων
936 1378 1005 1439 κατδι
1028 1379 1103 1461 φύσιν
1123 1379 1192 1459 ἔχειν
1206 1380 1254 1448 τίις
1269 1380 1417 1452 αἰσθήσεις,
1440 1377 1485 1436 άτε
1507 1377 1538 1447 δὴ
1558 1374 1708 1451 πιστεύειν,

112 1467 218 1548 τρόπον.
261 1467 354 1548 Εύροις
371 1466 394 1526 δ’
411 1459 454 1526 ούν
472 1467 516 1526 καί
532 1469 593 1546 παρ’
610 1468 697 1533 αὐτοῖς
710 1464 757 1536 τήν
772 1489 800 1524 τε
815 1465 887 1542 σύμ·
936 1459 1029 1546 οἶμαι,
1045 1471 1100 1534 ταῖς
1118 1455 1295 1546 ύγιαινούσαις
1317 1469 1416 1544 μᾶλλον
1442 1465 1535 1534 teate
1558 1461 1705 1530 νοσούσαις.

109 1579 198 1634 φωνον
213 1555 267 1628 ,τὴν
289 1553 452 1635 τριμάρειαν,
474 1557 571 1626 ἠθικῶν
595 1578 623 1614 τε
646 1553 691 1612 καί
714 1556 824 1631 λογικῶν
841 1553 887 1612 καί
935 1555 1050 1622 Εἰκότως
1064 1555 1115 1634 ἄρα
1133 1555 1177 1613 καί
1196 1556 1276 1622 δεινός
1290 1578 1329 1620 τις
1345 1553 1408 1632 ἔρως
1423 1553 1507 1610 αὐτῶν
1523 1557 1586 1626 ἡμῖν
1602 1552 1710 1622 ἐντέτη-

115 1647 231 1722 φυσικῶν
248 1644 427 1720 μαθημάτων,
449 1641 522 1700 τόνδε
538 1641 683 1711 ἐπιστήσας
708 1639 752 1698 τὸν
777 1639 883 1720 τρόπον.
933 1667 987 1701 κεν.
1031 1642 1124 1709 Οὐδείς
1148 1641 1178 1723 γά
1205 1667 1245 1702 τοι
1270 1641 1306 1720 μὴ
1333 1641 1458 1718 μεμηνὼς
1485 1638 1564 1698 ἕλοιτ’
1591 1637 1621 1696 ἄν
1646 1661 1709 1696 ποτε

113 1731 225 1810 Scripsi
238 1738 249 1766 ⁸
262 1731 351 1796 ἁπλῶς
365 1730 466 1810 μηθέν]
477 1751 541 1789 cum
557 1730 643 1788 codd.
659 1749 714 1807 pro
725 1729 816 1806 μηδέν.
830 1730 888 1776 -b
934 1731 995 1807 μίαν
1011 1731 1130 1804 αἴσθησιν
1151 1732 1302 1804 άπούοιλεῖν,
1318 1730 1386 1795 ὅπως
1402 1728 1574 1808 αὑτῷπάντα
1590 1727 1623 1784 τίι
1640 1726 1708 1784 άλλα

107 1805 155 1875 ’διὰ
180 1815 344 1898 γάρέκεῑνο]
368 1837 383 1878 e
406 1816 503 1892 vigeri
531 1816 721 1893 conjecturu;
752 1813 822 1872 tibi-i
846 1814 888 1874 διδι
935 1818 1142 1898 οἰηαθίιγένοιτο.
1190 1818 1259 1886 Τοὺς
1272 1821 1300 1876 δὲ
1316 1817 1505 1882 διαύάλλοντας
1521 1814 1601 1881 αύτδις
1612 1817 1708 1892 ἐχρῆν,

112 1906 162 1986 γάρ
179 1904 287 1966 ἐκείνου.
304 1936 344 1950 -
934 1907 1125 1986 πεπεισμένους
1143 1930 1173 1985 γι
1188 1907 1228 1965 ότι
1252 1906 1338 1982 μάτην
1363 1906 1448 1984 ἰχοιεν
1470 1902 1566 1976 αύτάς,
1589 1903 1709 1966 εἰπόντας

152 2013 175 2055 a.
198 1991 288 2052 Ἄλλοι
312 1992 334 2052 δ’
359 1992 475 2072 ἐγένοντο
493 1990 592 2058 τούτοις
606 1989 652 2062 τὴν
667 1989 784 2049 ἐναντίαν
800 1988 887 2070 φωνὴν
934 1997 1030 2078 ἅπερὸ
1048 1997 1184 2078 Πάνδαρος
1207 1995 1278 2072 λέγει
1298 1993 1371 2075 παρὰ
1386 1995 1424 2072 τῷ
1448 1989 1563 2071 Ὁμήρῳ
1578 1989 1638 2067 περὶ
1656 1992 1708 2046 τῶν

114 2077 238 2160 άφιίντες.
281 2078 392 2139 Οἰονται
418 2078 470 2158 γάρ
488 2071 541 2138 δεῖν
564 2079 610 2146 τδις
626 2077 673 2155 piu
692 2075 826 2146 αἰσθήσεις
842 2077 887 2136 καί
934 2090 1025 2146 ἑαυτοῦ
1042 2085 1130 2152 τόξων·

112 2171 159 2236 τὰς
178 2167 322 2248 φαντασίας
338 2167 533 2242 καταύάλλειν,
548 2167 618 2246 αὐτῷ
633 2164 660 2224 δί
677 2163 753 2244 μόνον
768 2167 806 2244 τῷ
820 2166 889 2245 λόγῳ

115 2256 252 2316 πιστεύειν.
294 2259 318 2316 Τ
319 2262 410 2316 οιαῶτα
425 2256 476 2336 γάρ
491 2279 548 2314 τινα
562 2254 689 2335 πρότερον
707 2251 753 2329 μίν
768 2253 888 2332 Ξενοφά-
1002 2237 1083 2288 Abrta'
1096 2235 1167 2285 ‘'m''
1176 2233 1215 2282 ἀπ’
1227 2233 1291 2295 Ψῖθ
1302 2232 1382 2294 ’ἰάθη
1397 2229 1466 2292 ‘4⁹⁰²
1482 2228 1675 2292 ὢθθτθίοίθώίν

995 2311 1015 2358 εἰ
1029 2310 1061 2368 μὴ
1078 2309 1125 2368 ἰγὼ
1135 2307 1192 2356 τάδε
1204 2305 1260 2360 τόξα
1272 2307 1360 2366 φαεινῷ
1371 2304 1394 2350 ἰν
1404 2303 1458 2363 πυρὶ
1471 2301 1547 2358 θείην,

114 2368 177 2416 νης,
202 2343 247 2403 καί
275 2343 459 2425 Παρμενίδης,
483 2343 527 2402 καί
557 2341 665 2416 Ζήνων,
683 2342 728 2400 καί
757 2341 889 2407 Μέλισσος
996 2376 1226 2441 mmmm.
1242 2371 1571 2435 ἀνεμώλιαΥχρμΜπηχεῖ,

113 2439 213 2518 ἔλεγον,
227 2441 333 2521 ὕστερον
353 2441 375 2499 δ’
391 2442 414 2499 οἱ
429 2441 489 2518 περί
506 2437 647 2500 Στίλπωνα
661 2437 707 2496 καί
721 2435 780 2500 τούς
797 2437 887 2514 Μεχα-
1005 2431 1012 2442 '

114 2527 211 2608 ρικούς.
255 2526 335 2590 'Oica
346 2527 432 2602 ἠξίουν
445 2519 514 2587 ούτοί
526 2550 554 2604 γε
571 2526 601 2586 τὸ
616 2525 643 2584 δν
659 2527 686 2584 ἓν
701 2513 781 2596 εἰναι,
801 2523 846 2581 καί
860 2522 890 2581 τὸ
938 2517 968 2576 τὸ
998 2513 1063 2592 μετδι
1080 2517 1155 2571 τοῦτο
1174 2507 1381 2586 διαλυμηνασθαι
1402 2504 1490 2572 πάσας
1507 2505 1554 2571 itit<
1576 2502 1707 2576 αἰσθήσεις

114 2618 202 2696 ἕτερον
218 2616 255 2694 μὴ
271 2605 347 2690 εἶναι,
363 2613 430 2694 μηδὲ
443 2615 582 2694 γεννᾶσθαί
595 2637 632 2690 τι,
649 2611 716 2690 μηδὲ
728 2610 887 2692 φθείρεσθαι,
936 2605 1044 2662 ἑαυτῶν.
1086 2600 1167 2660 Ούτω
1182 2598 1233 2678 γθρ
1248 2597 1279 2655 ἄν
1294 2619 1332 2663 τις
1344 2593 1476 2654 &timisti
1490 2595 1576 2658 αὐτοῖς
1590 2590 1658 2670 ipit?
1672 2591 1711 2698 ij·

112 2703 182 2782 μηδὲ
197 2711 322 2764 κινεῖσθαι
336 2703 366 2764 τὸ
384 2703 520 2784 παράπαν.
544 2703 598 2764 Τὸν
614 2701 661 2778 μίν
675 2693 718 2760 ούν
733 2699 816 2772 πλείω
826 2699 890 2781 πρὸς
937 2692 1089 2762 δάσκουσιν,
1111 2693 1145 2756 ὥς
1169 2692 1204 2754 Εἰς
1227 2685 1299 2746 οὐδὲν
1326 2686 1411 2742 αὐτῶν
1438 2683 1545 2742 δέοιντο·
1590 2681 1654 2740 Νυνὶ
1680 2679 1707 2736 θί

111 2791 218 2858 τούτους
227 2793 303 2870 λόγον
315 2791 427 2869 ἰσόμεθα
438 2795 642 2872 φιλοσοφοῦντες·
653 2788 708 2848 νυνί
720 2789 809 2867 μέντοι
826 2789 888 2868 πρὸς
936 2789 1011 2841 τοῦτο
1027 2777 1197 2838 διτοπόιτατόν
1218 2777 1284 2835 ἐστι.
1336 2771 1495 2853 ’appictum
1517 2770 1567 2850 titt>
1591 2771 1705 2849 ἀποφαί-

112 2883 189 2937 τοῦτο
197 2878 312 2942 λεκτέον.
331 2879 458 2958 Εἰποιμεν
471 2878 520 2958 γάρ
533 2879 573 2952 άν,
583 2881 644 2946 ῶςύ
660 2877 708 2956 μίν
722 2877 798 2956 λόγος
810 2880 887 2953 ἡμῶν
941 2891 1026 2936 νοντες
1040 2867 1120 2934 atet<
1137 2871 1175 2946 τῷ
1188 2863 1274 2944 λόγῳ,
1288 2870 1341 2929 τοῖς
1361 2861 1445 2942 ἔργοις
1456 2861 1490 2920 τύ
1507 2860 1622 2935 μάλιστα
1637 2857 1706 2938 χρώ·

113 2967 154 3039 εἴη
167 2967 195 3026 τύ
209 2967 350 3029 θειότατον·
366 2969 394 3027 ού
416 2967 467 3046 μὴν
483 2965 550 3027 ἀλλδι
569 2969 607 3026 δεῖ
621 2989 650 3046 γε
666 2967 773 3036 καὶτῆς
789 2963 885 3034 αἰσθή-
910 2963 915 3028 1
938 2982 1011 3039 μενοι
1023 2959 1183 3017 διατελοῦσιν
1200 2955 1299 3020 αὐτοῖς.
1353 2949 1391 3011 Ὅ
1407 2950 1436 3031 γά
1451 2973 1490 3009 τοι
1505 2949 1637 3013 Μέλισσος
1655 2947 1712 3006 ίθί-

114 3113 504 3127 —mfl——nn-n
718 3101 1220 3124 Ὶ-ιιη-“-““ιιιιιιιιι--σισ-ιι-
1233 3101 1235 3108 ·
1249 3101 1260 3110 ιι
1275 3101 1277 3108 ι
1293 3099 1407 3110 ...ιι-ιιι
1415 3095 1676 3108 ι-ιι-ι---ιι-

113 3199 170 3236 curn
188 3187 302 3244 Socrate,
327 3200 357 3236 ex
377 3199 455 3252 eoque
474 3187 634 3250 quaesivisse,
656 3185 719 3249 quid
741 3197 825 3234 rerum
845 3182 893 3233 sibi
937 3185 1028 3230 Sensus
1043 3179 1117 3240 igitur
1134 3175 1238 3238 cognitio
1258 3173 1372 3236 quaedam
1386 3175 1431 3221 eet.
1445 3175 1501 3221 tam
1519 3170 1541 3219 si
1556 3169 1648 3219 sentire
1662 3167 1714 3230 pati

113 3273 234 3338 mendum
255 3277 334 3336 esset,
349 3278 377 3326 ut
396 3275 626 3340 philosopharetur,
650 3289 702 3338 quo
716 3273 891 3338 respondente,
939 3266 1028 3332 aliquid
1047 3269 1099 3325 est,
1110 3266 1135 3314 et
1149 3261 1268 3327 quidquia
1283 3260 1382 3324 patitur,
1395 3260 1426 3310 ab
1445 3259 1527 3322 aliquo
1546 3257 1647 3321 patitur,
1672 3268 1714 3305 se·

116 3362 248 3414 humanam
272 3362 347 3413 ritum
372 3363 545 3426 speculandam
567 3367 592 3412 et
621 3361 820 3426 perscrutandam
847 3359 894 3423 ipsi
935 3349 1229 3420 'quituromnine,quod
1243 3349 1361 3399 etiroitab
1378 3347 1487 3411 eoquod
1502 3345 1594 3410 patitur
1610 3342 1716 3394 essedi-

115 3463 185 3510 esse,
204 3450 290 3500 risisse
303 3449 391 3500 tntum
402 3489 408 3512 ,
421 3463 498 3513 quum
510 3452 610 3514 negaret
622 3451 729 3499 bumana
740 3459 894 3513 quemquam
937 3455 1045 3494 versum.
1059 3438 1224 3500 Quamobrem
1237 3436 1406 3487 existimamus
1417 3435 1524 3499 primum
1544 3433 1568 3483 id
1582 3446 1634 3482 eise
1647 3431 1713 3494 quoti

115 3537 247 3600 pervidere
257 3551 345 3601 posse,
361 3538 404 3602 qui
425 3538 449 3588 in
467 3539 607 3589 divinorum
618 3537 769 3601 ignoratione
783 3549 893 3586 uersare
938 3531 1062 3581 diversum
1073 3530 1182 3586 vocatur,
1194 3523 1328 3588 cujusmodi
1338 3522 1471 3574 sunteoior
1480 3525 1505 3569 et
1518 3532 1611 3568 sonus:
1627 3517 1715 3567 deinde
1749 3583 1752 3586 Ι

121 3629 174 3675 tur.
191 3625 219 3674 ld
229 3638 302 3688 porra
315 3639 401 3676 rernm
415 3626 462 3690 sit,
474 3639 519 3676 nec
532 3639 578 3688 ue,
595 3628 624 3675 ut
635 3625 741 3674 maxime
753 3623 892 3686 contendat,
938 3616 1060 3681 quidquid
1073 3619 1112 3666 est
1128 3629 1176 3664 non
1190 3626 1243 3664 esse
1258 3625 1342 3662 unum.
1396 3609 1526 3660 Enimvero
1544 3621 1574 3656 no
1589 3604 1715 3656 immobile

118 3715 231 3762 statuere
243 3725 315 3764 neruo
326 3715 416 3777 potest.
432 3713 502 3764 Pinio
514 3713 598 3776 igitur*
607 3710 785 3774 philosophiam
797 3711 821 3760 tn
839 3723 893 3760 earn
939 3708 1037 3772 quietem
1048 3705 1108 3755 tunt
1120 3708 1173 3760 est,
1185 3717 1262 3768 quum
1275 3701 1327 3764 ipsa
1336 3697 1456 3750 sentiendi
1474 3695 1538 3746 actio
1555 3696 1638 3744 motus
1657 3692 1713 3754 qui-

116 3813 173 3862 quaa
185 3799 217 3850 ate
230 3800 343 3850 universo
363 3799 512 3863 disputaret,
536 3799 562 3850 ia
582 3798 735 3862 prudentiam
750 3798 846 3858 civitem
869 3800 894 3848 et
938 3795 1045 3848 damsit.
1079 3793 1200 3850 Quocirca
1221 3803 1292 3840 nemo
1312 3791 1365 3848 est,
1388 3785 1431 3848 qui
1451 3798 1498 3832 non
1517 3795 1605 3832 sensus
1620 3779 1716 3830 nativos

115 3887 250 3938 disserendi
265 3888 385 3938 rationem
400 3887 505 3950 partitus
523 3891 570 3938 est.
938 3883 1028 3932 babere
1042 3879 1116 3940 velit,
1130 3878 1219 3938 credo,
1234 3875 1302 3940 quod
1316 3887 1401 3924 omnes
1412 3871 1477 3921 sanis
1492 3869 1573 3932 potius
1588 3881 1661 3930 quam
1676 3867 1713 3914 vi·

146 3979 173 4026 2.
193 3973 241 4024 atti
254 3975 402 4024 omnifariam
416 3975 455 4024 tris
466 3987 552 4026 vocem
564 3973 709 4025 emiserunt.
724 3975 817 4024 Sensus
829 3971 893 4021 enim
938 3969 1007 4020 tiosis
1016 3968 1089 4019 sidem
1102 3966 1242 4029 utjungant.
1258 3965 1288 4012 ιιι
1300 3961 1386 4011 merito
1400 3971 1458 4010 sane
1472 3957 1603 4008 vehemens
1615 3954 1714 4018 quietam

118 4063 219 4125 visaque
238 4062 319 4112 omnia
336 4062 434 4112 omniuo
455 4061 620 4127 repudianda,
641 4063 685 4112 uni
708 4061 796 4111 rationi
821 4059 894 4110 iidem
938 4058 1035 4109 ittorum
1046 4068 1115 4106 arnor
1131 4053 1202 4103 nobis
1213 4051 1287 4102 altius
1305 4048 1401 4100 insidet.
1418 4049 1492 4096 Nemo
1504 4048 1571 4094 certe
1584 4057 1658 4092 sanus
1668 4057 1714 4092 un·

117 4149 298 4214 adjungendam
318 4153 414 4214 putant.
432 4150 499 4200 Talia
520 4149 597 4214 primo
612 4149 781 4213 xenophonte,
796 4151 895 4198 Parme-
939 4160 1014 4210 quam
1035 4129 1177 4208 reperiatur,
1188 4141 1231 4204 qtti
1247 4141 1276 4190 ut
1287 4136 1383 4188 caeteris
1402 4136 1472 4186 bonis¹
1485 4133 1599 4184 omnibus
1612 4132 1715 4193 truatur,

117 4237 196 4301 nidis,
214 4240 318 4290 zenonis
332 4243 357 4290 et
371 4240 463 4290 Melissi
475 4279 482 4300 ,
492 4239 579 4290 deinde
589 4239 705 4304 Stilponis
722 4253 753 4289 ae
765 4241 894 4300 Megaren-
939 4248 1026 4284 sensus
1040 4233 1079 4283 vet
1094 4231 1167 4281 unius
1176 4229 1299 4290 iacturam
1317 4226 1396 4275 tacere
1409 4223 1475 4274 vetit.
1508 4221 1556 4281 Qui
1576 4223 1660 4271 autem
1674 4232 1716 4270 eas

116 4327 180 4376 sium
205 4326 295 4390 piacita
314 4327 421 4378 iuerunt.
443 4327 610 4385 Quamobrem
633 4328 658 4378 ht
674 4327 794 4391 quidquid
815 4329 893 4388 esset,
939 4323 1107 4382 criminantur,
1131 4319 1185 4370 ilias
1200 4318 1285 4381 utique
1302 4314 1437 4376 adductos,
1459 4315 1488 4362 ut
1508 4325 1596 4363 sensns
1618 4309 1717 4360 inutiles

117 4413 328 4464 unumnuutaaat
345 4427 418 4466 esne:
438 4414 504 4477 quod
523 4413 554 4464 ab
576 4413 745 4466 endiversum
768 4415 850 4475 esset,
869 4412 895 4462 id
940 4425 994 4462 esse
1006 4408 1160 4469 credant‚id
1180 4406 1261 4471 ipsum
1274 4405 1305 4456 de
1326 4403 1447 4464 sensibus,
1463 4401 1529 4464 quod
1545 4400 1608 4464 apud
1626 4402 1715 4450 Home·

115 4514 166 4563 non
174 4513 228 4551 esse
242 4514 248 4545 τ
263 4501 373 4566 generari
386 4501 465 4552 nibit.
482 4502 541 4552 nibit
551 4503 689 4566 eorrumpi,
704 4502 798 4552 moveri
816 4515 890 4564 pror·
938 4515 994 4551 rum
1009 4499 1135 4550 Pandarus
1150 4497 1181 4548 de
1200 4509 1259 4546 arcu
1283 4507 1328 4544 suo
1350 4493 1461 4553 dicebat,
1475 4501 1595 4552 usurpare
1616 4490 1715 4552 oporte·

115 4601 161 4637 sus
181 4588 240 4638 nibit
261 4589 409 4640 statuebant.
427 4589 550 4639 universus
564 4589 626 4640 istos
642 4589 704 4640 alius
716 4590 764 4640 erit
783 4588 894 4653 pluribus
940 4592 1005 4642 hat:

115 4675 301 4741 Phfl⁰⁸⁰Ph³¹¹di
322 4677 391 4727 ¹⁰⁰¹¹⁵
408 4697 414 4726 ²
433 4690 498 4728 ¹¹⁰⁰ss
518 4681 617 4740 autem,
635 4677 702 4741 quod
723 4676 755 4727 ὅθ
765 4677 829 4727 hauc
842 4690 894 4726 Υθῐθ
991 4683 1171 4742 insensuamibi
1184 4682 1297 4727 continuo
1312 4681 1383 4734 caput
1393 4677 1487 4730 παίεται
1501 4672 1585 4725 boetia,

115 4763 221 4826 attinet,
243 4763 277 4814 ita
291 4764 470 4816 ratiocinamur.
519 4766 617 4815 Partem
628 4764 705 4814 nostri
719 4762 895 4813 divinissimam
993 4758 1021 4802 ιιι
1038 4757 1144 4811 nactum
1167 4749 1355 4798 tenementum
1373 4757 1484 4796 niernum,
1506 4743 1601 4822 suffitio
1619 4741 1660 4784 itta
1676 4752 1720 4794 per

115 4863 173 4902 esse
185 4849 303 4902 rationem
324 4851 373 4916 ipsi
390 4865 489 4916 quoque
512 4853 638 4902 fatemur:
658 4850 701 4901 sed
722 4854 803 4900 [amen
821 4862 894 4899 sensu
990 4825 1081 4881 ροπιίιιε
1096 4826 1159 4868 iners
1177 4821 1275 4878 pendet,
1290 4817 1373 4862 mediis
1386 4813 1602 4869 trajeceroflammu
1630 4809 1718 4862 [rrnroa

114 4940 249 5004 praterea,
269 4938 477 5002 quemadmodum
499 4943 525 4990 et
544 4952 646 5004 corpore
669 4951 777 5002 egemus.
791 4939 894 4986 Sensum
939 4931 1062 4996 simulque
1074 4942 1160 4980 sensus
1172 4940 1257 4977 omnes
1269 4937 1327 4974 suos
1337 4921 1498 4984 exstinguere.
1518 4919 1581 4966 Tum
1593 4914 1658 4965 euim
1670 4913 1716 4964 de·

115 5039 177 5078 vero
190 5027 263 5078 etiarn
274 5029 362 5090 suapte
372 5031 460 5077 natura
475 5027 608 5080 veridicum
618 5040 688 5088 esse,
704 5029 814 5090 apparet.
834 5026 895 5073 Nara
939 5035 1008 5070 mum
1021 5018 1082 5070 tides
1093 5017 1153 5082 ipsis
1164 5015 1306 5072 baberetur,
1324 5023 1400 5074 quum
1412 5007 1442 5057 iis
1457 5005 1504 5056 sibi
1514 5003 1574 5054 nibil
1587 5017 1649 5068 opus
1662 5016 1722 5053 esse

114 5117 160 5184 qui
172 5118 263 5181 sentit,
278 5117 363 5169 istieri
377 5132 425 5168 non
436 5121 534 5184 potest,
549 5119 609 5182 quin
621 5116 713 5180 aliquid
726 5115 842 5180 patiatur.
864 5116 896 5164 Αι
940 5108 1042 5172 reipsa
1070 5106 1209 5170 probarent.
1256 5103 1326 5150 Nune
1353 5109 1411 5146 vero
1434 5093 1584 5158 ineptissime
1608 5091 1714 5156 iariuat,

114 5204 160 5272 qui
170 5205 333 5271 patitur‚boe
343 5206 425 5271 ipsum
437 5206 503 5271 quod
516 5205 617 5270 patitur,
630 5204 727 5256 norerit
738 5215 836 5254 neeesse
848 5203 894 5252 est.
940 5198 984 5262 qui
1003 5207 1081 5259 quum
1101 5207 1143 5244 eon
1155 5189 1256 5241 inutiles
1280 5199 1335 5238 esse
1357 5183 1438 5236 verbis
1458 5181 1603 5247 significent,
1629 5180 1719 5232 iisdem
