3934 5956
495 389 723 475 ETHICORUM
743 389 1082 455 Nleomncnuonunl
1102 392 1387 457 PARAPHRASIS.

470 563 538 640 Κεφ.
559 559 593 618 δ’.
683 595 691 614 ι
1297 577 1355 642 tlap.
1384 578 1428 628 IV.

137 721 197 778 Ὀτι
208 724 251 775 τδν
262 724 386 790 ἀκροατὴν
394 723 445 772 τῶν
453 723 508 788 περὶ
521 729 563 783 τῆς
576 723 702 782 πολιτικῆς
711 723 791 786 λόγων
808 723 923 790 ἔμπειρον
970 720 1028 764 ¹³¹¹OE
1046 719 1090 775 qui
1104 718 1164 764 cilffi
1180 718 1412 775 lil¹1d⁴³¹¹fiae⁰llelam
1429 718 1528 765 dnum
1541 721 1592 774 0⁸2.
1604 731 1685 767 eorum
1704 735 1755 780 quaa

272 797 333 846 εἶναι
350 797 389 845 δεῖ
403 798 451 844 τῶν
469 793 538 844 κατὰ
549 795 590 844 τὸν
606 793 660 858 βίον
671 794 790 861 πράξεων.
1118 790 1143 834 in
1157 790 1204 836 vita
1225 793 1326 846 aguntur
1341 791 1501 848 periturum
1514 791 1605 838 debere.

177 940 194 972 ⁴*
208 935 247 998 Ἤ
256 935 302 1014 μὲν
315 929 360 996 οὖν
372 935 544 1017 προσήκουσα
553 935 636 1016 κρίσις
648 936 791 1014 τῶνλόγων
803 937 921 1012 τοιαύτη.
1003 955 1036 1003 nt
1048 952 1172 1018 iudicium
1191 953 1294 1018 quidem
1313 953 1382 1018 quod
1401 953 1428 1004 in
1444 953 1492 1003 hae
1508 953 1638 1019 disciplina
1653 957 1758 1022 requiri.

140 1030 230 1106 Κρινεῖ
248 1026 275 1084 δέ
286 1027 373 1084 ἀκτῖνα
390 1027 479 1094 καλῶς
494 1025 510 1084 ἀ
524 1023 665 1104 γινώσκει,
682 1026 838 1085 καὶτούτων
855 1025 924 1086 ἐστίν
972 1044 1022 1100 tur,
1045 1042 1095 1092 tale
1115 1043 1161 1094 est.
1196 1042 1284 1100 Quivis
1307 1045 1392 1092 autem
1412 1045 1480 1093 recte
1492 1042 1523 1093 de
1540 1044 1571 1094 iis
1583 1044 1680 1109 judicat
1700 1059 1758 1110 qma

140 1113 235 1192 ἀγαθδς
251 1112 353 1194 κριτής.
376 1109 465 1172 Ὥστε
489 1112 534 1172 καὶ
554 1113 598 1172 ἐπί
613 1119 660 1186 τῆς
675 1119 814 1188 πολιτικῆς
829 1117 926 1184 ἐκεῖνος
972 1129 1056 1188 novit,
1072 1129 1202 1194 bonusque
1222 1143 1308 1180 eorum
1329 1129 1465 1194 estjndex.
1498 1133 1588 1196 ltaque
1604 1135 1629 1182 et
1651 1132 1682 1184 de
1700 1147 1758 1198 pru-

140 1211 222 1283 κρινεῖ
247 1205 353 1276 καλῶς,
367 1201 395 1270 ὃς
414 1203 622 1282 πεπαιδευμένος
646 1204 702 1263 ἐστί
725 1203 758 1263 τδι
783 1205 926 1278 πολιτικά,
973 1219 1056 1269 dantia
1070 1217 1137 1269 civili
1149 1218 1360 1282 rectejudicabit,
1373 1219 1417 1283 qui
1429 1221 1482 1285 ajns
1500 1234 1575 1272 usum
1592 1222 1718 1286 percepit,
1729 1238 1759 1273 ac

140 1293 185 1352 καὶ
208 1293 261 1351 ἀπδ
281 1297 326 1352 τοῦ
343 1289 440 1371 χρόνον
456 1299 549 1372 πεῖραν
567 1290 661 1350 έλαόεν
676 1296 774 1353 αὐτῶν·
788 1294 834 1352 καί
851 1299 865 1352 ό
880 1293 927 1369 μὲν
974 1306 1092 1371 temporis
1102 1319 1298 1370 progressuram
1315 1307 1464 1380 experiendo
1475 1307 1564 1358 didicit
1583 1325 1588 1358 :
1612 1312 1637 1360 et
1657 1309 1699 1360 ille
1716 1311 1760 1376 qui

143 1383 169 1440 ἔν
183 1403 237 1439 τισι
259 1384 374 1461 μερικοῒς
390 1380 600 1458 πεπαιδευμένος
616 1386 704 1442 ἐκεῖνα
721 1392 803 1464 κρινεῖ
825 1385 927 1450 καλῶς·
973 1398 999 1445 in
1014 1394 1118 1458 singulis
1135 1394 1210 1445 rebus
1225 1397 1264 1444 est
1278 1393 1405 1454 eruditus,
1420 1398 1487 1445 recto
1501 1395 1532 1446 de
1552 1394 1602 1446 illis
1610 1395 1733 1458 judicabit
1753 1419 1759 1447 :

144 1470 202 1532 δδέ
218 1470 276 1550 περί
304 1479 357 1530 πᾶν
381 1470 591 1546 πεπαιδευμένος
609 1471 751 1554 ἀξιόχρεως
766 1471 841 1532 ἔσται
867 1473 928 1554 περὶ
973 1483 1017 1548 qui
1042 1497 1101 1533 vero
1122 1483 1148 1532 in
1169 1482 1297 1541 omuibus,
1318 1482 1457 1547 intelligens
1473 1483 1584 1533 omnium
1607 1485 1761 1536 existimator

143 1559 253 1620 πάντων
278 1559 377 1640 κριτής.
399 1558 450 1620 Διά
473 1568 550 1621 τοῦτο
569 1563 619 1620 τῶν
633 1563 695 1642 περὶ
720 1567 768 1634 τῆς
791 1565 929 1635 πολιτικῆς
974 1573 1030 1624 erit.
1064 1575 1219 1637 Quapropter
1237 1587 1323 1623 eorum
1341 1585 1400 1637 quea
1421 1571 1453 1622 de
1473 1572 1541 1623 civili
1561 1573 1693 1636 prudentio
1712 1577 1762 1625 tra-

144 1649 229 1728 λόγων
246 1649 293 1707 οὐκ
311 1647 379 1706 ἔστιν
394 1649 474 1716 θνέος
484 1652 577 1718 οἰκεῖος
596 1649 740 1730 ἀκροατής·
756 1651 863 1732 ἄπειρος
878 1651 928 1731 γάρ
975 1663 1078 1723 duntur,
1092 1662 1197 1713 idoneus
1217 1662 1319 1712 auditor
1335 1675 1389 1712 esse
1401 1661 1502 1726 juvenis
1522 1676 1570 1712 non
1584 1667 1681 1728 potest,
1701 1666 1762 1729 quia

141 1743 194 1800 τῶν
208 1737 277 1798 κατὰ
294 1738 338 1800 τὸν
353 1737 409 1818 βίον
423 1737 558 1819 πράξεων.
573 1742 609 1801 01
623 1738 651 1798 δέ
667 1743 713 1812 τῆς
728 1742 865 1812 πολιτικῆς
879 1742 929 1800 λό-
974 1765 1131 1816 eorumquae
1154 1751 1180 1802 in
1197 1751 1250 1800 vita
1267 1754 1375 1816 aguntur
1394 1751 1477 1800 adhuc
1497 1751 1628 1815 imperitus
1648 1757 1694 1803 est.
1728 1755 1761 1802 nt

141 1854 200 1910 γοι,
222 1829 247 1888 ol
261 1827 310 1906 μέν
326 1827 388 1907 περί
404 1827 503 1887 τούτων
531 1827 780 1907 διαλαμὸοίνουσιν,
801 1831 824 1888 οἱ
849 1828 877 1889 δέ
899 1831 929 1888 ἐκ
974 1857 1034 1893 vero
1049 1829 1230 1907 disputationes
1242 1841 1350 1906 politicae
1360 1839 1452 1905 parlim
1466 1839 1498 1892 de
1509 1840 1549 1891 his
1561 1841 1693 1901 habentur,
1707 1855 1763 1906 par·

140 1919 240 1979 τοιίτων
266 1915 504 1999 ουμπιραίνονται.
521 1913 584 1978 Ἔτι
606 1917 634 1978 δέ
658 1917 732 1977 οὔπω
758 1917 827 1978 κατά
852 1919 929 1996 λόγον
976 1929 1022 1980 tim
1042 1943 1073 1981 ex
1093 1929 1133 1980 his
1155 1929 1314 1994 colliguntur.
1348 1931 1473 1979 Praeterea
1492 1942 1572 1993 quum
1591 1928 1701 1979 nondum
1721 1942 1764 1978 ra-

141 2010 208 2086 ζῶν,
222 2009 281 2068 ἀλλ’
299 2003 338 2066 ἔτι
352 2005 449 2068 ποίθεσι
459 2005 506 2064 καλ
520 2005 608 2066 ἀνέσει
623 2006 668 2066 καί
679 2007 804 2088 συνηθείᾳ
821 2009 929 2067 ἀκολου·
974 2018 1037 2069 tioni
1067 2018 1241 2070 convenienter
1271 2018 1356 2077 vivat,
1384 2017 1429 2069 ssd
1455 2017 1539 2068 adhuc
1560 2017 1667 2069 attactus
1686 2003 1762 2078 siros,

142 2100 214 2170 θῶν,
230 2095 349 2175 ματαίως
365 2095 508 2154 ἀκούσεται
522 2095 567 2154 καί
585 2098 739 2177 ἀνωφελῶς·
755 2096 784 2154 οὗ
800 2094 852 2177 γὰρ
866 2097 930 2177 πρὸς
978 2107 1134 2158 immodicam
1153 2107 1280 2173 quandam
1300 2097 1442 2159 libertatem
1464 2111 1490 2160 et
1505 2109 1709 2160 consuetudinem
1723 2123 1764 2162 so-

142 2184 173 2245 τὸ
198 2183 272 2251 τελος
296 2183 440 2265 ἀφικέσθαι
464 2184 606 2258 δυνήσεται
630 2189 682 2244 τῶν
699 2183 803 2268 λόγων,
829 2184 876 2244 καί
899 2183 929 2244 τδ
976 2199 1076 2260 quatur,
1092 2194 1186 2246 frustra
1204 2199 1230 2246 et
1241 2195 1364 2246 inutiliter
1377 2196 1432 2246 hac
1442 2195 1541 2256 audiet,
1555 2199 1686 2262 propterea
1695 2195 1764 2260 quod

143 2266 205 2347 ἦθος
229 2277 357 2356 ἀμεῖψαι,
375 2273 422 2333 καὶ
443 2273 513 2334 κατθι
539 2274 615 2354 λόγον
631 2279 694 2349 ζῆν,
711 2274 762 2335 ίιπδ
781 2279 829 2348 τῆς
845 2298 928 2348 συνη-
976 2297 1104 2349 nunquam
1119 2283 1237 2334 adfinem
1252 2283 1476 2348 hujusdisciplinae
1495 2285 1641 2348 pervenire,
1654 2285 1765 2335 autmo-

144 2363 215 2432 θείας
230 2362 270 2422 έτι
291 2361 480 2441 κρατούμενος.
505 2365 531 2422 Τ
532 2363 546 2422 δ
566 2363 617 2443 γὰρ
639 2363 713 2432 τέλος
736 2367 788 2423 τῶν
804 2361 929 2423 τοιούτων
976 2385 1016 2422 res
1031 2385 1090 2422 suos
1103 2374 1201 2422 mutare
1220 2373 1246 2422 et
1264 2371 1355 2422 rationi
1368 2371 1542 2422 convenienter
1555 2371 1641 2422 vivere
1655 2371 1763 2436 poterit,

142 2453 228 2532 λόγων
247 2454 276 2512 οὔ
291 2455 403 2532 γνῶσις,
421 2449 491 2510 ἀλλὰ
505 2451 608 2532 πρᾶξις.
624 2453 665 2512 Οὐ
685 2451 762 2528 μόνον
778 2451 805 2511 δὲ
821 2455 835 2511 ό
854 2451 928 2530 νέος,
975 2473 1052 2524 quam
1074 2458 1118 2509 diu
1141 2458 1225 2509 adhuc
1246 2459 1451 2510 consuetudinem
1476 2462 1603 2524 εοιγυοίυτ.
1636 2459 1766 2523 Siquidem

144 2541 214 2600 ἀλλά
229 2541 275 2600 καί
289 2544 304 2600 θ
318 2539 407 2620 νεαρὸς
421 2538 453 2599 τδ
466 2529 537 2614 ῆθος,
553 2543 577 2598 εἰ
598 2539 644 2600 καί
659 2539 707 2612 τὴν
724 2539 831 2612 ἡλικίαν
847 2543 939 2620 orep.
976 2549 1032 2600 linis
1045 2549 1134 2600 talirnn
1152 2548 1350 2614 disputationum
1372 2563 1422 2601 non
1437 2549 1541 2601 scientia
1557 2551 1607 2608 cst,
1626 2549 1670 2600 sed
1689 2549 1762 2600 actio.

146 2630 196 2703 ter,
222 2635 273 2690 τῶν
305 2628 388 2706 νέων,
421 2626 518 2704 ὁμοίως
543 2631 683 2710 ἀνωφελῶς
708 2629 851 2690 ἀκούσεται
878 2632 931 2690 τῶν
976 2623 1062 2704 Neque
1073 2638 1096 2690 is
1107 2640 1206 2688 tantmn
1224 2639 1370 2704 quietata,
1385 2639 1518 2692 sedetiam
1531 2641 1575 2706 qui
1593 2639 1706 2690 moribus
1726 2642 1764 2690 est

131 2723 267 2800 ’περὶτῆς
282 2719 424 2790 πολιτικῆς
436 2715 543 2797 λόγων,
558 2721 609 2788 ζῶν
623 2715 665 2776 ἔτι
679 2718 727 2792 τὴν
744 2717 929 2801 προσήκουσαν
976 2727 1042 2786 talis,
1055 2725 1114 2778 licat
1126 2740 1157 2777 ox
1168 2726 1269 2792 ephebis
1278 2727 1427 2788 excesserit,
1442 2728 1604 2793 nihilominus
1617 2728 1670 2780 siue
1679 2727 1766 2778 fructu

149 2817 202 2878 τοῖς
216 2809 283 2876 νέοις
299 2807 379 2879 ζωήν.
398 2806 453 2868 Καὶ
469 2807 520 2888 γὰρ
533 2807 628 2888 καὶτῷ
647 2808 698 2888 νέῳ
720 2807 768 2880 τῆν
780 2807 888 2880 ἡλικίαν
902 2810 930 2867 οὐ
976 2815 1090 2881 politicas
1109 2815 1291 2881 disputationes
1313 2816 1398 2868 audiet
1416 2834 1422 2867 :
1440 2831 1518 2882 quam
1532 2817 1576 2868 diu
1594 2831 1664 2868 more
1684 2818 1768 2868 etatis

145 2897 219 2978 παρὰ
233 2899 276 2958 τδν
287 2897 410 2978 χρόνονῆ
427 2895 559 2977 ἔλλειψις,
575 2897 645 2958 ἀλλὰ
657 2898 701 2956 διὰ
713 2899 743 2958 τὸ
758 2896 795 2974 μὴ
811 2899 931 2977 λογισμῷ
976 2905 1137 2957 illiusvitaur
1152 2909 1217 2969 agot.
1250 2909 1364 2972 Namque
1381 2909 1407 2957 et
1419 2907 1497 2972 isqui
1511 2909 1586 2958 atate
1601 2906 1763 2971 estjuvenis,

147 2986 317 3057 διοικεῖσθαι,
335 2984 403 3044 ἀλλά
418 2983 487 3042 κατά
501 2984 583 3050 πόθος
597 2981 636 3043 ἔτι
651 2987 716 3058 ζῆν,
735 2984 781 3042 καί
793 2985 862 3044 κατὰ
878 2983 930 3044 ποί·
977 3005 1026 3042 non
1039 2994 1142 3056 propter
1164 2993 1264 3056 tempus
1279 2991 1380 3042 deiectu
1401 2990 1512 3050 laborat,
1529 2991 1573 3042 sed
1588 2991 1657 3057 quod
1671 3004 1717 3042 nee
1729 3006 1768 3041 ra·

147 3079 189 3142 θος
212 3074 301 3134 πάντα
323 3077 422 3146 ζητεῖν.
442 3076 506 3140 Τοῖς
517 3072 569 3152 γθρ
584 3073 711 3140 τοιούτοις
728 3076 742 3143 ἡ
764 3077 861 3152 γνῶσις
878 3075 931 3132 τῶν
977 3081 1039 3131 tioni
1052 3083 1153 3146 pareat,
1169 3083 1194 3132 et
1205 3079 1339 3132 aflectibus
1348 3084 1512 3144 congruenter
1526 3085 1583 3131 tum
1591 3081 1662 3131 vivat
1674 3079 1765 3140 adhuc,

146 3163 231 3242 λόγων
247 3162 346 3222 τούτων
364 3162 514 3242 ἀνωφελής,
529 3162 649 3243 καθάπερ
661 3161 713 3228 τοῖς
729 3161 816 3233 τέντη
833 3161 931 3220 ἀκολοί-
977 3173 1033 3221 tum
1046 3170 1129 3221 omnia
1142 3172 1219 3235 petat.
1253 3169 1375 3220 Nimirum
1392 3169 1535 3234 hrrjusmodi
1556 3169 1699 3220 hominibus
1712 3171 1766 3220 iuu-

147 3273 238 3324 στοις,
256 3251 378 3330 καὶπερὶ
396 3251 443 3317 τὰς
460 3249 555 3321 ῆδονθις
579 3248 719 3330 ἀκρατέσι.
736 3252 800 3318 Τοῖς
819 3247 847 3308 δέ
862 3249 932 3310 κατά
977 3259 1029 3312 tilis
1047 3263 1086 3312 eat
1106 3261 1181 3326 hujus
1207 3259 1344 3324 disciplima
1355 3259 1471 3318 scicntia,
1487 3262 1517 3308 ut
1528 3259 1668 3310 libidinosis
1685 3260 1710 3309 et
1724 3257 1763 3305 in-

146 3343 224 3420 λόγον
239 3340 285 3408 τάς
306 3340 401 3420 ὀρέξεις
421 3338 587 3418 ποιουμένοις
602 3341 648 3400 καί
664 3338 810 3421 πράττουσι
829 3339 932 3412 πολλὴν
977 3348 1180 3414 temperantibus.
1213 3347 1248 3398 lis
1263 3361 1323 3399 vero
1339 3348 1383 3413 qui
1402 3347 1435 3398 ad
1457 3347 1560 3398 rationis
1579 3361 1691 3397 normam
1708 3358 1768 3397 snm

146 3429 276 3509 ὠφέλειαν
293 3428 367 3509 φέρει
388 3427 418 3488 εδ
432 3427 493 3507 περί
507 3431 559 3487 τῶν
580 3428 705 3489 τοιούτων
721 3428 807 3506 λόγων
824 3429 928 3491 εἰδέναι.
978 3438 1104 3503 appetitus
1129 3451 1236 3502 suasque
1257 3437 1366 3488 actiones
1386 3436 1514 3501 dirigunt,
1536 3435 1613 3501 hujus
1631 3434 1768 3500 disciplina

147 3517 197 3580 Ἐν
213 3517 320 3585 ἐκείνοις
334 3516 387 3598 γδιρ
413 3508 582 3597 δλογισμός,
606 3517 728 3590 ἀνοῆσει
747 3517 838 3577 δέοντα
858 3517 932 3599 παρά
978 3526 1084 3590 cognitio
1109 3526 1219 3576 multum
1249 3525 1368 3590 proderit.
1401 3525 1499 3590 Quippe
1527 3523 1628 3574 illorum
1651 3524 1767 3582 animus,

146 3606 247 3667 τούτων
258 3611 308 3666 τῶν
321 3607 419 3686 λόγων,
432 3606 477 3666 καί
492 3605 633 3678 δυνήσεται
644 3608 740 3686 ποιεῖν,
757 3611 804 3679 τῆς
819 3611 870 3666 τῶν
882 3631 933 3666 πα·
978 3631 1133 3683 quaecuuque
1151 3616 1228 3668 asrael
1241 3615 1353 3668 iacienda
1374 3630 1429 3668 esse
1454 3629 1485 3666 cx
1505 3616 1545 3666 liis
1556 3614 1769 3678 disputationibus

148 3699 200 3754 θῶν
223 3696 341 3764 δουλείας
363 3697 581 3775 ἀπηλλαγμένος,
598 3695 644 3755 καί
667 3696 809 3776 δυνάμενος
829 3697 879 3772 ἤδη
900 3701 933 3776 τῇ
979 3707 1109 3768 didicerit,
1123 3707 1328 3771 praestareetitm
1338 3705 1446 3769 poterit,
1461 3707 1549 3768 utpote
1563 3701 1703 3752 affectuum
1717 3715 1767 3751 ser·

147 3786 202 3865 ἰδίφ
216 3789 332 3866 χρῆσθαι
348 3786 469 3865 δυνάμει.
979 3797 1061 3848 vitute
1071 3795 1205 3854 liberatus,
1221 3799 1247 3846 et
1261 3795 1303 3844 cui
1313 3793 1365 3857 jam
1381 3794 1448 3844 vires
1470 3806 1529 3843 suas
1549 3804 1664 3842 exercere
1684 3790 1766 3842 liceat.

480 3959 550 4036 Κεφ.
574 3951 605 4015 ε’.
1052 3923 1055 3928 ¹
1320 3956 1379 4021 Gap.
1397 3957 1428 4006 V.

150 4115 209 4168 Ὂτῑ
218 4124 260 4178 τἧς
273 4117 398 4177 πολιτικῆς
413 4116 479 4174 τέλος
491 4117 556 4167 ἐστὶν
572 4120 587 4176 ἡ
601 4113 745 4179 atramenta
754 4151 761 4174 ι
770 4113 812 4163 καὶ
830 4113 869 4162 ὅτι
882 4112 935 4162 ἔπι·
981 4127 1061 4172 Finem
1071 4125 1143 4170 oirilis
1154 4124 1284 4182 pmdentiae
1301 4135 1349 4170 esse
1368 4121 1514 4176 felicitatem,
1525 4123 1577 4178 elus
1587 4126 1665 4170 autem
1682 4125 1758 4173 simet

180 4189 325 4254 γνωσόμεθα
342 4189 416 4249 αὐτὴν
432 4187 608 4245 cistertiadum
624 4192 672 4236 τῶν
688 4186 798 4250 πράξεων
809 4191 850 4246 τῆς
868 4185 937 4235 πολι·
1167 4197 1265 4254 publicis
1279 4195 1377 4252 negotiis
1389 4207 1454 4253 paese
1464 4195 1581 4251 cognosci.

182 4268 258 4321 τικῆς.

193 4401 220 4433 “’
236 4400 346 4462 Ὀποῖον
359 4397 406 4479 μὲν
421 4391 465 4460 οῧν
480 4391 544 4460 εἶναι
559 4403 598 4459 δεῖ
612 4399 654 4459 ιδν
666 4395 798 4478 ἀκροατὴν
808 4401 861 4458 τῶν
876 4398 936 4480 περί
1013 4410 1118 4469 Qualem
1138 4409 1215 4475 igitur
1233 4408 1430 4475 disputationum
1449 4407 1609 4473 politicamm
1629 4406 1768 4458 auditorem

152 4494 199 4562 τῆς
211 4493 347 4564 πολιτικῆς
363 4492 462 4570 λόγοιν,
477 4491 523 4550 καὶ
539 4494 595 4559 πῶς
609 4489 707 4569 κρίνειν
723 4489 820 4547 δεῖκαὶ
840 4489 935 4548 ἀποδέ-
982 4514 1036 4551 esse
1048 4502 1176 4565 oporteat,
1191 4502 1216 4550 et
1228 4499 1353 4565 quomodo
1370 4497 1466 4563 singula
1490 4510 1548 4562 quea
1562 4495 1697 4546 traduntur
1714 4496 1768 4543 tum

151 4584 247 4658 χεσθαι
262 4579 322 4648 τοὺς
332 4579 437 4657 λόγους,
451 4579 496 4638 καλ
511 4577 538 4636 τί
553 4577 583 4638 τὸ
592 4576 764 4659 προκείμενον
779 4579 844 4654 ἡμῖν
860 4581 885 4637 έν
898 4582 936 4660 τῷ
979 4587 1127 4654 judicanda,
1138 4591 1197 4638 tum
1213 4588 1355 4652 accipienda
1370 4589 1434 4648 sint,
1451 4589 1477 4637 at
1494 4585 1557 4650 qnid
1572 4583 1643 4634 uirbis
1657 4583 1684 4634 iu
1703 4594 1769 4646 pree-

152 4668 283 4749 παρόντι,
299 4671 398 4738 ἱκανῶς
421 4668 676 4749 ἐπροοιμιασοίμεθα.
703 4668 894 4737 Ἀναλαόόντες
909 4668 936 4728 δὲ
983 4677 1062 4728 santia
1083 4675 1116 4726 ad
1137 4675 1309 4726 disserendum
1331 4675 1364 4726 sit
1386 4673 1554 4739 propositum,
1577 4672 1638 4722 sotis
1657 4670 1769 4735 prooemii

153 4759 198 4818 τὸν
220 4758 309 4836 λόγον,
337 4758 458 4837 λέγωμεν
482 4757 553 4830 ἤδη·
569 4757 660 4830 ἐπειδὴ
684 4765 759 4816 πᾶσα
773 4761 870 4834 γνῶσις
890 4759 936 4818 καί
983 4765 1037 4816 loco
1057 4764 1176 4816 diximus.
1210 4768 1293 4824 Quare
1317 4763 1423 4828 repetita
1442 4761 1567 4828 superiore
1584 4758 1766 4826 disputatione,

151 4847 305 4927 προαίρεσις
318 4850 417 4926 ἀγαθοῦ
438 4871 506 4915 τινος
519 4847 629 4928 ἐφίεται,
645 4845 672 4906 τί
694 4849 764 4907 ἐστιν
778 4837 807 4905 οὗ
825 4847 937 4924 λέγομεν
983 4852 1186 4918 quandoquidem
1206 4867 1304 4905 omnam
1318 4851 1482 4918 coguitionem
1497 4860 1620 4914 omneque
1635 4848 1697 4900 adeo
1710 4861 1769 4899 eon·

152 4937 200 5007 τῆν
217 4936 358 5010 πολιτικὴν
384 4936 522 5018 ἐφίεσθαις
543 4936 589 4996 καὶ
609 4939 702 4996 πασῶν
720 4935 839 5016 πράξεων
853 4935 897 4994 ἐπί
912 4959 939 4994 τι
983 4943 1068 4992 silium
1080 4943 1173 4993 bonum
1183 4941 1285 5007 aliquod
1295 4944 1410 5006 appetere
1426 4939 1551 4998 diximus,
1565 4937 1695 4990 videamus
1707 4936 1769 5002 quid

153 5026 251 5104 ἀγαθὸν
266 5025 434 5108 φερομένων,
449 5026 535 5093 καθὼς
554 5024 671 5106 είρηται,
686 5025 750 5106 πρὸς
764 5025 790 5083 τί
803 5023 870 5099 αὕτη
893 5023 938 5106 φέ-
984 5030 1017 5082 sit
1029 5029 1092 5083 illud
1105 5031 1173 5097 quod
1185 5032 1266 5082 civilis
1278 5029 1411 5096 prudentia
1422 5027 1517 5094 appetit
1534 5029 1580 5079 aet
1591 5041 1671 5092 quum
1683 5039 1769 5076 omnes

154 5137 245 5194 ρεται;
258 5115 302 5174 καί
324 5115 352 5174 τί
371 5114 401 5174 τὸ
420 5115 525 5175 ποίντων
544 5113 690 5190 ἀκρότατον
710 5117 762 5172 τῶν
783 5115 938 5194 πρακτικῶν
959 5173 966 5184 ,
986 5121 1094 5172 actiones
1107 5121 1139 5171 ad
1149 5121 1241 5174 bonum
1254 5119 1370 5185 aliquod,
1382 5122 1411 5169 ut
1427 5132 1502 5183 supra
1521 5117 1617 5168 (dotum
1636 5119 1689 5176 est,
1703 5114 1770 5166 refe-

188 5283 204 5314 *
217 5281 341 5343 Ἕκαστος
353 5285 380 5335 δέ
391 5283 469 5348 κρίνει
484 5285 535 5336 κτλ.
548 5309 577 5321 -
589 5284 619 5314 *⁴¹
632 5283 691 5346 Gap.
705 5285 728 5332 l.
745 5281 846 5346 λέγομεν
857 5281 883 5332 δέ
896 5282 1059 5339 ἀναλαάόντες
1069 5283 1121 5331 κτλ.
