3976 5948
796 403 1048 475 munuum.
1662 416 1722 475 ιον
1818 452 1820 456 -
1869 393 1871 398 ’

114 545 358 627 ’κεχωρισμένωνφ
371 543 458 606 oodd.
471 540 743 624 κιχωρισμάνου.-“
755 545 899 625 δμολογου·
983 567 1022 606 oo.
1040 542 1213 625 Πυθαγόρας,
1230 533 1417 623 Ἀναξαγόρας,
1433 544 1562 618 Πλάτων,
1585 547 1720 627 Ξενοκρά·

116 633 217 711 otuu„
234 634 316 694 codd.
331 631 575 712 ὥμυλυγυυμένως.)
947 657 1011 709 της,
1032 631 1166 705 Κλεάνθης
1183 630 1291 713 θύραθεν
1305 630 1477 711 εἶσκρένεσθαι
1490 633 1533 691 τὸν
1550 637 1621 698 νοῦν.

156 742 191 782 m.
210 725 271 790 Πῶς
289 719 409 804 γδρχρὴ
435 724 530 792 νοῆσαι
545 718 646 797 μονάδα
661 719 833 797 κινουμένην,
851 723 898 783 καὶ
982 722 1210 800 (StobaeusEal.
1227 721 1314 799 Phys.
1330 721 1385 781 lib.
1407 721 1432 793 l,
1459 741 1522 800 cap.
1542 731 1589 796 to,
1615 744 1630 796 7
1655 743 1720 801 pag.

115 811 259 890 ὑπὸτένος,
269 811 315 870 καλ
336 813 412 881 πῶς,
428 810 515 889 ἀμερῆ
532 807 577 866 καλ
593 807 732 887 ἀδιάφορον
746 799 845 884 οὖσανς
863 812 897 872 Εἰ
943 829 1000 886 790
1013 809 1058 868 ed.
1075 809 1204 883 Heeren3
1218 829 1284 888 pag.
1294 811 1351 888 319
1363 809 1409 867 ed.
1422 807 1574 882 Gaisf01u3
1591 821 1722 887 pagana

112 899 163 978 γάρ
181 901 237 958 ἐστι
257 897 379 972 κινητικὴ
393 896 438 956 καὶ
452 895 566 976 κινητή,
582 893 713 976 διαφέρειν
728 899 776 957 δεῖ.
795 895 857 958 'ltu
872 899 896 958 δ’
941 897 988 958 ed.
1006 899 1129 958 Meinek.
1144 899 1286 958 Caeterum
1303 898 1479 958 Xenocrates
1491 900 1580 958 animi
1597 900 1722 976 figuram

112 986 170 1046 ἐπεέ
184 1011 249 1069 φασι
263 993 411 1061 κινηθεῖσαν
431 983 559 1066 γραμμὴν
580 985 701 1044 ἐπίπεδον
726 994 819 1061 ποιεῖν,
840 1011 896 1048 στι·
941 999 970 1044 et
985 989 1070 1065 quasi
1085 1008 1192 1067 colpus
1206 1007 1269 1046 esse
1285 989 1403 1065 negavit
1418 1001 1490 1050 teste
1505 987 1649 1048 Cicerone
1663 989 1722 1048 Tu·
1743 1021 1748 1034 ·

112 1074 184 1155 γμὴν
200 1078 227 1137 δέ
240 1075 367 1157 γραμμήν
377 1120 387 1147 ,
397 1073 442 1134 καλ
455 1075 482 1132 αἱ
492 1077 544 1132 τῶν
561 1072 681 1151 μονάδων
689 1075 803 1146 κινήσεις
813 1099 897 1154 γραμ-
941 1079 1013 1138 ocul.
1030 1077 1052 1150 l,
1069 1076 1136 1158 lo.)

113 1163 163 1241 μαλ
177 1163 296 1226 έσονται·
311 1171 328 1238 ἡ
343 1164 394 1244 γάρ
413 1161 512 1242 στιγμὴ
536 1163 617 1240 μονάς
631 1164 688 1220 ἐστι
700 1161 771 1221 θέσιν
784 1163 895 1242 ἔχουσα·
982 1185 1020 1228 τι.
1040 1169 1075 1226 0t
1091 1167 1113 1224 δ’
1130 1163 1183 1223 άπθ
1198 1165 1342 1234 Πλάτωνος
1362 1164 1407 1224 καλ
1423 1165 1580 1247 Πυθαγόρου
1601 1167 1723 1247 παρεῖναι

111 1257 125 1311 ὁ
146 1253 168 1312 δ’
182 1253 291 1332 ἀριθμὸς
309 1259 356 1326 τῆς
368 1255 455 1336 ψυχῆς
474 1250 526 1324 ἤδη
541 1249 592 1308 πού
609 1251 665 1308 ἐστι
680 1252 726 1310 καλ
741 1251 811 1310 θέσιν
826 1251 891 1333 ἔχει.
942 1253 989 1330 μέν
1001 1255 1047 1316 καὶ
1060 1259 1086 1314 ἐν
1099 1263 1153 1323 τοῖς
1166 1253 1312 1333 άρτιγενέσι
1326 1255 1369 1316 τὸν
1385 1254 1462 1336 λύγον
1473 1257 1565 1339 φασίν,
1581 1258 1724 1317 ἐπισκοτεῖ·

110 1337 174 1402 Ἔτι
189 1341 212 1400 δ’
227 1345 338 1422 ἀριθμοῦ
351 1340 399 1418 μὲν
414 1339 459 1398 tto
474 1337 558 1420 ἀφέλῃ
572 1362 610 1406 τις
626 1339 734 1419 αἰριθμδν
748 1335 766 1411 ἢ
782 1342 895 1420 μονάδα,
941 1342 1002 1402 σθαέ
1015 1369 1045 1423 γε
1060 1343 1113 1422 μὴν
1132 1345 1157 1402 ἐν
1172 1351 1224 1410 τοῖς
1245 1343 1352 1417 ἔξωθεν,
1374 1341 1420 1404 καλ
1440 1345 1477 1423 μὴ
1492 1347 1605 1428 ἐνεργεῖν
1620 1345 1668 1418 τὴν
1686 1349 1724 1404 ot·

110 1429 230 1490 λεέπεται
252 1429 330 1498 άλλος
347 1426 471 1511 ἀριθμός·
497 1425 531 1486 τδι
555 1426 582 1485 δὲ
605 1426 674 1508 φυτδι
696 1427 741 1486 καλ
754 1431 807 1487 τῶν
822 1427 895 1510 ζῴων
943 1431 1015 1489 κείαν
1030 1431 1177 1510 ἐνέργειαν,
1191 1433 1249 1492 ἀλλ’
1261 1433 1415 1511 ἡσυχάζειν.

111 1517 199 1577 πολλδι
216 1518 385 1602 διαιρούμενα
407 1519 456 1598 ζῇ,
479 1514 524 1574 καλ
547 1515 618 1573 δοκεῖ
640 1515 687 1588 τὴν
704 1514 786 1588 αύτὴν
808 1518 896 1600 ψυχὴν
981 1520 1131 1596 (Stobaeus
1147 1520 1207 1581 Ecl.
1231 1521 1319 1599 Phys.
1341 1521 1394 1583 lib.
1412 1521 1437 1595 I,
1460 1541 1524 1602 cup.
1549 1531 1598 1596 io,
1622 1525 1723 1603 δρας.

112 1607 184 1685 ἔχειν
202 1611 240 1689 τῷ
256 1608 331 1670 εἴδει.
349 1607 436 1676 Δόξειε
450 1605 472 1665 δ’
488 1605 520 1664 δν
541 1603 614 1664 otuu
630 1606 760 1687 διαφέρειν
780 1609 895 1686 μονάδας
942 1628 999 1683 γφο
1016 1609 1063 1666 ed.
1089 1609 1218 1680 Heeren3
1237 1629 1304 1687 pag.
1331 1611 1387 1668 320
1402 1611 1449 1672 ed.
1474 1611 1631 1685 Gaistord3
1655 1633 1722 1692 pag.

112 1695 199 1774 λέγειν
213 1695 231 1768 ἢ
247 1697 368 1775 σωμάτια
384 1694 480 1775 μικρά·
495 1694 542 1754 καὶ
557 1693 609 1774 γδρ
622 1695 652 1754 ἐκ
664 1698 715 1753 τῶν
726 1697 895 1775 Δημοκρίτου
943 1697 999 1754 225
1020 1696 1069 1757 ed.
1086 1697 1214 1758 Meinek.
1229 1697 1295 1756 Non
1314 1697 1437 1758 dubium
1451 1713 1510 1774 est,
1526 1703 1599 1779 quin
1612 1702 1674 1760 haec
1688 1702 1725 1760 ad

112 1786 242 1866 σφαιρίων
256 1787 300 1846 ἐὰν
313 1785 439 1866 γένωνται
451 1783 579 1863 στιγμαί,
592 1783 670 1860 μόνον
684 1784 712 1843 δὲ
728 1783 794 1867 μένῃ
804 1786 834 1845 τδ
845 1810 894 1846 πο·
940 1783 1130 1844 Xenocratem
1147 1807 1265 1864 quoque
1280 1788 1433 1848 referenda
1448 1791 1540 1867 siut.)

112 1872 176 1946 σόν,
193 1871 306 1934 ἔσταιτι
319 1878 346 1935 ἐν
359 1872 530 1953 αύτῷτδμέν
544 1877 630 1932 κινοῦν
644 1871 674 1930 τὸ
688 1871 715 1944 δέ
730 1874 892 1951 κινούμενον,
981 1893 1019 1935 ευ.
1035 1875 1069 1933 Εἰ
1085 1872 1113 1932 δέ
1129 1873 1202 1956 ψυχὴ
1219 1873 1257 1953 μὴ
1276 1873 1418 1956 τρέφεται,
1443 1885 1497 1937 πᾶν
1516 1875 1544 1937 δθ
1565 1879 1642 1956 σῶμα
1657 1878 1724 1961 ζῴου

113 1957 204 2044 ὥσπερ
221 1965 302 2045 ἐντῷ
322 1961 442 2041 μεγέθει·
458 1963 487 2020 ού
504 1959 555 2042 γάρ
570 1960 613 2019 δεδι
633 1960 663 2021 τδ
682 1961 785 2039 μεγέθει
800 1962 893 2044 διαφέ-
941 1961 1082 2044 τρέφεται,
1099 1965 1128 2022 οῦ
1145 1966 1252 2037 σῶμαὴ
1268 1963 1353 2046 ψυχή.

114 2049 196 2128 ρεινῆ
212 2053 349 2133 μικρότητι
365 2050 504 2129 σομύαένει
516 2049 546 2108 τὸ
560 2049 666 2130 λεχθέν,
678 2049 786 2110 ἀλλ’ὅτι
801 2053 893 2116 ποσόν.
982 2051 1155 2132 (Nemeeius
1169 2051 1204 2110 de
1221 2049 1283 2111 Nat.
1299 2053 1384 2114 Hom.
1399 2074 1462 2130 cap.
1479 2057 1529 2134 a.)

113 2136 162 2196 Διδ
179 2139 317 2218 ἀναγκαῖον
332 2126 399 2198 εἷναί
412 2162 439 2198 τι
452 2137 482 2197 τδ
497 2141 606 2209 κινῆσαν
621 2137 668 2204 τθις
683 2138 808 2214 μονάδας.
824 2142 859 2200 Εἰ
871 2143 894 2199 δ’
982 2162 1020 2203 oo.
1041 2143 1087 2202 Ἐν
1111 2145 1150 2223 τῷ
1168 2141 1249 2223 τρίτῳ
1271 2141 1332 2223 περὶ
1350 2146 1397 2214 τῆς
1411 2145 1577 2216 διαλεκτικῆς
1591 2143 1625 2224 (ὁ
1645 2144 1724 2227 Χρύ-

113 2224 141 2281 tv
155 2229 194 2306 τῷ
214 2225 273 2308 ζῴῳ
290 2225 321 2285 τδ
339 2231 425 2286 κινοῦν
444 2223 566 2307 λψυχή,
589 2225 634 2285 καλ
659 2227 685 2285 ἐν
709 2230 747 2306 τῷ
771 2229 893 2305 ἀριθμῷ,
942 2228 1051 2310 σιππος)
1074 2229 1206 2305 ὑπειπών,
1222 2231 1263 2292 δτι
1287 2231 1401 2292 Πλάτων
1424 2233 1572 2292 ἐσπούδασε
1590 2234 1653 2311 περὶ
1673 2235 1722 2306 τὴν

47 2315 49 2319 ’
112 2309 183 2371 ὥστε
197 2315 366 2374 ούτδκινοῦν
379 2313 629 2392 καὶτδκινούμενον
644 2317 661 2386 ἡ
674 2313 764 2394 ψυχή,
782 2315 850 2374 ἀλλὰ
863 2314 894 2375 τδ
940 2318 1124 2393 διαλεκτικήν,
1149 2320 1195 2379 καλ
1218 2321 1418 2397 Ἀριστοτέλης,
1434 2322 1479 2381 καλ
1503 2321 1557 2384 aot
1576 2320 1676 2383 τούτων
1699 2327 1724 2384 οἱ

111 2407 197 2461 κινοῦν
210 2401 296 2482 μόνον.
615 2477 617 2480 ¹
943 2409 1005 2488 ἄχρι
1023 2408 1181 2484 Πολέμωνος
1196 2407 1242 2468 καλ
1254 2409 1426 2487 Στράτωνος,
1442 2412 1558 2488 μάλιστα
1573 2413 1600 2470 δέ
1614 2413 1724 2492 Σωκρά-

155 2491 343 2570 (Aristoteles
353 2492 389 2552 de
403 2492 575 2552 Animalib.
588 2491 614 2566 l,
630 2512 693 2570 cap.
710 2500 739 2566 ίι,
753 2514 819 2572 pag.
836 2503 894 2572 409
940 2519 1002 2568 τηςτ
1014 2495 1060 2556 καλ
1075 2495 1245 2578 ἐπιφωνήσας
1259 2495 1300 2556 δτι
1317 2498 1363 2558 καλ
1377 2498 1614 2580 συνεξαμαρτάνειν
1632 2500 1665 2560 άν
1685 2524 1725 2568 τις

114 2577 148 2640 Α.
161 2578 207 2640 od.
226 2581 366 2657 Bekker.)
941 2582 1059 2656 θελήσειε
1073 2582 1172 2652 τούτοις
1186 2584 1319 2654 τοσούτοις
1331 2586 1376 2645 καλ
1389 2586 1514 2654 τοιούτοις
1527 2577 1615 2663 ούσιν,
1631 2589 1725 2670 ἐπιφέ-

154 2685 191 2727 ευ.
204 2665 269 2730 Ἔτι
282 2668 309 2727 δέ
323 2673 380 2736 πῶς
398 2659 451 2728 οἶόν
472 2692 501 2728 τε
516 2667 674 2750 χωρίζεσθαι
691 2668 737 2738 τδς
749 2673 836 2752 ψυχάς
849 2672 894 2732 καλ
941 2697 979 2755 ρει
990 2672 1059 2733 κατὰ
1072 2671 1154 2742 λέξιν·
1171 2676 1204 2734 lo.
1219 2675 1267 2750 μέν
1280 2673 1331 2755 γάρ
1354 2677 1384 2734 ἐκ
1405 2676 1539 2756 παρέργου
1555 2678 1618 2759 περὶ
1635 2681 1721 2738 αθτῦιν

112 2755 274 2816 ἀπολύεσθαι
296 2759 349 2815 τῶν
368 2757 516 2836 σωμάτων,
538 2756 562 2816 εἴ
580 2781 609 2838 γε
629 2755 667 2836 μὴ
691 2759 852 2840 διαιροῦνται
867 2762 895 2821 αἱ
940 2762 1098 2843 εἰρήκεσαν,
1121 2762 1181 2843 τάχ’
1209 2763 1241 2822 ἄν
1265 2785 1305 2830 τις
1329 2762 1434 2845 διέσυρε
1455 2765 1499 2824 τὸν
1523 2763 1603 2826 τύπον
1620 2759 1724 2827 otuu

111 2845 235 2924 γραμμαὶ
249 2846 286 2913 εἰς
302 2845 423 2927 στιγμάς.
941 2851 1010 2912 otuu
1025 2853 1049 2910 δ’
1064 2853 1149 2910 αὐτῶν
1167 2853 1299 2931 ἐπιμελῶς
1315 2853 1458 2933 εἰρηκότων
1475 2856 1510 2921 ὡς
1531 2857 1558 2914 ἐν
1573 2855 1632 2924 ταῖς
1647 2857 1726 2935 μεγέ-

153 2933 346 3013 (Aristoteles
360 2935 397 2994 de
408 2936 514 2996 Anima
529 2933 585 2997 lib.
599 2933 625 3008 l,
638 2955 702 3016 cap.
718 2946 735 3007 t,
751 2957 818 3016 pag.
836 2948 894 3016 ¹1⁰9
942 2963 1016 3008 σταις
1031 2941 1157 3016 δυνάμεσι
1171 2945 1216 2999 καὶ
1241 2941 1462 3020 ἀναγκαιοτάταις
1478 2945 1557 3016 αὐτῆς
1582 2945 1679 3022 οὔσης,
1695 2948 1725 3006 οῦ

112 3025 147 3085 Α.
164 3025 211 3085 ed.
226 3025 345 3084 Bekker.
357 3024 402 3087 Cf.
419 3025 604 3104 Philoponus
618 3027 656 3083 ad
671 3027 838 3085 Aristotelis
857 3027 893 3085 de
939 3029 1047 3089 πιθανδν
1060 3029 1104 3088 uu
1114 3034 1238 3092 τοσοῦτον
1248 3031 1436 3112 διαμαρτάνειν
1448 3029 1543 3100 αὐτοὺς
1552 3033 1580 3093 ἐν
1591 3033 1646 3103 τοῖς
1655 3033 1725 3104 tiu<

111 3113 221 3174 Anima
234 3111 311 3175 lib]
327 3114 378 3177 sol.
391 3113 426 3188 Ε,
446 3117 512 3190 n..)
940 3117 1030 3190 ὄντας,
1044 3116 1112 3186 οἵους
1129 3123 1302 3196 ὑπονοοῦμεν.
1660 3142 1663 3150 ·
1684 3153 1687 3158 ’
1704 3129 1725 3197 el

109 3309 155 3368 rit,
168 3308 272 3372 ideoque
283 3309 478 3375 neosimplioiter
487 3323 618 3361 numerum
629 3309 700 3363 illum
708 3311 805 3363 moveri
816 3311 889 3374 dixit,
939 3313 1031 3378 partim
1042 3317 1165 3376 movetur,
1178 3317 1208 3367 ut
1219 3316 1243 3366 in
1253 3316 1421 3380 magnitudine
1434 3332 1499 3368 :nou
1514 3320 1578 3370 euim
1590 3321 1654 3384 quod
1674 3336 1722 3372 ma-

110 3399 155 3449 sed
171 3413 198 3449 se
213 3398 293 3464 ipsum
302 3401 444 3452 moventem
453 3413 597 3462 numerum,
614 3401 644 3451 ut
657 3400 733 3453 etiam
747 3400 836 3452 modioe
846 3415 892 3452 na·
939 3399 1066 3463 guitudiue
1074 3401 1191 3453 dlllemnt
1202 3406 1245 3454 aut
1253 3403 1382 3470 parvitate,
1390 3405 1415 3456 id
1426 3407 1492 3470 quod
1505 3407 1599 3458 dictum
1609 3412 1648 3459 est
1659 3409 1724 3460 aoei-

109 3489 174 3538 turae
193 3488 369 3554 proprietatem
383 3490 587 3554 representaret,
604 3503 661 3554 qua
678 3489 781 3540 recusit
794 3490 894 3554 quidem
939 3486 991 3549 dit,
1002 3488 1047 3539 sed
1062 3490 1119 3554 quta
1127 3491 1251 3554 quantitas
1266 3496 1358 3544 munet.
1372 3496 1454 3552 Quare
1466 3509 1567 3547 necesse
1581 3499 1620 3547 est
1631 3495 1725 3560 aliquo

99 3557 141 3628 'ab
152 3575 281 3627 individua
303 3577 488 3642 conjunctione,
508 3577 577 3644 quod
592 3579 675 3629 motus
693 3578 735 3630 ille
757 3577 879 3642 signifieat
939 3587 1002 3637 esse,
1022 3577 1089 3639 quod
1105 3577 1224 3630 monades
1235 3583 1342 3632 moveat.
1358 3583 1453 3640 Quodsi
1464 3583 1488 3632 id
1504 3583 1572 3646 quod
1585 3584 1610 3635 in
1626 3585 1726 3635 animali

107 3679 159 3716 uon
170 3665 205 3716 ltu
219 3667 316 3730 tamen,
330 3668 360 3718 ut
380 3666 412 3718 ab
422 3680 452 3718 eo
462 3679 565 3718 numero
576 3665 693 3730 abjuncta
702 3666 743 3718 stt.
756 3669 789 3718 lit
801 3667 895 3718 Aristo-
938 3667 1022 3715 movet
1040 3665 1122 3718 anima
1140 3670 1190 3732 eet,
1208 3669 1235 3720 id
1249 3683 1348 3734 quoque
1365 3671 1432 3734 quod
1453 3670 1478 3720 in
1501 3685 1603 3722 numero
1625 3676 1723 3738 movet,

108 3756 180 3818 tetes,
192 3769 325 3806 numerum
339 3755 475 3820 intelligens
487 3754 673 3807 multitudinem
694 3758 776 3820 partes
797 3755 893 3807 haben-
940 3751 1022 3803 anima
1035 3755 1081 3805 est
1111 3757 1279 3815 Quamobrem
1301 3758 1442 3808 animauou
1455 3761 1494 3809 est
1513 3759 1539 3808 id
1552 3759 1620 3824 quod
1639 3763 1723 3810 movet

108 3843 177 3904 tem,
199 3847 344 3908 motumque
370 3844 557 3906 continuatum,
589 3843 730 3896 necessario
759 3847 894 3909 utmmqoo
938 3841 1013 3904 atque
1023 3845 1147 3908 movetur,
1158 3845 1203 3896 sed
1216 3845 1242 3896 id
1254 3847 1321 3910 quod
1330 3850 1414 3898 movet
1427 3846 1554 3896 duntaxat.

109 3929 143 3980 ab
155 3929 382 3996 auimoubludieat,
396 3933 425 3982 ut
436 3929 480 3994 qui
490 3931 523 3982 ob
534 3931 601 3982 illam
616 3945 687 3983 suam
698 3930 805 3982 mediam
818 3933 893 3982 uatu-
969 3933 1009 3979 itt.
1027 3932 1151 3984 Praeterea
1163 3933 1207 3997 uui
1223 3935 1277 3985 tierl
1295 3937 1386 3999 potest,
1401 3937 1429 3984 ut
1441 3933 1530 3984 anima
1547 3936 1722 3999 separentura

109 4032 164 4069 ram
177 4032 276 4072 omnem
288 4023 389 4086 superet
401 4020 556 4072 divisionem.
938 4019 1082 4083 corporibus
1094 4025 1267 4088 similantur,
1282 4024 1329 4075 uisi
1340 4023 1482 4076 dividantur
1493 4025 1565 4077 lineo
1578 4026 1605 4077 iu
1615 4031 1724 4093 punctu?

142 4111 182 4160 la.
195 4108 324 4168 Quomodo
333 4107 398 4161 euim
410 4109 530 4160 unitatem
539 4108 632 4160 moveri
643 4108 777 4173 intedigere
787 4109 892 4173 oportet,
971 4115 1013 4162 50.
1048 4112 1214 4177 Pythagoras,
1237 4116 1411 4177 Anaxagoras.
1437 4113 1524 4175 Plato,
1556 4116 1722 4180 Xenocrates,

110 4199 137 4248 et
148 4213 164 4248 ο
175 4212 240 4262 quo,
257 4201 283 4250 et
292 4213 341 4264 quo
357 4202 439 4264 puoto,
456 4213 533 4263 quum
544 4202 570 4251 et
585 4198 697 4264 partibus
708 4201 733 4250 et
755 4198 895 4249 differentia
941 4201 1072 4253 cleanthes
1085 4201 1239 4252 extrinsecus
1247 4204 1357 4253 mentem
1370 4201 1445 4254 inseri
1457 4207 1585 4268 putarunt.
1756 4269 1759 4276 Ι

110 4291 212 4338 oareut?
228 4284 326 4340 sienim
338 4290 393 4339 tum
406 4287 520 4339 movendi
539 4286 592 4338 vim
611 4287 696 4350 habet,
717 4289 773 4338 tum
794 4285 892 4338 mobilis
970 4293 1010 4341 ot.
1028 4289 1150 4341 Platonici
1170 4293 1256 4341 autem
1271 4291 1298 4340 et
1309 4289 1455 4354 Pythagorei
1471 4291 1552 4344 inesse
1566 4292 1666 4356 quidem
1680 4307 1722 4343 ru-

111 4377 166 4434 est,
179 4375 303 4428 diversam
316 4390 371 4428 esse
391 4377 498 4442 oportet.
513 4378 636 4428 Prateroa
651 4390 728 4440 quum
739 4375 828 4428 lineam
839 4389 893 4426 mo·
938 4378 1029 4432 tionem
1043 4379 1118 4432 etiam
1134 4393 1220 4431 reeens
1234 4379 1299 4430 natis
1315 4381 1482 4446 contendunt,
1498 4383 1654 4433 extrinsecus
1663 4395 1723 4432 vero

109 4465 163 4514 tam
180 4463 279 4528 planum
293 4464 391 4517 eiicere
401 4465 492 4529 dicant,
507 4467 628 4530 punctum
638 4467 722 4516 autem
732 4464 830 4530 lineam,
843 4478 895 4516 mo-
939 4466 1081 4530 obscurari,
1096 4481 1180 4532 neque
1196 4480 1299 4520 munere
1311 4481 1358 4519 suo
1371 4467 1454 4533 iungi,
1465 4468 1510 4520 sed
1523 4471 1658 4532 quiescere.

110 4551 204 4603 uadum
218 4551 293 4604 etiam
308 4555 393 4606 motus
411 4553 483 4604 lineae
495 4555 584 4618 eruut,
600 4555 720 4618 puuctum
738 4553 803 4605 enim
812 4553 894 4604 unitas
971 4564 1010 4609 52.
1024 4557 1051 4610 Si
1062 4558 1200 4609 animanon
1213 4555 1331 4620 uutiitur,
1346 4571 1419 4609 omne
1430 4571 1490 4609 vero
1502 4571 1593 4623 eorpus
1607 4557 1721 4608 animalis

109 4644 150 4691 est
161 4640 306 4706 positionem
318 4641 419 4706 habeus,
432 4656 550 4694 numerus
564 4655 624 4694 νειο
638 4641 715 4693 animi
732 4641 785 4704 jam
799 4641 890 4694 alicubi
940 4647 1061 4711 nutritur,
1075 4647 1156 4697 anima
1164 4659 1214 4697 nou
1225 4648 1265 4698 est
1277 4659 1375 4712 eorpus.

109 4733 151 4781 eet
166 4731 361 4796 positionemque
385 4731 469 4783 habet.
501 4731 607 4798 iusuper
629 4731 721 4796 siquis
742 4732 774 4783 do
792 4747 893 4786 numero
923 4711 929 4724 ¹
970 4739 1009 4786 53.
1035 4734 1156 4786 intortio
1178 4735 1210 4786 de
1231 4734 1359 4786 dialectica
1381 4733 1445 4786 libro
1470 4747 1546 4798 quum
1571 4733 1724 4798 Chrysippus

108 4829 241 4869 numerum
256 4819 388 4871 deduxerit
401 4821 438 4872 vel
451 4819 586 4886 unitatem,
604 4821 667 4872 alius
687 4819 832 4887 relinquitur
844 4839 894 4875 uu·
938 4822 1090 4885 monuisset,
1102 4823 1239 4883 Platonem,
1257 4823 1413 4874 Aristotelem
1425 4825 1451 4873 et
1463 4821 1526 4873 alius
1537 4821 1580 4884 qui
1598 4822 1645 4870 hos
1659 4820 1720 4870 sub·

107 4921 207 4970 merum
223 4909 388 4974 amuiplanta
402 4909 529 4974 multaque
543 4909 687 4961 animallum
702 4909 792 4961 vivunt
803 4911 892 4975 divisa,
939 4911 1019 4964 secuti
1033 4913 1124 4976 εεεοοθ,
1138 4927 1218 4979 usque
1229 4911 1262 4964 ud
1277 4911 1432 4963 Polemonem
1441 4914 1466 4962 et
1481 4911 1630 4970 Stratonem,
1642 4907 1722 4959 diale-

109 4998 247 5049 eteandem
265 4998 373 5049 animam
384 4999 465 5064 specie
478 4999 594 5050 videntur
604 4999 707 5051 habore.
720 4999 768 5050 sod
782 5001 843 5051 nihil
853 5003 893 5052 iu·
940 5002 1012 5052 ctiou
1025 5015 1126 5068 operam
1136 5002 1242 5064 dedisse,
1254 5001 1362 5052 maxime
1374 5003 1459 5050 autem
1467 5001 1602 5060 Socratem,
1621 5010 1651 5049 ao
1661 5009 1723 5062 pro·

108 5087 204 5138 teresse
211 5085 342 5151 videbitur,
353 5087 471 5139 monudas
479 5087 548 5139 dieas
556 5102 586 5139 an
592 5089 834 5156 pamoeorpusoula;
845 5092 895 5142 eto·
940 5089 1087 5153 nuntiasset,
1096 5081 1159 5141 velle
1168 5103 1195 5140 se
1206 5088 1280 5139 etium
1288 5100 1371 5138 errare
1380 5099 1438 5137 oum
1450 5083 1721 5148 histulibustautieque

108 5173 194 5226 ulmei
206 5188 237 5226 ex
247 5173 380 5226 Demomiti
391 5173 570 5240 pinupuneu
578 5175 647 5242 tluut,
660 5177 894 5242 oolaqoaquantitus
939 5176 1013 5240 viris,
1026 5177 1080 5231 hou
1093 5177 1170 5229 verba
1181 5175 1307 5238 subjunau't
1319 5189 1325 5219 ι
1340 5177 1404 5225 itam
1419 5174 1440 5224 εἰ
1455 5171 1536 5222 obiter
1547 5172 1579 5224 de
1594 5169 1635 5224 uo
1645 5173 1722 5226 rebus

110 5263 216 5326 maneat,
226 5262 276 5314 erit
284 5261 410 5326 aliqutdin
421 5263 475 5328 ipsa
484 5265 630 5326 quantitate,
636 5265 703 5330 quod
710 5266 799 5329 partim
809 5269 893 5317 movet
939 5265 1074 5328 dixissent,
1086 5267 1182 5330 poterat
1200 5263 1290 5327 uliquis
1306 5263 1410 5314 tortusue
1421 5263 1504 5316 locum
1522 5263 1639 5327 uuquam
1655 5261 1719 5314 malo
