3934 5956
479 429 710 494 ETHICORUM
729 429 1069 498 NICOMACHEORUM
1091 433 1372 499 PARAPHRASIS.
1668 445 1727 506 315

113 589 165 674 μιγ
188 564 215 626 τί
244 568 309 626 ίστι·
330 561 497 641 μιταόαίνιυν
511 562 562 643 γὰρ
588 567 603 622 ό
625 562 699 643 λόγος
724 565 796 624 οὐδὲν
819 566 898 639 ἤνυσε
943 575 987 627 sed
1010 577 1092 628 adhuc
1105 578 1164 642 quis
1185 579 1218 628 sit
1233 579 1394 643 querimusz
1415 581 1576 646 nequeenim
1590 583 1729 650 quidquam

111 656 212 729 πλεον,
228 655 286 712 ἀλλ’
300 654 337 721 είς
349 651 379 710 τδ
394 651 458 710 αύτὸ
472 651 599 731 ἀφίκετο,
616 652 686 712 ixei
700 655 726 712 ἐν
741 658 794 722 τοῖς
805 679 897 735 προοι-
942 663 1041 725 effecit,
1059 665 1121 716 dum
1131 667 1182 717 huc
1195 669 1220 717 et
1233 667 1294 718 illuc
1310 671 1415 733 rugatur
1428 670 1519 730 oratio,
1533 671 1577 722 sed
1588 672 1674 724 eodem
1687 687 1730 726 re·

112 743 182 822 μίοις
193 741 335 822 ἐλέγομεν,
351 740 391 800 ότι
402 739 433 800 τδ
447 741 534 814 πάσης
544 740 664 821 πρόξενος
675 741 852 819 τέλος,το’ῦτο
866 741 897 802 ἀν
943 754 1029 804 voluta
1051 758 1104 814 est,
1126 769 1172 806 nee
1187 755 1256 807 aliud
1283 757 1412 822 probavit,
1431 771 1508 823 quam
1523 760 1642 820 actionis,
1660 765 1688 812 ut
1704 763 1730 814 in

113 833 154 905 εῖη
174 831 204 890 τὸ
226 829 324 910 ἀγαθὸν
345 828 392 890 καί
416 828 447 888 τό
462 829 580 908 ἄριστον.
602 829 679 891 Ἐπεί
704 830 791 889 τοίνυν
811 833 896 890 πολλὰ
942 844 1060 908 proaemio
1069 845 1193 905 diximus,
1207 846 1327 912 cuiusque
1337 846 1411 898 tinem
1422 847 1470 898 hoc
1483 862 1544 909 esse.
1556 849 1625 915 quod
1636 851 1729 903 bonum

112 925 233 1001 φαίνεται
247 923 300 979 τῶν
315 918 435 998 πράξεων
456 916 491 976 rie
502 917 584 994 Ιτέλη,
599 918 698 978 τούτων
715 919 742 978 δέ
765 941 826 978 τινα
841 921 897 978 οὐδ’
942 934 1049 985 dicimus
1067 942 1092 985 et
1106 936 1236 1000 optimum.
1271 939 1355 995 Quum
1369 951 1427 1002 ergo
1439 939 1513 988 multi
1529 938 1662 990 rideantur
1676 953 1730 993 esse

111 1007 194 1114 ἑαυτδ
206 1007 366 1114 αἱρούμεθα,
381 1006 450 1065 ἀλλὰ
464 1007 497 1065 δι’
512 1006 589 1087 ἕτερα
604 1005 668 1078 τέλη
684 1007 770 1066 ἀλλων
785 1009 896 1080 ἐπιστη-
942 1025 1067 1074 actionum
1081 1025 1155 1084 emes,
1171 1028 1247 1090 atque
1267 1026 1357 1076 horum
1372 1027 1475 1091 quidam
1490 1041 1540 1077 no„
1561 1041 1606 1093 per
1622 1041 1663 1088 ,θ’
1683 1027 1728 1080 ,θη

112 1119 169 1172 μων
190 1120 242 1156 των
262 1096 497 1177 ἀρχιτεκτονικῶν,
520 1093 607 1161 καθὼς
631 1094 752 1174 είρηται,
778 1093 824 1154 ιιαί
845 1097 894 1154 εῖσι
942 1114 973 1164 ob
987 1112 1049 1163 alios
1062 1113 1168 1164 aliarum
1180 1114 1339 1164 scientiarum
1355 1115 1427 1174 fines,
1442 1116 1487 1180 qui
1500 1116 1623 1181 principes
1636 1131 1729 1168 νοωῃ.

111 1189 233 1268 χρήσιμα
246 1187 311 1268 πρδς
332 1189 436 1259 tratre,
454 1183 545 1264 ὥσπερ
566 1189 581 1243 ὁ
593 1187 719 1258 πλοῦτος,
738 1182 752 1243 θ
766 1191 812 1245 τοῦ
825 1206 894 1265 χρη·
942 1205 991 1261 tur,
1009 1211 1037 1252 ut
1049 1215 1124 1267 supra
1135 1201 1231 1252 dictum
1243 1205 1296 1262 ost,
1312 1207 1459 1268 expetantur
1470 1217 1500 1255 oc
1510 1209 1640 1270 propterea
1654 1207 1729 1258 utiles

113 1282 241 1353 partomi
257 1278 312 1336 ίστι
326 1275 417 1346 τέλος,
440 1271 598 1354 χρηννμῑῦῑν
616 1275 654 1353 τῷ
669 1276 797 1354 wiliulfi
812 1275 849 1341 tit
865 1273 896 1336 τθ
943 1292 1122 1352 existimentur,
1146 1289 1211 1342 sicut
1233 1290 1345 1352 divitiae,
1375 1293 1419 1358 qui
1442 1291 1570 1359 lucripetes
1595 1265 1651 1346 finis
1664 1270 1726 1356 ¹eol,

111 1365 178 1426 ἴδιον
192 1368 280 1438 erice,
295 1364 367 1424 καλό
391 1362 484 1435 selec,
499 1361 572 1429 τελοτ
594 1361 641 1438 μὲν
667 1365 713 1422 τοῦ
737 1363 895 1438 ellesmot,
941 1381 1035 1436 homini
1060 1395 1144 1432 rerum
1158 1381 1269 1432 civilium
1292 1381 1372 1446 perito
1391 1382 1424 1432 ιιι
1443 1381 1518 1432 tinem
1536 1397 1609 1433 suum
1625 1389 1729 1448 possunt

112 1462 246 1542 χρήσιμον
261 1460 288 1520 δὲ
303 1464 339 1541 τῶ
356 1461 459 1540 αὐλητῇ
475 1457 518 1518 td
536 1457 685 1532 τδαθλεῖν,
700 1457 795 1535 ὁμοίως
811 1457 838 1517 δὲ
852 1459 897 1519 ιιαλ
941 1471 1073 1536 prodesse,
1087 1473 1113 1521 et
1126 1470 1187 1522 tibla
1199 1483 1257 1535 qum
1268 1469 1325 1520 linis
1338 1473 1379 1521 est·
1393 1470 1501 1530 tibiarii,
1515 1471 1675 1523 nihilominus
1695 1473 1729 1523 ti-

113 1551 202 1610 πάντα
215 1550 249 1610 τδι
271 1549 378 1629 όργανα·
394 1548 450 1605 teet
464 1545 549 1606 τοίνυν
564 1543 615 1604 εἶσί
627 1568 685 1604 τινα
697 1549 749 1605 τῶν
761 1547 843 1610 τελῶν
859 1547 896 1624 μὴ
941 1559 1016 1609 bisini
1030 1557 1062 1608 ad
1074 1557 1212 1609 canendum
1231 1557 1361 1618 conducit,
1383 1561 1409 1610 et
1430 1557 1544 1609 similiter
1563 1558 1729 1611 instrumenta

112 1639 149 1696 δι’
163 1637 244 1698 ἔαυτδι
263 1637 365 1716 ἀγαθοί,
383 1638 430 1694 υθιι
453 1633 544 1706 ἀνείη
565 1630 701 1694 πάντατὰ
721 1633 784 1706 τέλη
796 1633 895 1696 τόλεια.
941 1647 1058 1712 reliqua:
1075 1661 1154 1712 quum
1166 1660 1240 1710 ergo,
1260 1645 1378 1711 inquam¹
1401 1645 1463 1698 fines
1483 1646 1587 1712 quidam
1607 1648 1670 1709 sint,
1683 1649 1729 1714 qui

109 1726 151 1786 Τὸ
166 1722 193 1784 δὲ
209 1724 323 1804 ἀγαθόν,
347 1715 378 1782 ού
401 1723 478 1782 ἕνεκα
500 1721 588 1780 ποίντα
608 1719 776 1800 πράττομεν,
799 1723 896 1781 τέλειον
942 1753 1023 1804 perse
1036 1753 1085 1788 non
1098 1737 1228 1796 sintboni,
1244 1740 1364 1803 sequetur
1377 1740 1595 1790 neoomneslines
1606 1739 1730 1804 perfectos

111 1815 153 1873 δεῖ
165 1804 239 1874 εἶναι·
251 1812 319 1873 ὥστε
329 1813 376 1872 ούιι
388 1811 420 1872 δν
433 1810 473 1882 εῖη
486 1809 514 1869 ἓν
527 1815 579 1870 τῶν
590 1807 713 1870 τοιούτων
723 1812 814 1886 τελῶν,
829 1811 897 1892 ίίπερ
942 1840 1003 1876 esse,
1037 1825 1103 1878 lund
1118 1840 1180 1878 vem
1191 1825 1263 1891 eujus
1274 1839 1349 1876 eausa
1361 1826 1443 1877 omnia
1454 1827 1575 1886 facimus,
1590 1825 1729 1892 pepseptum

113 1907 194 1975 ἀτελῆ
219 1907 293 1965 τίσιν.
318 1903 389 1962 illl*
409 1903 431 1961 τί
453 1897 501 1978 μὲν
517 1899 604 1960 πολλαί
626 1901 677 1958 εἰσι
695 1899 730 1958 τίι
744 1899 845 1973 τέλεια,
867 1899 898 1959 τό
942 1929 996 1967 esse
1011 1919 1109 1980 oportet
1121 1914 1231 1966 honum:
1245 1928 1323 1980 quare
1335 1928 1383 1966 uec
1392 1915 1458 1966 inter
1471 1915 1527 1966 illos
1539 1916 1601 1967 lines
1613 1917 1673 1976 erit,
1685 1917 1730 1983 qui

110 1989 397 2056 τελειότατοντούτοιν·
413 1990 435 2048 εί
451 1987 478 2048 di
495 1987 538 2059 ἕν,
560 1985 644 2048 ἐκεῖνό
658 1987 755 2047 ἔστιτὸ
770 1988 896 2060 ζητούμε-
942 2019 991 2056 non
1004 2007 1062 2056 sunt
1075 2003 1187 2070 perfecti,
1221 2003 1316 2062 Quodsi
1331 2003 1405 2055 multi
1426 2006 1484 2055 sunt
1502 2003 1621 2070 perfecti,
1645 2005 1667 2056 is
1684 2006 1729 2072 qui

109 2103 154 2187 νγν
169 2081 195 2137 ἓν
209 2078 307 2144 πόσαις
321 2081 378 2144 τοῖς
393 2075 568 2156 ἀνθρωπίναις
580 2075 704 2153 dedititii
718 2076 825 2154 ἀγαθόν·
842 2076 897 2136 Καὶ
941 2093 1137 2161 perfectissimus
1150 2096 1197 2146 crit
1208 2113 1214 2143 ι
1227 2093 1265 2145 sin
1279 2095 1364 2144 aulem
1381 2107 1461 2153 unus,
1477 2093 1525 2144 hoc
1536 2093 1588 2158 jam
1599 2093 1663 2144 illud
1672 2095 1727 2154 en't,

110 2193 142 2227 το
155 2169 203 2244 μὲν
219 2169 251 2226 δί
275 2165 354 2226 illuri
371 2165 530 2244 ζητούμενον
547 2169 591 2224 τοῦ
605 2166 638 2222 δύ
655 2165 723 2223 ἄλλο
735 2163 896 2241 ζητουμένου
942 2184 1011 2250 quod
1024 2184 1051 2234 in
1065 2182 1180 2234 omnihus
1197 2181 1315 2233 humanis
1326 2175 1468 2234 actionibus
1476 2183 1613 2247 querimus
1625 2183 1727 2235 bonum.

112 2257 270 2337 τελειότιρον
291 2254 413 2332 λε’γομεν·
436 2253 514 2312 πόλιν
530 2251 558 2312 δὲ
580 2251 636 2314 ἐπεί
649 2277 707 2312 τινα
723 2256 774 2311 τῶν
792 2256 896 2332 ἀγαθῶν
941 2272 1037 2327 Jamjd
1052 2274 1120 2322 certe
1135 2270 1204 2335 quod
1217 2283 1261 2335 per
1281 2283 1307 2321 ςς
1321 2271 1373 2336 peti
1387 2271 1464 2328 solet,
1481 2284 1510 2321 ω
1530 2269 1599 2334 quod
1612 2271 1644 2320 οι)
1660 2271 1730 2322 aliud

110 2345 157 2405 καί
168 2345 200 2405 δι’
212 2342 345 2404 imiimi
356 2342 463 2402 δίνῖθδα
476 2339 895 2426 (imiimi,“timi'iil‘ltissiliit
941 2362 1044 2428 petitur,
1060 2358 1195 2424 perfectius
1211 2359 1319 2410 dicimus
1333 2379 1339 2409 ι
1354 2370 1493 2418 rursusque
1507 2373 1587 2423 quum
1601 2358 1660 2409 talia
1680 2359 1730 2410 sint

109 2435 155 2495 καί
178 2434 208 2493 τὸ
230 2434 343 2513 φρονεῖν,
358 2430 516 2509 τελειότερον
540 2428 641 2488 τούτων
666 2428 755 2502 ἐστίν,
773 2428 837 2507 ὅπερ
863 2431 896 2488 δι’
942 2452 1007 2501 pm
1023 2448 1151 2516 quadan,
1171 2450 1200 2496 νη
1212 2450 1237 2498 νς
1248 2461 1293 2512 per
1310 2461 1336 2498 50
1353 2449 1379 2498 et
1395 2447 1427 2496 ογ)
1440 2446 1507 2496 apud
1520 2448 1644 2510 petentur,
1665 2447 1731 2498 secut

111 2521 190 2582 ἐαυτδ
206 2521 283 2600 μόνον
300 2525 435 2594 ζητεῖται,
457 2516 583 2578 οὐδέποτε
609 2516 897 2577 detenendos
942 2533 1025 2584 valere
1045 2534 1072 2582 et
1093 2543 1191 2594 sapere,
1215 2529 1305 2579 horum
1326 2527 1473 2593 perfectiora
1493 2529 1623 2592 suntqum
1639 2541 1683 2592 per
1703 2541 1730 2578 se

111 2611 190 2690 μόνον
211 2609 281 2669 κατδ
304 2609 438 2688 σύγκρισιν
463 2605 622 2687 τελειότερον
643 2605 741 2680 ἄλλον,
768 2604 897 2664 ἀλλὰκαὶ
943 2631 1047 2684 semper,
1065 2629 1145 2681 neque
1162 2627 1272 2678 unquam
1288 2614 1320 2664 ob
1336 2613 1405 2663 aliud
1424 2615 1545 2678 petuntur
1564 2631 1571 2662 ε
1588 2614 1665 2676 atque
1680 2612 1730 2662 hu.

110 2701 202 2768 ἁπλῶς
223 2697 320 2756 τέλειον
345 2695 442 2773 ἀγαθὸν
457 2691 534 2754 τοῦτό
552 2695 619 2755 ἐστι.
640 2695 767 2754 Τοιοῦτον
782 2693 809 2753 δὲ
825 2699 841 2766 ἡ
855 2695 898 2753 ιθ·
939 2701 1049 2768 iusrnodi
1065 2698 1168 2766 quidem
1181 2699 1274 2748 bonum
1292 2711 1341 2746 non
1361 2695 1464 2746 alterius
1477 2697 1577 2745 tantum
1597 2697 1727 2762 respectu,

110 2786 232 2863 δαιμονία
247 2787 365 2860 μάλιστα
383 2775 450 2843 εῖναι
465 2785 543 2842 δοκεῖ·
565 2781 665 2856 ταύτην
686 2780 736 2861 γθιρ
752 2781 896 2861 αἱρούμεθα
942 2781 986 2833 Sed
999 2778 1144 2845 νῑννΡῙῙῦῙίθν
1159 2779 1184 2827 ei
1202 2775 1316 2826 ailwium
1331 2773 1470 2839 ίδίίθίύῑῐῐ11
1489 2779 1535 2825 0⁸¹·
1569 2775 1630 2826 Τνίθ
1644 2778 1729 2825 &istim

111 2874 152 2932 ἀεῖ
168 2876 200 2932 δι’
228 2871 333 2944 ἑαυτόν·
357 2870 437 2950 τιμὴν
462 2869 489 2930 di
503 2870 549 2929 καί
572 2869 666 2943 ἡδονὴν
688 2871 734 2930 καὶ
756 2869 894 2952 ρρόνηςνν,
942 2861 1049 2912 maxime
1062 2857 1163 2908 videtur
1176 2869 1230 2906 esse
1242 2853 1348 2905 felicitas
1362 2854 1443 2904 :hanc
1457 2853 1522 2905 enim
1535 2868 1688 2920 semperper
1703 2867 1730 2904 se

110 2961 156 3021 καὶ
168 2971 256 3022 πᾶσαν
269 2959 364 3041 ἀρετὴν
384 2960 528 3038 αἱρούμεθα
543 2957 590 3035 μὲν
609 2960 641 3017 δι’
658 2957 748 3016 ἑαυτά·
765 2959 892 3035 (patere
942 2939 1099 3005 expetimus:
1117 2937 1236 2987 honorem
1249 2936 1349 2992 contra,
1363 2934 1518 2998 voluptatem
1531 2947 1560 2984 ao
1571 2933 1730 2998 prudentiam

110 3051 163 3130 γὰρ
189 3050 377 3116 meatem<
400 3047 482 3108 mo„
504 3046 556 3106 est
578 3050 625 3119 ,ἧς
651 3046 769 3118 κτήσεως
793 3050 893 3123 αὐτῶν,
941 3023 1095 3111 ceterasque
1108 3029 1152 3108 per
1168 3029 1194 3066 se
1215 3013 1317 3080 quidem
1336 3013 1446 3106 petimus
1466 3014 1574 3064 virtutes
1595 3013 1730 3079 (quamuis

942 3113 1008 3150 emm
1027 3107 1206 3162 possessionem
1224 3107 1310 3144 earum
1331 3094 1396 3144 mhul
1410 3093 1479 3144 allud
1500 3096 1627 3159 sequatur,
1645 3096 1730 3144 tannen

110 3139 236 3216 ἑλοίμεθα
251 3137 283 3199 ἂν
305 3138 417 3198 &ww
440 3135 555 3217 coede)
578 3134 724 3216 αἱρούμεθα
748 3137 776 3193 ἃ
790 3134 836 3194 καὶ
850 3141 896 3209 τῆς
942 3176 1038 3241 singula
1049 3173 1134 3240 qualia
1149 3174 1208 3222 sunl
1224 3171 1352 3236 petimus)
1367 3171 1527 3222 nihilominus
1543 3174 1662 3222 tamenet
1672 3170 1730 3222 feli·

111 3228 278 3340 εθδαιμρνίας
292 3227 372 3308 χάριν
386 3273 394 3303 ,
409 3225 454 3286 δεδι
475 3224 574 3286 τούτων
596 3223 831 3299 ύπολαμόοίνοντες
854 3227 896 3285 εὖ·
941 3257 1113 3308 citatim&
1131 3254 1258 3318 petuntur,
1273 3251 1341 3316 quod
1362 3264 1444 3316 pem
1463 3249 1547 3302 felices
1571 3249 1670 3302 summ
1685 3265 1730 3303 nm

110 3319 291 3396 torpemus.
314 3314 373 3386 Τνλν
388 3313 416 3374 δὲ
440 3312 605 3387 ῑῦδννμννῖνν
629 3311 710 3380 otest<
725 3315 839 3392 νίρνῗτνν
854 3313 897 3374 ἶνίν
939 3335 1088 3402 judicamus.
1121 3330 1275 3381 Felicitatem
1296 3342 1356 3380 vero
1376 3343 1424 3379 nec
1447 3329 1552 3388 harum,
1568 3343 1613 3380 nec
1629 3330 1729 3380 omnino

108 3411 207 3480 ταῦτα,
220 3404 238 3476 ἢ
253 3404 318 3471 θλως
333 3405 367 3462 δι’
378 3403 454 3462 ἀλλο·
471 3401 540 3460 ἀλλὰ
556 3400 635 3478 μόνον
654 3401 686 3458 δι’
703 3399 808 3472 ἑαυτήν·
827 3400 896 3462 ὥστε
941 3415 1088 3478 cuiusquam
1102 3409 1166 3462 alius
1188 3409 1224 3460 rei
1236 3423 1312 3460 causa
1324 3410 1459 3475 quisquam
1480 3409 1559 3474 petit,
1581 3409 1624 3460 sed
1640 3423 1685 3474 per
1703 3424 1730 3462 se

109 3497 127 3565 ἡ
140 3491 294 3567 εὐδαιμονία
305 3489 336 3549 δν
355 3490 396 3562 εἴη
412 3489 442 3550 ri
458 3489 617 3565 ζητούμενοι
632 3486 707 3570 παρίι
728 3490 779 3546 τῶν
796 3491 895 3571 ἀνθρω·
941 3497 1040 3544 tantum
1061 3507 1067 3541 τ
1086 3503 1118 3541 ex
1133 3503 1184 3556 quo
1203 3489 1325 3554 sequitur,
1348 3486 1492 3538 felicitatem
1507 3501 1561 3540 esse
1579 3488 1643 3540 illud
1660 3488 1730 3554 quod

106 3579 193 3640 πίνων
207 3579 327 3662 πράξεων
341 3577 449 3660 ἀγαθόν.
940 3573 1057 3624 humane
1067 3569 1177 3622 actiones
1188 3568 1234 3619 sibl
1247 3571 1387 3633 proponunt
1398 3567 1499 3618 θοαυιιι.

148 3667 238 3730 *Ἔτι
248 3669 276 3728 δὲ
288 3667 334 3728 καλ
345 3667 442 3728 insides
457 3667 545 3737 δῆλον·
558 3664 604 3725 καλ
615 3663 667 3745 γὰρ
679 3663 711 3724 eit
720 3663 818 3724 τέλειον
829 3667 895 3744 ἀγα.
971 3661 1096 3712 Praeieretl
1118 3657 1145 3708 id
1164 3657 1247 3722 ipsum
1269 3659 1295 3707 ei
1311 3656 1369 3706 hine
1383 3655 1487 3719 intelligi
1509 3657 1593 3720 polest
1610 3675 1616 3706 ι
1635 3657 1729 3707 elenint

108 3759 153 3818 θθν
167 3755 182 3817 δ
196 3762 330 3830 ζητεῖται,
344 3753 472 3836 αύταριιες
487 3741 554 3813 ε’ίναι
570 3755 649 3814 δοκεῖ.
669 3750 807 3830 Αύταριιις
822 3751 895 3823 em
941 3747 1081 3814 perlectum
1100 3746 1163 3798 illud
1176 3745 1244 3812 quod
1256 3745 1379 3812 queritur
1394 3744 1503 3802 bonum,
1516 3757 1560 3808 per
1578 3757 1604 3794 se
1616 3743 1730 3794 sufficere

108 3850 230 3928 riparioli
257 3845 334 3922 μόνον
351 3845 390 3904 tvl
406 3867 458 3904 τινι
481 3847 559 3913 ζῶντι
584 3840 638 3921 βίον
664 3837 801 3916 μονιίιτην,
825 3839 894 3900 ἀλλὰ
941 3837 1050 3889 videtur.
1083 3834 1202 3887 Sufficere
1220 3836 1305 3886 autem
1326 3831 1390 3883 illud
1403 3831 1522 3890 creditur,
1536 3831 1604 3896 quod
1620 3845 1669 3881 non
1685 3831 1728 3881 uni

107 3936 154 3998 καί
175 3938 279 4016 γονεῦσι
304 3933 349 3992 καί
363 3931 463 3999 τίκνοις
483 3930 529 3990 ani
553 3927 678 4008 γυναιιιί,
698 3929 744 3987 καί
759 3927 827 3994 δλιυς
841 3928 895 3996 τοῖς
941 3931 1040 3978 tantum
1053 3925 1098 3991 qui
1110 3924 1189 3976 ritarn
1201 3922 1268 3986 degit
1282 3921 1418 3972 solitariam
1434 3919 1542 3972 sufficiat
1555 3919 1662 3981 homini,
1685 3919 1729 3972 sed

108 4027 193 4108 ρίλοις
206 4021 253 4084 καί
264 4021 396 4089 πολίταις.
410 4019 490 4081 Ἐπεί
499 4019 544 4078 καί
554 4023 600 4078 τοῦ
613 4019 639 4076 ίν
654 4016 753 4086 τούτοις
769 4019 867 4096 ἀγαθοῦ
879 4021 893 4077 ό
941 4015 1010 4084 quod
1021 4013 1166 4080 parentibus
1177 4011 1265 4070 etiam.
1277 4011 1349 4061 uxori
1361 4013 1387 4060 et
1402 4009 1502 4069 liberis,
1518 4009 1667 4075 omninoque
1678 4023 1730 4060 ειε-

109 4114 244 4196 ἀνθριυιτος
258 4106 615 4192 χρῄζει,·φύσειπολιτιιιθς
628 4105 892 4173 ὢνιιοιῖτιοινοινιιιός,
940 4105 1002 4158 teris
1010 4109 1065 4155 tum
1075 4101 1162 4154 amicis
1177 4098 1270 4152 suflicit
1280 4101 1334 4150 tum
1346 4098 1452 4150 civibus.
1486 4098 1583 4164 Quippe
1594 4099 1726 4159 tallhono‚

109 4207 165 4266 Καὶ
185 4203 252 4270 ὅλως
270 4199 397 4280 αὔταρκές
417 4201 502 4274 ἐστιν,
517 4197 531 4257 8
547 4195 725 4276 μονούμενον,
742 4195 832 4274 ἄρκιον
848 4193 894 4255 καὶ
941 4192 1010 4260 quod
1021 4193 1054 4244 ad
1069 4191 1116 4244 hos
1127 4189 1203 4241 etiam
1218 4187 1353 4254 pertineat,
1364 4200 1428 4252 opus
1442 4189 1481 4238 est
1497 4187 1592 4238 homini
1606 4186 1638 4237 ad
1649 4187 1728 4238 iilam

111 4293 215 4374 ιιίριτθν
229 4299 299 4352 ποιοῖ
310 4288 355 4348 τδν
372 4288 428 4369 βίον
439 4287 486 4348 ιιαλ
508 4285 619 4364 μηδενὸς
633 4285 718 4342 ἐνδεᾶ·
737 4288 852 4343 τοιοῦτον
868 4281 895 4342 δὲ
941 4281 1135 4345 societatemque
1148 4278 1246 4330 civilem
1257 4279 1323 4327 ννῑο-
1357 4276 1469 4342 Denique
1484 4275 1610 4327 sufficiens
1621 4276 1669 4326 hoc
1679 4278 1726 4336 est.

108 4383 157 4454 τὴν
167 4378 333 4459 εὐδαιμονίαν
341 4377 448 4454 οἰόμεθα
458 4365 534 4434 εἶναι.
544 4371 678 4434 Φαίνεται
690 4369 754 4452 οῖρα,
764 4370 794 4428 τὸ
803 4370 895 4443 ζητού·
941 4372 1010 4438 quod
1024 4370 1144 4422 sideman
1153 4369 1261 4434 reliqua,
1276 4367 1442 4418 sufficientem
1458 4380 1503 4431 per
1516 4381 1543 4416 se
1555 4365 1632 4416 vitam
1645 4367 1670 4415 el
1684 4379 1729 4416 er-

110 4494 190 4550 μτνον
200 4468 297 4548 ἀγαθόν
306 4467 355 4541 τλν
366 4462 534 4543 εὐδαιμονίαν
546 4451 624 4522 εἶναι.
636 4457 699 4519 Ἔτι
712 4456 759 4530 τὴν
773 4458 896 4535 εύδαιμσ-
939 4461 1072 4528 petendam
1086 4457 1158 4518 facit.
1171 4459 1207 4510 ita
1221 4460 1251 4508 ut
1270 4457 1339 4508 nulla
1350 4471 1378 4506 re
1389 4459 1459 4520 egeat
1474 4475 1481 4505 ι
1494 4455 1569 4504 talem
1578 4456 1663 4504 autem
1674 4467 1728 4504 esse

109 4557 168 4618 νίαν
183 4559 212 4618 σθ
227 4555 337 4636 λέγομεν
353 4555 570 4634 συναριθμεῖσθαι
591 4549 647 4616 τοῖς
668 4546 758 4613 ἄλλοις
778 4546 894 4624 ἀγαθοῖς·
941 4553 1084 4605 felicitatem
1113 4553 1239 4616 putamus.
1274 4533 1344 4598 'Unde
1368 4548 1481 4610 apparet,
1510 4543 1656 4594 felicitatem
1674 4555 1728 4592 esse

109 4649 162 4706 τῶν
174 4646 225 4726 γίιρ
239 4647 350 4722 αἱρετῶν
367 4641 503 4720 ἡγούμεθα
519 4629 586 4699 είναι
596 4635 628 4697 τό
643 4635 733 4713 ἀκρον·
748 4632 794 4694 τιαί
806 4635 829 4693 εί
848 4631 895 4692 σύ-
940 4643 1004 4695 illud
1022 4641 1090 4708 quod
1103 4639 1240 4704 querimus
1254 4637 1355 4688 bonum.
1389 4637 1492 4697 insuper
1512 4631 1656 4682 felicitatem
1679 4643 1728 4680 nou

110 4757 216 4814 στοιχον
231 4732 313 4804 αὐτὴν
326 4741 380 4798 τοῖς
391 4731 479 4796 ἄλλοις
489 4729 633 4804 ποιήσομεν
647 4728 767 4804 ἀγαθοῖς,
784 4722 894 4805 ρανερδν
940 4733 1048 4786 dicimus
1067 4743 1125 4779 cum
1144 4724 1247 4790 reliquis
1259 4723 1373 4788 conjungi
1386 4721 1471 4780 bonis,
1485 4720 1544 4784 quia
1564 4731 1651 4769 eorum
1669 4731 1728 4782 qum

110 4823 166 4898 ότι,
183 4827 206 4883 εί
221 4819 407 4904 προσθήσομίν
420 4843 446 4879 τι
460 4821 513 4878 τῶν
525 4817 611 4877 ἄλλοιν
626 4818 703 4896 αὐτῇ,
719 4811 894 4894 αῖρετιυτίραν
941 4819 1092 4886 expetuntur
1108 4816 1229 4866 bonorum
1250 4815 1389 4864 extremum
1411 4823 1466 4858 eam
1482 4819 1536 4858 esse
1556 4805 1726 4856 arbitramur:

110 4913 267 4991 ποιήσομεν,
281 4911 326 4971 καλ
337 4909 418 4978 οὕτως
429 4911 476 4969 ούιι
486 4907 518 4967 ἀν
530 4907 570 4979 τίη
581 4908 647 4976 αθτὴ
658 4905 688 4964 τὸ
697 4903 778 4984 αἰιρον
789 4905 840 4962 τῶν
853 4902 893 4959 αί·
940 4923 998 4960 nam
1008 4908 1029 4959 si
1040 4908 1066 4957 in
1078 4904 1230 4970 reliquorum
1242 4903 1362 4954 bonorum
1374 4897 1460 4948 ordine
1470 4909 1525 4946 eam
1536 4895 1653 4952 locemus,
1664 4893 1727 4944 illud

112 5007 202 5086 ρετῶν·
215 5003 245 5062 τθ
256 5002 307 5081 γδρ
318 4997 521 5081 προστιθίμινον
535 4999 587 5056 τῶν
599 4998 704 5074 ἀγαθῶν
719 4990 786 5070 μετίι
797 4995 843 5064 τῆς
851 4990 894 5048 εθ-
941 4997 1050 5055 eveniet,
1069 4997 1099 5046 ut
1113 4993 1134 5044 ei
1152 4991 1220 5044 aliud
1239 4989 1276 5042 illi
1292 4987 1471 5052 adjungamus,
1486 4997 1541 5036 eam
1555 4981 1726 5048 optabiliorem

112 5091 248 5170 δαιμονίας
261 5091 358 5169 ἀγαθόν
368 5111 394 5148 τι
409 5085 564 5149 ἀποτελέσει
581 5087 627 5156 τῆς
644 5079 809 5161 εὐδαιμονίας
823 5079 895 5158 αίρι·
940 5089 1016 5142 etiam
1037 5085 1171 5146 tacianum
1187 5080 1254 5133 unde
1273 5080 1401 5144 sequetur.
1423 5088 1550 5126 summum
1563 5086 1619 5126 eem
1632 5072 1726 5124 bonum

143 5323 157 5351 ⁴
174 5322 294 5374 Φαίνεται
305 5322 331 5372 δὲ
339 5322 381 5372 ael
393 5321 421 5371 θιι
432 5326 475 5382 τῆς
488 5315 635 5386 αὐταρκείας
645 5316 699 5366 ιιτλ.
