3958 5942
829 364 1076 426 FRAGMENTA.
1693 361 1751 422 {93

142 527 212 584 μεως
225 508 238 538 ⁰
262 501 406 583 ἐπινοήσῃ,
420 500 478 562 οὔτε
493 501 523 561 τδ
536 499 675 581 γινόμενον
693 501 844 584 ἄφθαρτον,
865 500 925 562 οὕτε
970 501 1056 562 καλά·
1079 499 1176 576 ἀγαθός
1187 498 1249 578 γάρ,
1263 501 1273 576 (
1281 499 1373 578 ἀγαθῷ
1385 495 1412 556 δὲ
1425 495 1508 565 οθδείς
1525 496 1615 578 φθόνος
1630 497 1690 575 περὶ
1707 498 1754 556 οῦ-

140 595 170 652 τθ
187 593 225 671 μῆ
237 591 437 674 φθαρησόμενον
457 591 591 670 γεννητόν.
607 589 695 651 Ὅταν
711 589 738 651 δέ
751 590 799 664 τὴν
816 589 925 670 ἀρίστην
971 587 1075 665 deutri
1097 594 1212 670 τηρῆσαι
1231 587 1257 648 δέ
1282 585 1329 646 καί
1348 585 1506 672 διαφυλάξαι
1521 586 1555 646 τδι
1575 585 1701 665 γενόμενα
1725 588 1754 644 οὐ

140 707 179 750 τις
194 684 280 742 αἰτίαν
298 681 429 761 ἐπιστήσῃ
443 679 492 752 τὴν
506 682 535 738 ἐκ
551 685 625 754 θεοῦ,
640 683 679 739 δεῖ
695 678 795 751 ταύτην
807 677 925 756 ἡγεμόνα
972 678 1095 750 δυνατός;
1113 679 1165 738 Καί
1179 675 1231 752 μὴν
1247 675 1294 737 καί
1306 677 1330 736 ci
1344 675 1433 735 λοιποί
1451 678 1572 755 τεχνῖται
1586 673 1651 754 πρὸς
1674 672 1754 754 ἄμφω

139 773 191 832 τῶν
207 770 314 831 πάντων
325 769 458 844 λαθόντα,
474 769 555 846 μηδὲν
571 768 653 842 αὐτὴν
667 772 719 830 τῶν
733 769 820 829 ἄλλοιν
834 771 925 827 αἰτιῶν
970 765 1064 826 ίκανοί.
1084 764 1118 826 ⁸0
1136 771 1196 844 γοῦν
1220 763 1357 842 οἰκοδόμος
1378 762 1422 822 καὶ
1437 765 1451 820 ὃ
1471 760 1605 838 ναυπηγὸς
1629 763 1657 818 οὐ
1676 760 1753 836 μόνον

142 859 323 941 ’ἀποφαίνειν
347 859 466 939 χείρονα.
492 860 598 918 Ιέλοῖον
612 857 675 938 γάρ,
688 857 753 918 διότι
773 856 820 933 μὲν
836 855 926 935 γέγονέ
970 853 1062 922 κοινός
1084 854 1325 924 κατασκευάζονται
1344 858 1407 918 ναῦς
1430 851 1476 910 καί
1501 850 1597 924 οἰκίας,
1622 848 1756 909 ἀλλὰκαὶ

142 973 185 1022 τι,
210 948 253 1008 διδι
274 953 351 1008 τοῦτο
367 952 510 1030 φθαρῆναι·
526 936 549 1008 si
570 946 599 1007 δὲ
623 951 638 1006 θ
652 947 709 1015 θεὸς
729 946 864 1028 βούλεται,
888 943 925 1024 μῆ
972 952 1029 1012 ταῖς
1042 943 1093 1002 ὑπὸ
1107 943 1201 1024 χρόνου
1213 941 1437 1024 διαφθειρομένοις
1449 939 1534 999 ἱκανοί
1549 937 1756 1019 βοηθεῖν,ἐτερα

143 1043 289 1122 φθαρῆναι·
314 1036 360 1096 καί
379 1037 444 1096 διότι
466 1035 514 1114 μέν
535 1060 561 1094 τι
588 1034 729 1115 θγέννητόν
746 1037 834 1108 ἐστιν,
856 1033 926 1114 ἔχειν
970 1035 1023 1092 τῶν
1037 1031 1223 1110 πεποιημένων
1241 1029 1471 1096 ἀντικαθιστάντες
1487 1030 1588 1094 αθταῖς.
1607 1025 1695 1086 Ὥστε
1711 1023 1756 1084 καί

143 1127 218 1208 ίσχθν
239 1131 286 1186 τοῦ
302 1126 342 1204 μὴ
362 1131 509 1206 φθαρῆναι·
526 1124 574 1198 τῆν
591 1125 618 1184 δὲ
633 1123 706 1205 παρὰ
722 1127 781 1184 θεοῦ
801 1123 925 1201 βούλησιν
970 1124 1008 1202 τῷ
1020 1125 1071 1202 θεῷ
1083 1121 1188 1188 πάντως
1202 1121 1257 1182 scd
1269 1143 1299 1200 γε
1313 1126 1436 1180 τοσοῦτον
1450 1116 1645 1198 συγγωρητέον.
1655 1113 1693 1176 Ὃ
1706 1113 1756 1193 γάρ

144 1220 239 1289 ἐνδεῖν,
255 1213 320 1296 πρδς
334 1213 365 1273 τδ
377 1213 508 1295 ἄφθαρτον
526 1213 642 1291 τηρῆσαί
656 1237 683 1271 τι
695 1215 747 1271 τῶν
763 1210 923 1290 γινομένων.
970 1237 1008 1280 τις
1035 1211 1095 1270 ὅλον
1116 1216 1226 1282 ποιῆσαι
1246 1211 1370 1282 δυνατός,
1391 1213 1468 1269 τοῦτο
1489 1210 1545 1275 πῶς
1566 1206 1596 1264 θν
1619 1209 1648 1266 ἐκ
1663 1203 1758 1282 μέρους

69 1325 72 1332 ·
146 1306 228 1366 itata
249 1302 297 1382 μέν
318 1303 454 1378 οἰκοδόμος
473 1302 561 1371 ἱκανὸς
576 1304 623 1362 οῦκ
644 1293 724 1362 οθσαν
744 1299 829 1360 οέκίαν
843 1323 927 1360 κατα·
972 1301 1099 1368 ἀδύνατος
1113 1299 1154 1374 τίη
1167 1307 1265 1375 ποιεῑν;
1284 1297 1340 1361 Koi
1357 1299 1477 1376 γενέσθαι
1491 1296 1578 1356 τοίνυν
1593 1294 1671 1353 τιθεῖ
1691 1316 1757 1352 και-

144 1393 339 1454 σκευάσασθοιι·
363 1389 455 1458 ίκανθς
469 1389 498 1450 δέ
508 1403 556 1458 ’τις
569 1391 614 1450 καί
638 1389 779 1472 ἀνδριάντα
801 1388 839 1467 μὴ
863 1387 926 1448 όντα
971 1389 1029 1464 νόν,
1042 1387 1095 1468 εἴγε
1110 1388 1202 1467 μέλλοι
1215 1390 1229 1429 i
1244 1413 1283 1456 τις
1294 1387 1360 1453 ὅλως
1373 1377 1440 1446 είναι
1454 1384 1582 1458 ποιητής,
1598 1382 1686 1441 καὶτὸ
1701 1405 1756 1440 κα-

145 1480 270 1561 πρότερον
279 1525 288 1553 ,
297 1479 359 1539 όντα
373 1483 493 1550 ποιῆσαι·
505 1479 552 1538 κοιλ
564 1485 626 1537 ναῦν
639 1477 718 1544 ἄλλος
730 1477 757 1547 ἐξ
769 1477 833 1550 θ’λης
845 1479 926 1558 ἀργοῦ
971 1478 1016 1538 λδν
1033 1476 1108 1557 ἐργον
1123 1475 1189 1556 πρὸς
1204 1475 1274 1535 ἅπαν
1290 1473 1473 1544 διασώζεσθαι.
1490 1473 1530 1534 Ti
1543 1472 1593 1554 γδιρ
1609 1464 1638 1531 εὖ
1652 1469 1758 1550 γενόμε·

146 1568 337 1648 τεκτηνάμενος
354 1567 470 1650 παρέσχε
485 1568 538 1636 τοῖς
554 1566 701 1646 δεομένοις·
715 1567 823 1626 καὶτῶν
839 1564 927 1624 ἄλλων
971 1590 1015 1626 νον
1032 1565 1127 1626 ἐθέλειν
1141 1565 1229 1638 λθειν,
1248 1572 1342 1624 κακοῦ.
1360 1563 1464 1632 Μείζων
1479 1561 1506 1620 δὲ
1525 1559 1603 1629 ἄλλος
1617 1562 1653 1628 είς
1672 1583 1758 1630 συντη-

146 1661 272 1738 τεχνιτιῗιν
293 1656 415 1728 ἕκαστος,
430 1655 486 1716 ὅσοι
501 1681 531 1736 γε
545 1656 592 1724 τὰς
605 1655 743 1730 ποιητικθς
764 1652 870 1732 μετέασι
885 1653 927 1712 τί·
974 1655 1031 1736 ρίαν
1055 1658 1107 1714 τῶν
1128 1653 1274 1734 γενομένων
1296 1653 1392 1730 δεσμὸς
1414 1654 1463 1712 οὐκ
1488 1651 1545 1710 ἐστι
1568 1655 1615 1723 τῆς
1634 1655 1679 1710 τοῦ
1699 1653 1757 1707 θεοῦ

145 1768 226 1824 χνας,
243 1743 353 1821 δύναμιν
367 1743 466 1815 ταύτην
489 1743 608 1824 ἔχουσιν,
622 1741 656 1810 ὥς
671 1766 695 1801 τι
712 1743 763 1802 τῶν
783 1742 831 1800 οῦκ
846 1737 927 1799 όντων
974 1742 1133 1825 βουλήσεως,
1149 1743 1187 1803 Ἢ
1206 1740 1371 1822 ἀνθρωπίνης
1395 1739 1442 1818 μὲν
1458 1741 1575 1812 σπουδῆς
1597 1739 1642 1798 καὶ
1664 1737 1759 1818 βουλή.

146 1834 219 1909 ἄγειν
230 1835 265 1898 είς
275 1831 376 1892 οὐσίαν.
388 1830 423 1892 ‘0
437 1831 464 1890 δέ
476 1829 662 1908 captasset<
672 1829 718 1890 xiii
731 1826 927 1910 ἅρῑστῡτέχνης,
973 1857 1040 1900 σεως
1053 1830 1239 1909 μεταλαῦόντα
1252 1831 1353 1903 πολλαί,
1368 1830 1413 1890 καλ
1433 1828 1515 1906 ἔθνη,
1529 1829 1575 1888 καὶ
1590 1827 1697 1904 πόλεις,
1713 1825 1759 1883 καλ

145 1921 199 1980 οὗθ’
222 1921 282 1982 ὅσον
303 1921 465 2003 ἀνθρωπίνου
499 1919 618 2002 τεχνίτου
647 1919 782 1998 δυνάμεως
812 1917 927 1996 μεθέξει,
974 1921 1053 2000 ἔργα,
1067 1919 1138 1998 μένει
1160 1917 1253 2001 χρόνον
1269 1917 1408 1998 ἀμήχανον
1422 1915 1482 1976 ὅσον
1501 1916 1646 1996 γενόμενα,
1667 1912 1758 1993 μηκέτ’

146 2011 252 2092 ἄμοιρος
271 2009 294 2070 δ’
313 2016 378 2088 ἡμῖν
394 2010 482 2082 πάσης
505 2009 579 2070 ἔσται
592 2009 734 2090 γενέσεως,
753 2007 817 2084 οῦκ,
832 2009 878 2069 ἐάν
897 2031 927 2088 γε
974 2009 1046 2077 όντος
1062 2017 1108 2070 τοῦ
1122 2006 1339 2080 dulcissonum&
1358 2005 1385 2066 δὲ
1399 2011 1446 2079 τῆς
1460 2010 1506 2064 τοῦ
1518 2009 1576 2065 θεοῦ
1591 2004 1758 2084 μετασχόντα

146 2099 213 2160 κατδ
235 2099 320 2180 βραχὺ
343 2097 414 2166 θείας
437 2097 523 2166 αἰτίας
547 2097 719 2177 ἐπιλογισμόν
740 2089 790 2157 οἶοί
809 2120 837 2158 τι
854 2085 927 2175 ὦμεν
973 2097 1094 2176 γνώμης,
1107 2096 1153 2156 καί
1168 2098 1200 2156 δι’
1213 2096 1290 2156 αθτδν
1305 2095 1350 2154 καί
1365 2096 1410 2154 ὑπ’
1424 2097 1503 2154 αὐτοῦ
1518 2095 1658 2171 γενόμενα,
1672 2097 1758 2151 ταῦτα

146 2186 247 2250 λαθεῖν.
261 2187 342 2248 'alit
356 2192 466 2259 ποιῆσαι
480 2186 527 2264 μὲν
547 2187 636 2255 ίκανθς
650 2186 697 2247 καί
715 2187 876 2266 βουληθῆναι
894 2185 928 2246 τδι
973 2184 1005 2256 δὴ
1027 2185 1078 2264 ἄρα
1102 2183 1230 2264 παρόντος
1250 2189 1296 2245 τοῦ
1320 2182 1479 2254 ποιήσαντος
1505 2183 1642 2262 οἰχήσεται
1666 2181 1711 2239 κοιλ
1730 2182 1759 2238 οὐ

1371 2323 1760 2343 Μ

148 2421 197 2470 qna
209 2411 264 2458 lum
277 2421 334 2458 eum
348 2406 392 2470 qui
405 2411 479 2458 antea
498 2407 584 2458 nullos
598 2410 651 2458 erat
666 2407 788 2456 mundum
803 2405 928 2465 effecerit,
976 2404 1073 2456 Etenim
1086 2404 1220 2456 ridiculum
1231 2404 1320 2468 utique
1330 2403 1418 2464 buerit,
1431 2403 1499 2468 quod
1509 2405 1593 2454 ort-om
1605 2401 1698 2467 aliquid
1714 2401 1747 2452 sit

146 2498 200 2546 tum
212 2495 305 2546 iactum
314 2496 367 2558 jum
382 2508 451 2559 aso,
463 2497 583 2560 perpetuo
595 2495 616 2546 si
630 2495 689 2546 velit
696 2531 705 2558 ,
719 2494 844 2560 integrum
856 2497 883 2545 st
892 2493 928 2544 ln·
974 2496 1101 2560 propterea
1116 2493 1143 2544 id
1155 2493 1293 2558 corrumpi;
1308 2493 1374 2544 idam
1389 2493 1410 2543 si
1422 2491 1545 2556 corrumpi
1562 2491 1626 2542 deus
1638 2491 1759 2552 voluerit,

146 2585 270 2635 columem
279 2581 411 2636 servabit:
429 2584 503 2648 atque
519 2584 556 2635 ita
577 2583 686 2636 mundos
706 2583 816 2636 Platonis
836 2582 930 2648 judicio
974 2594 1025 2631 non
1051 2581 1176 2646 corrumpi
1199 2600 1206 2631 ι
1232 2580 1356 2642 similiter,
1374 2580 1442 2644 quod
1464 2578 1559 2643 aliquid
1583 2582 1641 2629 ortu
1662 2582 1758 2638 careat,

147 2673 221 2725 simul
238 2677 311 2724 ortus
328 2672 376 2736 sit,
393 2672 467 2724 sbnul
488 2672 665 2737 sempiternus,
677 2673 733 2738 quis
748 2671 850 2724 tandem
862 2675 929 2736 perl-
973 2673 1105 2736 propterca
1118 2670 1181 2722 illud
1197 2670 1314 2721 interitus
1336 2683 1392 2720 ase
1407 2667 1568 2734 propulsandi
1584 2667 1635 2722 vim
1655 2667 1760 2730 babero;

147 2761 311 2827 patetioorum
324 2761 396 2812 nobis
415 2761 464 2812 ista
483 2760 621 2810 rationibus
643 2758 774 2822 probabit?
800 2757 930 2809 minuero
974 2759 1083 2810 divinam
1091 2763 1177 2811 contra
1188 2760 1397 2811 uoluntatomnon
1406 2759 1468 2810 satis
1477 2759 1508 2809 ad
1518 2772 1605 2809 corum
1614 2757 1759 2823 quidquam,

147 2851 226 2902 amice
242 2849 314 2901 nobis
325 2849 462 2901 monendus
474 2851 514 2900 est
526 2847 672 2913 dogmatum
685 2847 789 2898 istorum
804 2846 928 2908 defensor,
974 2861 1032 2912 qum
1049 2849 1165 2913 generata
1183 2849 1257 2910 suni,
1273 2848 1305 2899 ab
1325 2848 1426 2899 interitu
1446 2847 1602 2898 liberandum
1616 2847 1707 2898 valoro.
1723 2853 1759 2897 dn

147 2953 229 3003 nequo
242 2938 337 3004 siquid
351 2939 435 2990 ortum
448 2937 493 3000 sit,
508 2937 534 2988 id
547 2935 686 2988 necessario
699 2935 812 2987 occidere
825 2935 929 2996 debera,
975 2951 1036 2989 acro
1048 2938 1163 3000 domum,
1172 2951 1230 3002 quas
1241 2951 1290 2988 non
1301 2939 1371 3000 erat,
1387 2935 1539 2988 architectus
1552 2936 1676 2988 aedificare
1690 2938 1760 3002 poto·

150 3040 231 3092 ncqua
249 3025 344 3091 siquid
355 3025 464 3077 nciam
479 3039 605 3089 nonquam
621 3023 728 3086 occidet,
745 3023 771 3074 id
788 3022 856 3074 nollo
873 3025 931 3074 ortu
975 3027 1024 3090 rit,
1040 3029 1151 3079 statuam
1163 3027 1229 3078 alius
1241 3027 1334 3089 lacere,
1346 3041 1403 3092 queo
1415 3028 1489 3078 antea
1499 3039 1549 3078 non
1562 3029 1644 3088 esset,
1657 3026 1720 3078 alian
1730 3042 1759 3078 εκ

147 3121 291 3183 generatum
303 3130 364 3168 esse.
379 3119 465 3180 dequo
477 3117 541 3166 enim
551 3117 594 3166 aut
606 3115 672 3180 quod
688 3114 790 3166 interitu
801 3115 895 3175 carcat,
905 3112 930 3162 id
974 3115 1031 3167 rudi
1042 3117 1145 3167 motoria
1155 3129 1244 3168 narem
1255 3115 1396 3167 bominibus
1405 3115 1447 3166 illa
1456 3115 1587 3180 egentibus
1598 3117 1759 3167 constructe:

147 3207 220 3257 aliam
231 3205 338 3268 nullam,
349 3204 499 3272 quamqood
510 3203 588 3255 etiam
600 3205 657 3254 ortu
669 3206 767 3266 carcat,
782 3200 932 3267 perpetuis
974 3209 1100 3272 postremo
1120 3207 1263 3271 quicunque
1283 3205 1308 3256 in
1320 3205 1418 3257 artibus
1432 3206 1543 3270 operosis
1560 3207 1700 3268 versantur,
1714 3206 1761 3256 ali-

148 3295 180 3346 tis
192 3307 246 3346 sun
259 3307 359 3345 oausam
371 3293 464 3344 habere
479 3289 663 3342 concedendum
675 3293 714 3342 est
727 3312 734 3342 ι
752 3295 797 3342 aut
810 3292 877 3356 quod
890 3305 931 3352 ss·
975 3297 1036 3361 quid
1049 3299 1077 3348 at
1091 3297 1123 3348 sit
1143 3296 1210 3360 quod
1227 3297 1296 3361 prius
1311 3311 1360 3348 non
1382 3300 1450 3358 erat,
1473 3294 1596 3346 eliciendi
1613 3297 1662 3346 rim
1683 3294 1760 3346 babo·

149 3381 198 3434 mel
211 3385 295 3434 ortum
309 3381 440 3444 baunarii,
453 3380 476 3432 ei
495 3377 656 3432 inexorabilis
667 3379 781 3444 quaedam
794 3379 931 3431 intereundi
976 3385 1039 3436 bont
1055 3404 1062 3435 ι
1078 3399 1202 3436 summum
1220 3379 1292 3437 illum
1306 3399 1388 3451 regem
1410 3391 1436 3436 et
1449 3384 1572 3450 optimum
1585 3385 1704 3436 artificem
1718 3398 1761 3448 po·

147 3471 284 3522 necessitas
295 3469 451 3535 imponenda.
462 3467 508 3520 iiis
520 3482 577 3534 ergo
591 3467 746 3520 stabiliendis
760 3469 820 3532 quid
831 3469 931 3520 tandem
975 3477 1074 3527 testatis
1086 3489 1117 3527 ns
1129 3479 1226 3528 lantum
1240 3475 1358 3540 qnidam,
1373 3477 1493 3540 qnantum
1503 3477 1636 3527 mortalem
1648 3475 1760 3540 opiticum

149 3575 181 3612 0¹
198 3559 339 3612 Aristotelii
359 3557 600 3623 <¹⁰⁰¹ri1¹³lirae⁸i1iii
618 3557 692 3608 ¹¹0iii⁸
715 3557 931 3622 fflmltiiiiifflilii
975 3565 1067 3618 babere
1086 3565 1263 3629 concedemus,
1279 3566 1396 3631 omnique
1415 3579 1475 3617 euna
1494 3565 1625 3630 generandi
1644 3565 1760 3615 lacultato

147 3657 202 3720 ejus
221 3667 308 3719 nempe
321 3653 444 3712 bominis,
464 3652 506 3716 qui
521 3665 570 3702 non
591 3651 681 3715 obiter,
703 3652 753 3703 imo
774 3665 821 3703 nec
842 3665 886 3717 per
904 3665 932 3704 sa
974 3655 1285 3720 privabimusillunquam
1297 3655 1420 3720 proiecto,
1432 3657 1452 3706 si
1464 3655 1593 3720 paullatim
1607 3653 1759 3706 causamdi-

147 3743 218 3795 istud
240 3742 415 3808 disputationis
429 3754 507 3806 ponus
520 3743 649 3802 contexat,
670 3739 714 3791 sed
728 3741 795 3792 recta
809 3741 834 3792 in
850 3741 931 3792 Plato·
976 3744 1059 3796 vinam
1072 3744 1220 3810 cogitatione
1232 3744 1364 3807 complecti
1379 3744 1524 3808 poterimus.
1539 3743 1605 3802 Quid
1620 3742 1713 3804 igilur?
1724 3745 1760 3792 nn

148 3847 204 3883 nem
228 3832 334 3892 lerator,
346 3831 419 3894 eique
437 3829 505 3894 quod
517 3831 601 3880 ortum
614 3833 653 3880 cst
666 3829 787 3893 pereundi
802 3829 933 3881 necessita·
976 3832 1040 3884 loris
1063 3832 1197 3896 (quoniam
1220 3835 1272 3898 ipse
1285 3831 1364 3883 bonus
1388 3834 1443 3892 est;
1468 3831 1549 3882 bonus
1568 3831 1652 3882 antem
1670 3829 1759 3880 nemini

148 3924 200 3973 ism
220 3920 401 3984 allmat3qnod
414 3933 474 3971 vcro
495 3932 544 3970 non
564 3922 662 3984 pereat,
676 3919 703 3969 id
724 3933 753 3970 cr
774 3933 804 3972 eo
820 3921 931 3984 unium,
977 3925 1113 3990 quidquam
1135 3923 1247 3986 inridet)
1268 3923 1386 3988 prasclara
1399 3921 1498 3974 silicam
1518 3935 1575 3972 cum
1596 3921 1692 3986 possit,
1706 3922 1760 3974 tum

148 4010 218 4076 quod
238 4012 320 4060 ortam
339 4022 468 4072 nunquam
480 4009 529 4070 sit,
542 4008 667 4072 integrum
680 4022 779 4060 manera
791 4009 910 4061 deleniat
925 4030 932 4062 ι
976 4013 1050 4063 etiam
1065 4010 1138 4074 volit,
1152 4024 1209 4074 qaas
1219 4012 1303 4062 tamen
1314 4010 1405 4061 allecta
1415 4009 1465 4061 sint
1475 4023 1622 4062 conservare
1635 4009 1700 4061 ldsm
1710 4011 1761 4061 tus

149 4103 276 4163 postremo
287 4110 319 4149 ue
331 4096 379 4148 deo
391 4096 492 4160 quidem
503 4096 551 4162 ipsi
569 4095 628 4146 boni
641 4096 731 4160 ullius,
745 4097 769 4148 si
780 4096 854 4159 volit,
876 4097 931 4149 eili-
975 4101 1047 4164 riqoa
1059 4113 1108 4150 non
1122 4098 1219 4164 possiti
1230 4098 1307 4162 atqui
1327 4099 1413 4150 caeteri
1425 4098 1532 4150 artifices
1548 4103 1683 4164 ulnamque
1699 4113 1761 4164 pos-

148 4185 229 4238 ciemll
248 4185 299 4236 obn
319 4199 350 4236 sc
364 4186 514 4250 potestatem
531 4184 673 4248 rebnquati
687 4186 760 4245 Quod
778 4185 843 4238 onim
863 4186 932 4252 prius
976 4192 1044 4241 sont.
1056 4189 1191 4240 Architecti
1204 4187 1304 4252 quidem
1325 4193 1352 4241 et
1367 4190 1468 4240 navium
1480 4189 1642 4242 fabricatores
1652 4205 1702 4242 non
1719 4205 1757 4242 so·

149 4275 258 4325 nondum
270 4277 336 4336 arat,
349 4273 377 4325 ld
388 4287 458 4338 osse,
469 4272 562 4338 inquit,
579 4275 664 4338 postea
676 4273 743 4326 nullo
756 4275 830 4326 modo
840 4277 930 4340 potest.
977 4279 1029 4329 lum
1042 4291 1120 4329 noras
1128 4291 1173 4328 seo
1185 4276 1274 4328 domos
1288 4291 1334 4328 seu
1344 4291 1422 4330 nanos
1434 4270 1570 4343 edificant,
1586 4281 1629 4332 sed
1642 4280 1673 4331 ils
1687 4281 1760 4332 eliam

149 4367 232 4426 atqua
245 4363 293 4414 hoc
310 4361 430 4414 orationis
449 4374 538 4427 scauro
553 4364 649 4412 tantam
668 4361 751 4426 abest,
774 4365 804 4415 ot
821 4364 932 4415 Platonis
975 4371 1086 4433 tempora
1097 4366 1191 4418 vibatis
1203 4357 1286 4431 partes
1296 4367 1358 4418 alias
1371 4369 1396 4418 in
1407 4369 1478 4433 prius
1490 4369 1613 4421 factarum
1627 4370 1757 4434 mrrupta·

148 4449 288 4500 doctrinam
300 4447 460 4516 stabiliverit,
470 4449 501 4500 ut
511 4461 542 4500 oo
556 4447 701 4500 absterritos
714 4461 746 4500 ax
764 4449 812 4502 illis
824 4451 930 4502 nonnul·
976 4469 1081 4520 mmquc
1101 4455 1184 4507 locum
1208 4455 1393 4516 substituendo.
1417 4457 1511 4509 mederi
1533 4461 1646 4522 possunt.
1669 4461 1761 4516 Quam-

148 4537 201 4598 los,
215 4537 258 4601 qni
272 4537 478 4602 Platoniopersm
497 4535 605 4600 dabant,
616 4537 648 4589 do
661 4551 689 4589 ca
707 4539 830 4591 sententia
847 4540 932 4591 ‹lemo-
977 4544 1064 4596 obrem
1075 4545 1175 4596 omuino
1193 4546 1281 4596 saltam
1293 4546 1438 4597 tantundem
1452 4546 1499 4598 dso
1514 4546 1698 4598 concedendum
1711 4549 1758 4595 ost.

149 4625 223 4676 verit.
238 4627 341 4676 atvero
356 4625 392 4676 illi
412 4623 549 4687 intelligere
566 4637 616 4676 non
636 4627 785 4690 potuerant,
807 4627 828 4677 si
848 4641 932 4680 rerum
976 4633 1048 4693 Quod
1063 4635 1128 4684 anim
1147 4635 1228 4686 totum
1241 4633 1340 4686 cldoerc
1359 4635 1416 4699 quis
1439 4635 1562 4699 potuerit,
1578 4633 1703 4698 quomodo
1726 4646 1758 4684 ex

149 4713 260 4778 ipsarum
272 4715 362 4765 natura
372 4727 417 4778 psr
425 4726 480 4766 sose
489 4715 587 4778 atquea
599 4713 640 4765 dei
650 4714 777 4766 soluntots
789 4727 820 4766 sc
832 4716 933 4768 numine
977 4724 1047 4785 parte
1057 4722 1084 4772 ld
1096 4723 1178 4786 ipsum
1189 4722 1291 4775 elisere
1303 4725 1430 4788 nequeam
1444 4726 1545 4788 itaquo,
1557 4723 1579 4772 si
1591 4722 1646 4786 quis
1660 4720 1759 4771 οιιυιΙυο

150 4803 262 4867 sejuncta
275 4804 411 4868 spaciatur,
424 4816 504 4866 neque
514 4801 582 4865 qood
596 4806 678 4854 ortum
696 4804 773 4856 munel
786 4806 839 4866 ost,
857 4804 883 4856 id
901 4805 932 4856 ab
977 4810 1079 4862 elisctor
1093 4811 1193 4862 loturos
1206 4815 1263 4876 est,
1275 4825 1333 4863 cnm
1346 4813 1401 4876 ejus
1414 4824 1506 4863 novum
1528 4811 1628 4875 aliquod
1636 4823 1699 4874 opus
1714 4823 1757 4860 on·

149 4891 252 4944 interitu
266 4891 372 4945 liborum
384 4893 513 4954 loturum,
530 4907 611 4957 neque
625 4893 735 4946 vicissim
744 4897 809 4959 quod
823 4897 933 4948 interibit
976 4902 1057 4962 staro,
1068 4901 1120 4949 tum
1133 4899 1195 4950 illud
1206 4899 1328 4952 sibonum
1341 4901 1429 4964 luerit,
1442 4913 1487 4965 por
1498 4913 1556 4951 eum
1570 4898 1601 4950 ab
1612 4898 1680 4949 omni
1694 4898 1759 4963 inju-

150 4992 292 5044 nunqnam,
306 4978 373 5031 idam
386 4981 470 5031 ortum
485 4980 617 5044 aliqnando
630 4994 703 5032 σεται
719 4982 757 5032 sin
768 4985 852 5034 autom
865 4995 932 5048 ιντο-
976 4987 1012 5038 ria
1029 4987 1148 5038 vindicari
1161 4988 1296 5054 oportebit.
1311 4990 1380 5053 Opus
1402 4987 1466 5039 enim
1480 4987 1542 5048 bene
1562 4988 1758 5050 coagmentatum

150 5067 224 5132 cipoa
246 5066 337 5120 dirlnn
351 5081 435 5120 coosoe
454 5069 518 5120 ratio
533 5069 663 5132 habeatur,
686 5083 788 5135 aequum
807 5085 863 5124 esse
878 5086 933 5137 pro
976 5073 1111 5126 dissolvero
1127 5076 1207 5138 velle,
1228 5075 1288 5126 mali
1311 5076 1398 5141 utiquo
1415 5075 1497 5126 luerit.
1513 5077 1590 5125 Porro
1604 5073 1636 5124 ad
1654 5087 1683 5124 ca
1704 5089 1760 5137 quas

149 5156 228 5220 lecto,
243 5169 297 5208 cam
308 5157 385 5208 sanuel
396 5158 508 5209 omniurn
521 5157 611 5210 ducem
624 5161 651 5210 st
664 5161 798 5226 principem
811 5161 934 5214 constitn-
977 5163 1042 5213 lacta
1056 5168 1114 5214 sunt
1127 5165 1295 5215 conservanda
1299 5201 1309 5228 ,
1323 5177 1372 5214 non
1385 5162 1453 5214 aliud
1470 5163 1554 5214 diuina
1566 5164 1693 5214 voluntale
1707 5165 1760 5212 lor·

150 5246 214 5308 tam,
228 5245 304 5298 nihilo
322 5245 410 5297 solima
422 5245 582 5299 intimatorem
601 5261 676 5311 quam
696 5251 800 5301 casuras
814 5250 928 5314 judicari.
978 5251 1027 5303 tius
1045 5253 1084 5303 ast
1098 5253 1231 5304 vinculum.
1246 5252 1313 5312 Quid
1327 5253 1411 5304 onim?
1424 5266 1455 5306 aa
1468 5253 1568 5318 populi,
1581 5253 1671 5314 urbas,
1684 5265 1759 5318 opaca

280 5339 373 5377 ιυιυοε.
386 5338 464 5378 cano.
480 5339 517 5376 an.
1638 5337 1667 5384 1³
