3976 5948
156 448 160 455 .
238 402 295 464 tus
744 454 749 464 .
888 401 940 462 DE
963 402 1204 464 XENQCRATE.

234 537 315 616 plina
324 536 498 596 exercitatus
514 549 621 595 rectam
637 537 704 594 vitae
718 556 795 596 viam
809 549 977 616 sequeretur
990 551 1019 597 et
1062 539 1260 598 Macedoniarn
1278 541 1392 598 veniret
1406 553 1435 598 et
1449 541 1526 620 apud
1540 560 1572 602 se
1585 560 1732 622 ruaneret,
1746 551 1847 628 siqui.

234 625 385 704 preceptis
400 624 599 701 institutisque
622 624 815 703 philosophia
842 625 1013 688 abundaret.
1062 629 1127 688 dem
1151 629 1324 689 Plutarchus
1345 644 1446 690 narrat
1471 631 1696 694 chalcedonium
1710 638 1846 713 philoso-

232 714 366 792 Denique
379 712 476 791 Zeno,
494 712 600 771 Stoieae
614 727 698 772 sectae
708 713 854 787 conditor,
870 726 899 772 et
909 713 1016 790 Epicu·
1062 719 1151 797 pbum
1161 717 1322 778 Alexandri
1329 719 1847 803 convicturnrecrtsasse(ssa).liertnn

234 822 284 862 rus
296 801 468 862 Xenocratis
480 801 665 862 institutione
674 802 780 862 imbuti
793 816 878 875 sunt,
892 823 1016 881 quorum
1063 810 1165 887 quanti
1191 807 1365 868 Xenocratis
1389 809 1529 868 virtutem
1544 823 1574 868 et
1593 811 1741 888 ingenium
1766 820 1850 876 esti·

233 892 281 950 bic
301 891 502 969 duodeviginti
530 912 673 952 annorum
697 892 863 952 adolescens
881 893 953 970 (55),
969 894 1018 952 ille
1063 900 1254 970 moveritrex,
1265 897 1540 978 apparetequodam
1548 899 1699 962 Plutarchi
1709 904 1766 983 (63)
1775 905 1845 965 loco

230 1000 301 1040 vero
325 981 490 1059 perdecem
507 1001 599 1040 aranos
627 982 782 1042 continuos
814 982 878 1059 ejus
909 983 1018 1044 scholis
1063 989 1321 1065 quiAlexandmm
1335 987 1526 1048 alienocrate
1538 1003 1684 1069 precepta
1700 993 1845 1070 deregnu

230 1070 362 1130 interfuit
374 1069 445 1150 (56).
1062 1078 1180 1156 petiisse
1195 1078 1291 1138 refert.
1307 1075 1449 1136 Ceterum
1460 1096 1571 1136 merem
1583 1079 1672 1154 gessit
1681 1080 1743 1156 regi
1754 1103 1763 1154 ;
1775 1101 1844 1140 narn

270 1159 366 1219 Porro
388 1161 535 1238 praecipua
561 1161 692 1220 omniurn
722 1162 861 1220 virtutum
892 1167 1010 1242 experi-
1063 1179 1188 1243 quatuor
1203 1165 1298 1224 libros
1312 1161 1453 1236 «iniecit,
1473 1165 1528 1242 qui
1545 1171 1684 1224 elementa
1698 1171 1737 1226 de
1755 1191 1848 1246 regno

230 1261 328 1312 menta
339 1249 443 1336 edidit.
465 1252 506 1309 Ar
521 1251 650 1329 primurn
663 1251 782 1329 quidem
800 1253 856 1310 iide
876 1253 916 1312 ita
938 1255 1014 1313 emi·
1062 1255 1102 1312 ad
1108 1256 1304 1312 Alexandrum
1314 1250 1550 1312 inscribebantur
1560 1253 1632 1334 (61).
1645 1254 1679 1312 1ο
1693 1255 1847 1333 publicum

229 1335 336 1411 nebat,
366 1351 397 1396 ut
421 1358 506 1398 uerno
532 1339 750 1418 locupletiorem
778 1339 937 1401 Xenocrate
963 1363 1015 1402 au·
1063 1343 1220 1419 prodeunti
1232 1339 1411 1420 philosopho
1424 1339 1585 1400 turbulenti
1599 1341 1736 1404 homines
1746 1358 1775 1404 et
1787 1347 1848 1404 irn-

226 1437 337 1485 ctorem
370 1427 490 1486 laudare
513 1440 620 1504 posset.
656 1427 802 1499 Quocirca
828 1428 1018 1490 Athenienses
1065 1433 1165 1510 pudici
1179 1430 1239 1508 (65)
1254 1448 1356 1490 omnes
1366 1429 1402 1487 de
1416 1429 1466 1488 via
1479 1429 1668 1491 decedebant.
1681 1431 1849 1493 Castitatens

226 1513 393 1587 hominem,
410 1517 607 1576 testimonium
627 1517 1015 1596 dicentem,jurareprohi-
1063 1521 1126 1599 ejus
1148 1522 1256 1580 frustra
1277 1540 1294 1578 a
1317 1519 1470 1578 meretrice
1493 1533 1629 1580 tentatam
1651 1541 1714 1580 esse
1733 1536 1849 1584 veteres

228 1602 356 1664 buerunt
371 1605 441 1683 (57).
465 1605 562 1675 Quum
577 1605 656 1664 enim
672 1606 831 1683 aliquando
856 1605 1017 1666 Chalcedo·
1056 1609 1155 1686 ajunt.
1171 1607 1235 1678 Qua
1245 1609 1281 1666 de
1295 1627 1326 1665 re
1338 1605 1471 1664 Valerius
1486 1606 1630 1667 iiarimns
1644 1607 1698 1670 lib.
1713 1608 1763 1680 lu,
1778 1631 1843 1690 cap.

229 1694 295 1753 nius
310 1694 516 1774 philosophus,
531 1696 581 1774 qui
598 1710 696 1754 sancte
719 1696 903 1774 graviterque
924 1697 1016 1754 vixis·
1065 1698 1093 1756 3.
1112 1709 1185 1755 extr.
1207 1696 1223 1754 3
1248 1716 1255 1752 :
1278 1693 1443 1771 «Phryne,
1465 1695 1577 1771 inquit,
1599 1695 1700 1755 nobile
1719 1697 1846 1760 Athenis

229 1797 286 1857 set,
302 1785 501 1844 testimonium
514 1782 633 1862 publice
646 1783 780 1854 dixisset,
794 1798 823 1843 et
838 1798 869 1844 ut
884 1803 946 1844 mos
963 1785 1016 1845 fuit
1064 1798 1208 1858 scortum,
1226 1786 1310 1860 juxta
1328 1801 1395 1842 euru
1413 1783 1483 1840 rino
1501 1803 1621 1859 gravem
1635 1785 1668 1843 in
1683 1787 1848 1864 pervigilio

229 1871 398 1930 Graecorum
412 1871 474 1952 (58)
482 1871 606 1949 jurandi
616 1891 703 1930 causa
713 1872 750 1931 ad
764 1892 842 1931 aram
852 1872 1014 1945 accederet,
1063 1872 1216 1946 accubuit,
1243 1872 1367 1951 pignore
1390 1889 1456 1927 cum
1483 1871 1659 1949 quibusdam
1683 1874 1850 1951 juvenibus

230 1980 290 2020 una
305 1980 394 2034 uoce,
413 1979 450 2020 ne
464 1961 490 2020 is
501 1959 631 2038 juraret,
646 1962 850 2022 reclamarunt.
868 1960 941 2019 Nota
951 1961 1015 2039 ejus
1064 1965 1175 2039 posito,
1191 1981 1228 2019 an
1239 1957 1459 2038 temperantiam
1482 1957 1546 2037 ejus
1565 1981 1753 2038 eorrumpere
1772 1983 1848 2041 pos-

232 2049 264 2106 in
280 2049 360 2109 victu
376 2049 555 2108 coutinentia
568 2063 621 2111 est.
637 2049 707 2108 Nam
722 2050 747 2109 si
764 2050 880 2130 quando
894 2051 958 2108 vini
968 2069 1016 2109 ca·
1062 2065 1114 2110 set.
1132 2051 1224 2122 Quam
1246 2069 1299 2108 nec
1318 2061 1413 2122 tactu,
1430 2069 1483 2108 nec
1504 2067 1641 2110 sermone
1659 2068 1847 2132 aspernatus,

229 2134 300 2194 dum
314 2135 479 2208 relevisset,
498 2135 530 2194 in
544 2156 667 2215 vappam
683 2137 917 2211 convertebatur,
933 2151 1015 2198 ante·
1062 2139 1158 2217 quoad
1172 2140 1307 2198 voluerat
1320 2139 1352 2198 in
1362 2143 1427 2202 sinu
1438 2159 1491 2199 suo
1504 2141 1634 2214 ruorari,
1647 2143 1761 2202 irritam
1774 2165 1849 2222 pro-

230 2242 319 2300 quam
348 2236 578 2284 consumeretur.
604 2224 660 2284 Sed
687 2245 763 2303 saepe
782 2227 870 2284 etiam
892 2223 1017 2284 obsonia
1063 2229 1151 2307 positi
1173 2227 1295 2289 dimisit.
1320 2227 1435 2290 Factum
1465 2230 1607 2308 sapientia
1630 2231 1735 2290 imbuti
1753 2234 1848 2293 ammi

229 2314 366 2392 pridiana
377 2312 438 2390 jam
453 2327 594 2392 corrupta
605 2313 752 2393 ejiciebat.
767 2315 844 2374 ilinc
859 2328 958 2375 natum
972 2328 1015 2374 est
1062 2315 1229 2390 abstinens,
1245 2316 1295 2376 sed
1314 2318 1508 2378 meretriculae
1523 2337 1641 2395 quoque
1654 2321 1764 2378 dictum
1776 2341 1848 2400 per-

228 2402 438 2483 prorerbium:
458 2406 627 2460 Xenocratis
641 2407 783 2474 careotas,
801 2404 837 2462 de
857 2402 945 2462 rebus
962 2403 1013 2462 diu
1061 2425 1147 2483 quarn
1161 2407 1294 2465 iaceturn.
1309 2404 1523 2466 Deridentibus
1537 2407 1616 2464 enim
1629 2427 1659 2466 se
1674 2409 1846 2470 adolescen-

228 2489 418 2563 durautibus,
431 2509 496 2569 quse
507 2511 565 2549 non
576 2491 927 2552 celerrimeabsumuntur
940 2491 1011 2570 (59).
1062 2495 1158 2566 tibus,
1176 2495 1246 2573 quia
1265 2507 1323 2553 tam
1349 2494 1476 2554 formosa
1499 2507 1615 2573 tamque
1641 2495 1756 2572 elegans
1779 2501 1846 2576 poti

229 2579 355 2643 Divitias
369 2599 428 2638 non
443 2579 562 2640 inutiles
577 2580 697 2657 quidem
712 2599 775 2640 esse
787 2579 957 2654 affirmavit,
967 2581 1014 2640 sed
1062 2583 1140 2643 senis
1154 2585 1283 2643 animum
1300 2585 1447 2644 illecebris
1461 2585 1599 2663 pellicere
1613 2605 1672 2644 non
1688 2588 1848 2664 potuisset,

228 2666 1012 2748 utmeucontenrsit,sibiiisnonopusesseratus(6o).
1061 2685 1235 2750 pactumque
1254 2673 1390 2732 uictoria
1410 2675 1537 2752 pretium
1563 2673 1779 2753 flagitantibus,
1811 2680 1849 2738 de

229 2755 427 2827 Quamobrem
443 2757 568 2835 pecunia
582 2755 741 2816 Alexandri
754 2757 840 2834 jussu
855 2757 1014 2834 aliquando
1061 2760 1226 2820 hominess
1248 2780 1314 2819 cum
1329 2762 1386 2834 iis,
1409 2781 1468 2819 uon
1485 2761 1522 2818 de
1539 2772 1633 2819 ειαινιο
1656 2761 1766 2840 pignus
1787 2785 1846 2842 po-

230 2846 257 2904 ei
281 2845 388 2916 allata,
412 2858 545 2924 acceptos
572 2847 722 2924 apparatis
742 2847 839 2924 epulis
859 2865 911 2904 suo
934 2868 1015 2906 more
1061 2849 1153 2928 suissc
1175 2849 1338 2927 respondit.
1354 2849 1491 2908 Potestne
1505 2848 1567 2907 haec
1588 2847 1758 2909 Xenocratis
1773 2873 1847 2912 con·

232 2934 340 3012 legatos
354 2933 522 2993 Alexandro
535 2935 672 2993 nuntiare
688 2934 795 3012 jussit,
807 2953 894 3012 quam
909 2935 1014 2994 diuite
1061 2936 1183 2994 tinentia
1195 2956 1211 2994 a
1222 2955 1369 3014 quoquam
1384 2937 1555 3013 magistrare
1567 2937 1717 3013 magisque
1727 2943 1848 3016 proprie

229 3021 357 3091 viveret,
385 3041 444 3079 non
478 3041 553 3100 opus
579 3022 637 3080 sibi
660 3023 873 3100 quinquaginta
899 3023 1014 3083 talentis
1060 3025 1268 3094 demonstrari,
1283 3026 1495 3103 quamabipsa
1509 3025 1692 3083 meretricula
1707 3044 1847 3103 expressa

228 3111 300 3171 iore.
320 3109 446 3168 Tantum
459 3111 536 3168 enim
554 3111 685 3190 pecunias
699 3114 817 3170 missum
829 3124 901 3174 erat.
913 3111 1009 3181 Quum
1059 3113 1248 3191 estiPhrync
1257 3113 1319 3193 (66)
1330 3112 1548 3192 pulchritudine
1560 3131 1612 3171 sua
1622 3112 1703 3171 nulla
1713 3132 1749 3170 ert
1762 3129 1848 3192 parte

227 3211 323 3258 autern
336 3199 479 3279 postridie
490 3199 577 3276 legati
592 3201 783 3259 Xenocratem
798 3215 947 3276 rogarent,
963 3205 1010 3260 oui
1060 3203 1318 3261 constantissimam
1343 3202 1405 3279 ejus
1438 3200 1643 3260 abstinentiam
1666 3200 1802 3262 labefecit
1830 3231 1843 3257 s

228 3289 377 3347 numerari
389 3287 508 3366 juberet
525 3312 531 3346 ι
548 3289 648 3359 Quid?
667 3289 724 3350 Vos
735 3290 887 3365 hesterna,
904 3291 1013 3369 inquit,
1061 3289 1187 3349 llaxima
1213 3291 1270 3350 iuit
1301 3289 1364 3367 ejus
1389 3289 1593 3348 beneficentia.
1610 3289 1722 3348 Accidit
1736 3305 1846 3370 autem,

227 3377 342 3435 coennla
356 3397 415 3434 non
430 3377 627 3450 intellexistis,
644 3399 689 3437 me
706 3379 828 3458 pecunia
841 3399 900 3440 non
912 3383 1013 3455 egere?
1062 3379 1264 3456 utaliquando
1288 3379 1459 3456 imprudens
1483 3378 1631 3436 hominem
1655 3379 1752 3437 minus
1776 3401 1846 3458 pro-

228 3485 303 3542 quos
314 3464 367 3522 ubi
382 3465 527 3523 tristiores
543 3465 635 3538 vidit,
649 3467 770 3542 triginta
779 3468 1011 3551 minasaccepit,
1061 3469 1128 3527 burn
1142 3466 1382 3547 Polysperchooti
1398 3465 1613 3526 commendaret
1629 3465 1699 3547 (67).
1718 3467 1849 3548 Namque

228 3574 265 3614 ne
279 3555 429 3634 aspernari
445 3555 522 3630 regis
533 3553 737 3616 liberalitatem
763 3557 914 3616 videretur
940 3556 1009 3636 (6ι),
1061 3559 1115 3614 isa
1130 3556 1287 3615 Macedone
1300 3555 1422 3614 comiter
1436 3567 1575 3634 exceptus
1589 3555 1846 3634 interrogatusque

227 3644 306 3716 Quin
317 3647 403 3703 etiam
417 3643 607 3704 Xenocratem
621 3645 738 3721 rogavit
748 3645 924 3720 Alexander,
940 3659 970 3704 ut
982 3648 1011 3703 in
1061 3665 1129 3704 num
1152 3665 1210 3723 qua
1231 3664 1262 3702 re
1287 3657 1400 3721 egeret,
1424 3645 1563 3703 talentum
1583 3645 1675 3721 petiit.
1702 3643 1744 3701 Ac
1762 3643 1846 3702 dedit

226 3811 269 3865 lib.
287 3815 330 3872 Ν,
352 3819 435 3865 tt.—
457 3813 508 3878 (66)
521 3814 591 3878 Diog.
614 3816 693 3864 Laeti.
711 3816 741 3875 11,
770 3819 790 3863 1.
808 3815 896 3863 Cicero
910 3813 941 3863 de
961 3817 1012 3863 nat.
1060 3813 1109 3862 νοΙ.
1126 3814 1190 3873 xiv,
1207 3826 1260 3876 pag.
1279 3813 1370 3862 sareu.
1388 3810 1847 3874 Ηοίῑειι.πσρὰ61Ξενοκρ1τονςἎλέ-

226 3883 299 3935 denr.
315 3883 357 3934 lib.
374 3887 394 3946 l,
409 3899 463 3948 cap.
480 3889 516 3936 26.
530 3913 561 3924 -
576 3887 626 3948 (56)
643 3886 765 3948 Diogenes
775 3886 889 3936 Laertius
901 3885 943 3934 lib.
958 3887 1014 3946 Vll,
1061 3883 1153 3946 Εανδρος
1167 3883 1287 3940 ὑποθήκας
1299 3884 1374 3946 ᾔτησε
1389 3885 1442 3946 περί
1458 3881 1588 3946 βασιλείας.
1607 3908 1639 3918 -
1653 3883 1704 3941 (61)
1725 3882 1848 3943 Diogenes

228 3962 251 4005 2.
265 3956 388 4006 Eusebius
402 3959 482 4020 Pratp.
500 3960 593 4019 Evattg.
616 3957 659 4007 lib.
675 3958 740 4017 xtv,
754 3969 808 4019 cap.
821 3963 835 4007 5
846 3969 900 4020 pag.
917 3959 970 4006 729,
985 3985 1013 3994 -
1060 3952 1173 4003 Laertius
1185 3953 1226 4001 lib.
1240 3956 1283 4014 tv,
1297 3958 1326 4002 11
1338 3957 1447 4016 Στοιχεῖα
1462 3955 1519 4017 πρὸι
1539 3955 1686 4017 Ἁλέξανδρον
1702 3954 1756 4016 περί
1773 3955 1846 4015 βασι-

228 4025 279 4087 (67)
296 4027 416 4090 Diogenes
428 4028 542 4077 Laertius
556 4028 598 4078 lib.
611 4030 654 4086 tv,
671 4030 695 4077 7.
707 4027 822 4077 Valerius
837 4027 960 4077 Maximus
970 4027 1013 4076 lib.
1059 4025 1121 4082 λείας
1134 4026 1166 4074 δ’.
1179 4053 1211 4065 -
1229 4023 1279 4086 (65)
1301 4023 1423 4087 Diogenes
1441 4023 1553 4074 Laertius
1565 4022 1607 4074 lib.
1622 4024 1664 4084 Ν,
1679 4031 1694 4074 6
1707 4023 1748 4072 καί
1766 4023 1848 4074 stoma

227 4097 260 4155 ll,
273 4108 326 4158 cup.
344 4101 380 4146 to.
397 4097 484 4147 (liceto
495 4111 540 4160 pto
555 4097 629 4148 Balbo
643 4110 696 4162 cap.
712 4103 733 4147 ⁵.
748 4097 826 4161 Epist.
843 4097 875 4146 ad
886 4096 959 4146 stne.
971 4095 1012 4146 lib.
1061 4097 1138 4159 μέλλοι
1155 4096 1177 4152 ές
1198 4095 1258 4143 ἄστυ
1273 4095 1378 4153 ἀνιέναι,
1397 4096 1455 4157 φασί
1470 4095 1524 4150 τοὺς
1544 4095 1683 4156 θορυὸώδεις
1697 4093 1784 4148 πάντας
1804 4097 1848 4144 καὶ

226 4170 248 4228 l,
267 4170 304 4218 16.
318 4195 348 4209 -
361 4165 413 4230 (58)
424 4169 462 4216 De
474 4167 521 4218 hac
535 4167 588 4231 lege
604 4169 635 4218 61,
651 4169 746 4219 Pontus
757 4183 812 4232 pag.
830 4173 875 4218 115
890 4167 929 4218 ed.
945 4169 1016 4217 Wes-
1060 4167 1211 4230 arpocration:
1221 4165 1374 4215 ὑποστέλλειν
1386 4163 1443 4226 (leg.
1457 4165 1665 4224 ὑποστέλλεσθαι)
1680 4163 1752 4212 αὐτοῦ
1761 4167 1791 4226 τῇ
1800 4181 1848 4212 πα-

228 4236 314 4298 seiing.
328 4265 359 4274 -
372 4237 420 4300 (66)
432 4237 547 4287 Stobaeus
562 4238 627 4288 Flor.
641 4240 718 4301 livii,
739 4244 777 4289 25.
799 4239 854 4287 vid.
868 4239 954 4299 iragm.
975 4240 1012 4285 tt.
1060 4240 1129 4302 ρόδῳ.
1143 4264 1175 4273 -

226 4331 257 4344 -
269 4308 319 4371 (eu)
335 4306 484 4358 Plutarchus
496 4306 553 4358 adv.
574 4309 650 4358 stote.
665 4321 719 4372 cap.
735 4312 763 4358 is
779 4308 901 4359 vot-xlv
913 4321 968 4371 pag.
988 4311 1015 4357 19
1092 4309 1142 4370 (66)
1153 4305 1272 4368 Diogenes
1280 4306 1392 4356 Laertius
1402 4305 1444 4355 lib.
1455 4306 1497 4364 Ν,
1509 4305 1574 4354 teet
1585 4306 1689 4354 ποτεναὶ
1700 4301 1793 4368 Φρῦνην
1802 4305 1846 4362 eis

227 4377 267 4427 611.
282 4379 383 4428 1161166.
405 4381 428 4428 oi
440 4383 482 4426 τοῦ
501 4378 662 4442 Ξενοκράτους
682 4380 724 4429 καί
741 4379 1013 4438 Σπευσίππουαατηγο·
1059 4379 1152 4442 ἑταίραν
1166 4377 1272 4434 ἐθελῆσαι
1284 4381 1395 4442 πειρᾶσαι
1408 4376 1495 4438 αὐτόν,
1509 4377 1548 4424 καὶ
1561 4377 1628 4435 δῆθεν
1638 4375 1784 4438 διωκομένην
1795 4373 1846 4425 set

227 4454 322 4512 ροθννες
334 4450 372 4500 inl
382 4455 416 4513 τῷ
430 4451 462 4512 αι)
473 4453 515 4510 τὴν
526 4451 617 4514 ὑγίειαν
632 4452 760 4515 ἀδιάφορον
775 4453 884 4512 ἡγεῖσθαι
901 4451 960 4512 μηδὲ
973 4450 1014 4498 τὸν
1059 4467 1128 4498 τινων
1141 4451 1282 4513 καταφυγεῖν
1294 4449 1326 4506 είς
1340 4450 1368 4499 τὸ
1386 4447 1493 4499 οἰκίδιον.
1507 4449 1554 4496 Τὸν
1569 4447 1594 4495 δὲ
1615 4447 1685 4496 ἕνεκα
1701 4449 1743 4494 τοῦ
1754 4439 1845 4507 ἀνθρω-

226 4523 464 4584 samosathenis.
479 4547 511 4558 -
1059 4521 1128 4570 πίνου
1143 4521 1307 4580 είσδέΕασθαι,
1319 4521 1359 4570 καί
1382 4520 1433 4577 θνδς
1448 4519 1513 4576 δντος
1528 4518 1642 4568 κλινιδίου
1657 4518 1754 4579 δεομένῃ
1775 4531 1845 4578 ρετα-

258 4592 307 4656 (61)
321 4592 408 4644 (ilceto
427 4594 527 4643 Tuscul.
541 4595 635 4652 Quaest.
653 4593 696 4644 tib.
711 4595 742 4654 V,
755 4605 809 4656 cap.
832 4597 877 4652 3²3
902 4591 1015 4641 Valerius
1059 4594 1138 4643 δοῦναι
1149 4598 1189 4652 τῆς
1199 4592 1375 4649 κατακλίσεως·
1388 4594 1430 4642 καί
1439 4592 1505 4648 τέλος
1517 4591 1594 4640 πολλὰ
1606 4593 1751 4653 λιπαροῦσιν,
1765 4589 1842 4653 ἀπρα-

226 4663 351 4714 uramus
366 4663 409 4717 lib.
430 4665 473 4724 lV,
495 4677 548 4727 cap.
571 4669 586 4715 3
600 4667 663 4715 extr.
682 4671 712 4726 33
729 4662 878 4715 Plutarchus
892 4663 924 4714 de
948 4666 1013 4714 Fert.
1059 4681 1113 4722 κτος
1126 4666 1266 4724 ἀναστῆναι,
1279 4663 1353 4726 λέγειν
1366 4681 1391 4712 τε
1402 4663 1460 4728 πρὸς
1474 4661 1528 4718 τοὺς
1541 4661 1744 4723 πυνθανομένους,
1756 4661 1787 4714 ὣς
1799 4659 1844 4706 οὐκ

227 4734 301 4786 Alex.
320 4737 384 4785 orat.
401 4736 421 4796 1,
443 4747 496 4798 cap.
513 4739 540 4784 12
556 4734 606 4785 rol.
622 4737 666 4796 IX,
680 4747 704 4798 p.
727 4737 757 4783 ts
774 4731 814 4784 ed.
835 4735 948 4794 liutten.;
965 4735 1015 4786 vita
1059 4735 1100 4785 ἀπ’
1113 4735 1193 4799 ἀνδρὸς
1210 4733 1260 4782 ἀλλ’
1279 4732 1321 4782 ἀπ’
1333 4733 1469 4796 ἀνδριάντος
1486 4731 1612 4790 ἀνασταίη.
1630 4729 1706 4778 Ἔνιοι
1726 4725 1844 4776 δθΔαίδα

226 4805 296 4856 Alex.
317 4818 370 4870 cap.
385 4810 409 4866 8,
422 4805 471 4855 vol.
484 4807 526 4866 tv,
541 4819 593 4869 pag.
607 4808 668 4866 261;
687 4804 868 4870 Apopbthegm.
883 4805 931 4855 vol.
944 4807 1012 4866 vili,
1058 4807 1115 4870 ρασί
1128 4805 1334 4871 παρακατακλῖναι
1347 4805 1475 4867 αθτῷτοὺς
1491 4801 1612 4861 μαθητάς·
1626 4801 1666 4849 sav
1684 4799 1710 4848 at
1719 4797 1794 4853 οὕτως
1809 4796 1843 4846 εί·

226 4889 280 4940 pag.
300 4881 343 4926 105
360 4875 438 4939 eiusd.
455 4874 506 4934 ed.;
526 4877 639 4925 Sinbteus
652 4875 718 4926 Flet,
735 4877 765 4935 V,
784 4881 827 4926 118
839 4875 912 4942 [viti.
925 4877 1011 4940 fragm.
1059 4894 1097 4927 ναι
1114 4877 1230 4941 ἐγκρατῆ,
1243 4875 1306 4922 ὥστε
1319 4875 1359 4922 καὶ
1371 4875 1446 4937 τομὰς
1459 4874 1500 4922 καί
1514 4873 1609 4928 καύσεις
1618 4869 1733 4924 πολλάκις
1743 4869 1843 4930 dmpsi-

227 4947 287 5011 73];
304 4948 427 5010 Diogenes
437 4946 550 4996 Laertius
564 4945 607 4995 lib.
622 4947 665 5006 Ν,
679 4951 709 5007 83
724 4947 812 4996 suidas
828 4951 856 4998 et
876 4947 1013 5010 Hesychius
1056 4943 1096 4999 Ιναι
1112 4949 1164 5010 περὶ
1180 4949 1207 4996 τὸ
1218 4947 1317 4996 αἰδοῖον.
1329 4975 1359 4990 ·-
1374 4947 1424 5004 (67)
1441 4943 1590 4996 Plutarchus
1601 4941 1631 4992 de
1647 4939 1738 4990 vitioso
1748 4937 1844 5002 pudore

228 5019 340 5070 uuesius
358 5032 383 5070 ν.
401 5018 563 5084 Ξενοκράτηςς
580 5017 732 5067 Themistius
756 5021 824 5068 orat.
847 5026 870 5076 a,
890 5031 945 5082 pag.
967 5023 1011 5080 263
1058 5033 1115 5084 cap.
1130 5021 1174 5082 xl,
1183 5015 1233 5068 rol.
1245 5018 1275 5080 11,
1288 5029 1342 5082 pag.
1356 5021 1399 5067 176
1411 5015 1450 5065 ed.
1462 5017 1564 5066 iiutteo.
1580 5011 1728 5074 Ξενοκράτης
1737 5010 1776 5072 δέ,
1789 5008 1841 5058 sei·

227 5091 298 5138 Orat.
314 5092 352 5149 21,
363 5101 418 5153 pag.
434 5093 487 5139 262.
507 5113 537 5124 -
550 5087 598 5150 (62)
611 5087 762 5138 Plutarchus
773 5087 804 5138 de
817 5089 890 5138 Sinin.
902 5090 1011 5151 nepum.
1059 5105 1102 5153 περ
1113 5089 1228 5152 αὐστηρὸς
1238 5088 1271 5136 ὢν
1288 5089 1329 5136 τὸν
1340 5087 1427 5150 τρόπον
1438 5125 1444 5148 ,
1457 5087 1521 5150 θροις
1534 5087 1581 5136 ὑπὸ
1592 5081 1714 5137 δυσωπίας
1725 5081 1840 5142 ίκᾶρρθη,

228 5171 267 5221 ap.
285 5163 323 5218 26,
350 5159 399 5208 vul.
415 5161 484 5222 Xlll,
508 5172 563 5223 pag.
585 5158 681 5210 assed.
698 5160 800 5210 liutten.
817 5159 918 5224 Ἔφορον
933 5161 1010 5209 δὲκαὶ
1058 5163 1098 5210 καί
1118 5162 1246 5216 συνέστησε
1264 5159 1457 5224 Πολυσπέρχοντι
1474 5158 1506 5206 δι’
1525 5156 1648 5214 ἐπιπολῆς
1669 5153 1792 5215 ἄνθρωπον
1813 5151 1842 5200 οὗ

229 5231 378 5294 Ξενοκράτην
390 5233 431 5280 καί
442 5233 582 5296 Μενέδημον
603 5233 726 5282 ἐπαινοῦσι
740 5234 958 5296 παραιτησαμένους
973 5234 1013 5282 τὸν
1058 5231 1175 5296 χρηστόν,
1190 5235 1221 5286 ὡς
1241 5230 1269 5278 τὸ
1287 5230 1353 5294 ίργον
1369 5231 1454 5286 iteris·
1476 5226 1652 5291 δεξιωσαμένου
1671 5223 1692 5274 δ’
1708 5223 1780 5273 αὐτὸν
1798 5228 1841 5271 τοῦ

230 5304 385 5367 Ἀλέξανδρον.
404 5329 435 5345 -
455 5305 506 5367 (631
527 5305 676 5354 Plutarchus
705 5304 760 5354 adr.
787 5305 864 5354 (tolet.
893 5317 946 5367 cap.
972 5307 1011 5365 32,
1058 5300 1209 5361 Μακεδόνος,
1226 5298 1265 5346 καί
1282 5300 1431 5363 πυθομένου,
1453 5299 1486 5360 μή
1499 5313 1561 5353 τινος
1580 5296 1632 5360 igne
1651 5293 1746 5358 χρείαν,
1765 5293 1841 5356 imos
