3934 5956
307 395 368 458 288
813 391 961 456 aunum
982 389 1117 454 anuuit
1142 388 1414 452 surriperentur

306 527 414 606 πρώτην
423 525 518 586 έκεῖθεν
527 523 768 606 παράγεινύιςτινα
777 526 862 606 ἀρχὴν
870 523 984 600 τῆςόλης
996 535 1086 604 γενεᾶς
1132 523 1229 606 πέρας,
1253 514 1290 584 ὧν
1317 527 1462 604 μιχθέντων
1479 520 1600 593 ἄλλῆλοις
1618 519 1666 582 dii
1685 524 1788 600 γενέσθαι
1804 535 1855 588 reiro

305 619 358 675 τῶν
372 617 447 686 θεῶν,
460 615 483 672 εί
496 614 533 689 μὴ
547 613 598 692 άρα
610 613 680 681 Χάος
695 613 743 692 μέν
755 613 801 685 τὴν
817 615 938 694 δευτέραν
949 618 1001 673 τῶν
1017 616 1087 674 δυοῖν
1131 616 1217 674 ἐκεῖνο
1226 614 1255 672 τδ
1269 614 1359 685 νοητὸν
1374 617 1439 694 ζῷον
1454 615 1488 680 ύις
1500 615 1612 686 άληθῶς,
1630 611 1654 680 ἐξ
1672 603 1699 670 οθ
1720 615 1786 673 πάλιν
1800 617 1854 688 bip

306 707 405 784 άρχιῗιν.
449 702 580 774 Ὶάύτηνο
601 703 689 761 δὲκαὶ
709 702 849 784 Τάρταρον
864 703 910 762 καί
929 700 1040 781 Ἔρωτα
1059 702 1088 760 τδ
1132 706 1223 782 γενεδιν
1238 703 1384 782 προελθεῖν.

306 795 430 870 τριπλοῦν
448 791 551 864 νοητόν,
566 791 608 850 τδν
624 790 671 868 μὲν
684 790 792 871 Ἔρωτα
809 791 869 852 duri
884 797 929 852 τοῦ
943 791 1042 872 τρίτου,
1053 795 1088 857 ὡς
1173 791 1325 872 Φερεκύδης
1347 790 1373 849 δέ
1390 792 1403 848 δ
1426 790 1517 869 Σύριος
1542 792 1615 860 Ζῆνα
1638 788 1683 866 μὲν
1705 778 1774 848 εἶναιἱ
1789 793 1818 849 et
1828 793 1857 849 nt

306 878 374 938 κατδι
390 877 551 958 ἐπιστροφὴν
567 877 748 956 θεωρουμένην
765 879 859 958 (τοῦτο
873 878 924 958 γάρ
938 877 1019 944 οὕτως
1031 879 1089 936 δνο·
1133 881 1232 962 Χρόνον
1243 881 1288 940 καί
1299 879 1409 939 Χθονίαν
1417 878 1463 946 τὰς
1474 882 1542 958 τρεῖς
1550 877 1652 957 πρώτας
1666 879 1751 958 ἀρχάς,
1762 881 1798 949 τῆν
1808 881 1857 955 μίαν,

307 969 384 1043 μάζιι
398 967 448 1036 ἷκαλ
463 969 476 1026 θ
491 964 607 1046 Ὀρφεὺς
622 970 647 1026 ἐν
663 967 719 1034 ταῖς
735 967 910 1049 ῥαψῳδίαις),
926 965 973 1039 τὴν
988 965 1016 1025 δέ
1034 969 1089 1038 Γῆν
1134 970 1211 1050 ρημί,
1228 967 1279 1048 πρὸ
1292 975 1347 1028 τοῖν
1362 969 1441 1039 δυοῖν,
1454 967 1499 1026 καλ
1513 969 1560 1032 τδις
1571 965 1615 1025 δύο
1630 966 1694 1043 μετά
1711 963 1753 1037 τῆν
1766 967 1857 1042 pinguia

306 1055 363 1112 ἀντὶ
377 1059 423 1113 τοῦ
440 1053 555 1134 πρώτου,
569 1058 604 1121 ὡς
618 1053 726 1134 πρώτην
748 1060 775 1115 έν
789 1062 887 1136 στερεῷ
902 1078 954 1114 τινι
981 1055 1027 1114 καί
1043 1057 1090 1114 ού·
1134 1057 1161 1116 δὲ
1185 1057 1285 1137 Χρόνον
1308 1060 1417 1127 ποιῆσαι
1439 1057 1468 1114 έκ
1488 1059 1535 1113 τοῦ
1554 1058 1645 1113 ἑαυτοῦ
1669 1053 1736 1133 γόνου
1747 1056 1811 1133 'arip
1829 1055 1858 1112 ιιὶ

306 1143 393 1202 σιώδει
406 1141 594 1220 καταστήματι
605 1144 744 1221 παγεῖσαν,
757 1143 802 1202 τδν
815 1145 955 1225 Τάρταρον
971 1143 1030 1203 άντλ
1043 1150 1089 1204 τοῦ
1133 1151 1236 1224 πνεῦμα
1252 1144 1297 1204 καθ
1308 1144 1387 1224 ύδωρ,
1398 1143 1448 1216 τῆν
1464 1144 1586 1222 τριπλῆν,
1601 1132 1684 1221 οἶμαι,
1699 1142 1763 1222 ρύσιν
1775 1147 1809 1200 τοῦ
1821 1164 1858 1212 ior·

309 1231 402 1308 μέσου,
417 1235 452 1299 ὡς
466 1233 517 1304 ἤδη
530 1255 585 1299 πως
601 1234 637 1300 εἷς
652 1232 780 1311 διάκρισιν
794 1232 1048 1314 παρακεκινημένον.
1133 1241 1192 1312 τοῦ,
1223 1233 1249 1302 έξ
1269 1225 1305 1294 ὧν
1334 1237 1360 1293 ἐν
1394 1231 1472 1291 πέντε
1495 1239 1588 1312 μυχοῖς
1615 1231 1764 1312 διῃρημένων
1791 1231 1857 1302 πολλὴν

350 1319 517 1388 Ἀκουσίλαος
531 1318 558 1379 δέ
573 1322 643 1390 Χάος
656 1319 703 1398 μέν
718 1321 886 1381 ύποτέθεσθαί
897 1345 942 1400 μοι
957 1323 1028 1381 δοκεῖ
1042 1321 1090 1393 τῆν
1135 1324 1218 1397 ἄλλην
1230 1322 1319 1400 γενεάν
1334 1325 1461 1393 συστῆναι
1472 1325 1537 1379 θεῶν
1550 1320 1597 1391 τῆν
1614 1320 1764 1400 πιντάμυγον
1774 1317 1780 1355 ¹
1792 1321 1859 1377 καλω-

307 1407 415 1489 τρώτην
431 1409 517 1490 ἀρχὴν
538 1413 573 1478 ὡς
588 1410 675 1490 πάντῃ
696 1410 840 1489 ἄγνωστον,
855 1409 902 1477 τδις
919 1411 946 1469 δὲ
963 1410 1008 1469 δύο
1023 1411 1090 1487 μετδι
1136 1413 1228 1489 μένην,
1248 1409 1343 1470 ταθτδν
1368 1410 1395 1468 δὲ
1418 1407 1482 1476 ἴσως
1497 1410 1590 1482 εἰπεῖν,
1614 1407 1660 1480 τὴν
1683 1407 1828 1480 πεντάκοσμω
1840 1413 1858 1464 “.

308 1499 355 1570 τὴν
372 1499 446 1575 μίαν,
462 1495 575 1577 Ἐρεύος
603 1498 651 1576 μὲν
667 1497 714 1570 τῆν
730 1499 848 1579 ἄρῤενα,
870 1499 918 1571 τῆν
937 1499 965 1558 δὲ
984 1501 1090 1572 θήλειαν
1135 1501 1202 1578 Περὶ
1216 1499 1243 1558 δὲ
1258 1497 1354 1558 τούτων
1367 1497 1445 1564 ἄλλος
1458 1496 1522 1562 ἴσως
1536 1503 1655 1578 φανεῖται
1679 1494 1765 1574 καιρός.
1792 1495 1859 1552 Toui-

307 1587 410 1660 Νύκτα,
424 1587 523 1658 ταύτην
533 1585 580 1662 μὲν
591 1588 648 1646 ἀντὶ
661 1587 779 1666 άπιιρίας
789 1602 813 1660 Β,
824 1587 924 1660 έκείνην
938 1587 965 1646 δὲ
977 1589 1035 1646 avet
1045 1587 1092 1647 πέ-
1135 1613 1179 1648 ται
1195 1588 1241 1665 μέν
1257 1579 1301 1646 ούν
1315 1586 1361 1646 καλ
1374 1591 1502 1644 τοσαῦται
1515 1590 1597 1646 τανῦν
1616 1585 1806 1664 παρειλήρθωσαν
1816 1583 1856 1655 ipit

308 1699 395 1756 ρατος.
441 1677 492 1736 Ἐκ
513 1675 539 1734 δὲ
555 1674 653 1734 τούτων
676 1675 740 1756 ρησί
763 1679 909 1755 μιχθέντων
938 1677 1030 1756 αἰθέρα
1045 1700 1090 1754 γε·
1136 1680 1164 1736 ui
1181 1675 1225 1734 td
1237 1675 1323 1752 pridem
1335 1676 1478 1744 ἑλληνικῶν
1496 1673 1631 1740 ὑποθέσεις
1644 1675 1737 1732 πολλῶν
1749 1671 1784 1728 καὶ
1800 1669 1857 1726 tite

304 1768 395 1823 νέσθαι
409 1764 454 1822 καὶ
468 1763 579 1843 Ἔρωτα
595 1764 639 1822 καί
655 1768 753 1838 Μῆτιν,
770 1765 818 1832 τὰς
828 1768 897 1846 τρεῖς
914 1766 1011 1834 ταύτας
1027 1789 1090 1839 νοη-
1135 1765 1229 1822 οὐσῶν.

306 1849 352 1914 τδις
365 1851 531 1924 ὑποστάσεις,
546 1850 593 1923 τῆν
605 1851 652 1927 μὲν
673 1853 756 1932 ἄκραν
770 1853 861 1935 αἰθέρα
886 1857 980 1926 ποιῶν,
999 1852 1046 1925 τὴν
1063 1854 1090 1913 δὲ
1176 1853 1239 1912 Τῶν
1261 1848 1289 1908 δέ
1318 1849 1460 1931 βαρδάρων
1484 1850 1589 1911 ἐοίκασι
1607 1847 1751 1910 Βαδυλιθνιιι
1769 1845 1806 1922 μέν
1824 1843 1857 1912 τὴν

311 1935 395 2014 μέσην
409 1935 521 2018 Ἐρωτα
535 1938 604 1996 κατδι
618 1939 665 2010 τῆν
684 1940 792 2022 φυτικὴν
808 1941 941 2018 μεσότητα
960 1949 1006 2002 τοῦ
1025 1941 1090 2022 έρω·
1136 1937 1199 2016 μίαν
1212 1941 1264 1996 τῶν
1287 1937 1354 1998 θλων
1375 1938 1457 2018 ιἰρχὴν
1478 1943 1543 2019 σιγῇ
1563 1936 1695 2019 παριέναι,
1713 1935 1747 1994 δύο
1764 1935 1785 1991 δέ
1796 1931 1859 1990 ποιεῖν

306 2047 361 2102 τος,
377 2024 425 2098 τὴν
444 2025 472 2085 δὲ
491 2025 580 2106 τρίτην
598 2030 686 2098 Μῆτιν
706 2028 766 2086 κατ’
784 2029 862 2088 αὐτὸν
875 2029 926 2102 ἤδη
941 2029 985 2087 τὸν
1004 2031 1089 2088 πολυ-
1136 2025 1225 2087 Ταυθὲ
1237 2025 1282 2084 καὶ
1292 2024 1477 2100 Ἀπασών,τδν
1491 2024 1744 2102 μένἈπασὼνάνδρα
1754 2016 1859 2108 risisti?

311 2113 421 2190 τέμητον
435 2122 503 2176 νοῦν.
548 2114 673 2195 Παράγει
688 2114 715 2174 δὲ
728 2115 772 2176 ἐπὶ
782 2115 882 2186 τούτοις
897 2120 927 2176 έκ
936 2120 988 2176 τιῗιν
1002 2119 1088 2177 αὐτῶν
1136 2119 1281 2191 ποιοῦντες,
1296 2137 1395 2186 ταυτην
1406 2116 1433 2173 δε
1449 2139 1555 2195 μητερα
1571 2121 1634 2176 θεων
1649 2113 1798 2190 tingitina,
1808 2107 1826 2174 ἐξ
1835 2109 1859 2164 θ’

306 2201 351 2261 καλ
368 2202 454 2261 ἄλλων
470 2205 535 2262 θεῶν
561 2203 643 2262 πολθν
660 2207 771 2284 ἀριθμὸν
795 2206 865 2266 κατθι
886 2207 934 2280 τῆν
960 2205 1089 2284 Εθδῆμου
1136 2207 1263 2282 μονογενῆ
1276 2204 1359 2262 παῖδα
1369 2208 1532 2282 γεννηθῆναι
1546 2203 1589 2264 τὸν
1601 2207 1716 2278 Μωθμῖν,
1726 2187 1858 2273 erugini,

306 2288 433 2367 ἱστορίαν.
1136 2290 1179 2349 τδν
1193 2291 1284 2364 νοητδν
1299 2289 1396 2368 κόσμον
1414 2295 1512 2352 ἐκτῶν
1532 2311 1602 2352 ουοιν
1619 2315 1701 2371 αρχων
1714 2286 1856 2367 παραγόμενοι·

335 2375 390 2436 Τὸν
403 2376 430 2435 δὲ
444 2377 616 2455 Ἐπιμενίδην
638 2378 684 2438 δύο
705 2379 811 2462 πρώτας
832 2382 916 2462 ἀρχὰς
934 2381 1090 2460 θποθέσθαι,
1136 2377 1187 2438 Ἐκ
1202 2379 1229 2438 δέ
1253 2383 1304 2439 τῶν
1327 2381 1412 2438 αὐτῶν
1429 2379 1515 2450 άλλην
1539 2381 1628 2458 γενεάν
1648 2378 1782 2455 προελθεῖν,
1798 2369 1849 2448 lugi

308 2464 384 2546 Ἀέρα
400 2467 444 2524 καὶ
459 2466 564 2539 Νύκτα,
579 2468 699 2540 δηλονότι
715 2474 776 2548 σιγῇ
790 2471 940 2546 τιμήσαντα
962 2469 1011 2542 τῆν
1028 2465 1090 2546 μίαν
1137 2465 1184 2526 καθ
1200 2468 1301 2547 Δαχόν,
1319 2458 1376 2526 εἶτα
1397 2459 1430 2528 αδ
1452 2468 1547 2548 τρίτην
1576 2471 1605 2527 ix
1631 2469 1679 2525 τῶν
1692 2467 1763 2524 αὐτῶν
1777 2455 1858 2534 traiani

307 2555 358 2635 πρὸ
369 2557 421 2613 τῶν
436 2556 517 2628 δυοῖν,
533 2555 560 2626 έξ
573 2547 610 2616 ὧν
624 2561 780 2634 γεννηθῆναι
792 2561 933 2640 Τάρταρον
953 2551 1029 2638 οἶμαι
1043 2557 1090 2630 τῆν
1136 2557 1182 2614 καὶ
1195 2555 1342 2639 Ἄσσωράν,
1359 2556 1385 2625 έξ
1401 2548 1438 2616 ὧν
1452 2556 1578 2634 γενέσθαι
1603 2563 1677 2636 τρεῖς,
1691 2553 1754 2613 Ἀνδν
1768 2547 1859 2609 καῖἸλλι·

307 2641 398 2723 τρίτην
412 2641 509 2723 άρχῆν,
526 2641 561 2710 ὥς
576 2667 634 2702 τινα
655 2648 751 2722 μικιῆν
774 2650 804 2705 έκ
820 2651 872 2706 τῶν
888 2649 957 2706 δυοῖν
983 2670 1090 2727 συγκρι-
1135 2643 1179 2704 νδν
1197 2649 1242 2704 καί
1255 2645 1323 2720 ’nde
1344 2651 1389 2704 τοῦ
1410 2644 1436 2704 δέ
1459 2645 1522 2705 ’noo
1540 2646 1584 2706 καὶ
1598 2643 1698 2714 Δαύκης
1718 2641 1763 2700 otti
1779 2635 1858 2716 γινίοθιι

307 2738 407 2804 θεῖσαν,
420 2731 446 2798 ἐξ
461 2722 498 2789 ὧν
510 2730 585 2798 τινθις
600 2731 648 2804 τῆν
660 2739 756 2804 νοητὴν
770 2735 904 2810 μεσότητα
921 2734 990 2794 οὕτω
1009 2733 1088 2794 καλέ·
1136 2731 1180 2792 τὸν
1196 2735 1292 2806 Βῆλον,
1309 2733 1337 2792 δν
1354 2733 1516 2814 δημιουργὸν
1532 2725 1598 2794 εἶναί
1619 2755 1701 2813 φασιν.

307 2843 404 2887 σαντας
418 2821 445 2894 ¹¹,
458 2818 523 2877 διότι
536 2821 577 2878 in·
590 2821 671 2902 άμρω
687 2821 809 2882 διατείνει
826 2822 895 2882 τότε
909 2824 988 2904 οῖκρον
1001 2824 1046 2883 καὶ
1059 2823 1089 2884 τδ
1177 2821 1266 2899 Μάγοι
1287 2821 1315 2881 δὲ
1332 2826 1377 2882 καί
1392 2830 1445 2880 πᾶν
1457 2823 1489 2882 τὸ
1505 2823 1591 2902 άρειον
1610 2822 1687 2900 γένος,
1705 2821 1734 2884 ὡς
1753 2813 1788 2874 καὶ
1808 2813 1856 2868 nio

1207 2953 1854 2986 M

307 3037 354 3088 nisi
378 3037 444 3090 forte
462 3037 538 3091 chaos
554 3039 662 3093 duorum
685 3043 863 3109 principiorum
884 3043 1021 3096 secundum
1039 3057 1093 3096 esse
1139 3046 1255 3098 etinfima
1266 3048 1388 3112 pertinet,
1401 3049 1497 3113 quibus
1508 3049 1595 3100 mixtis
1606 3051 1699 3114 partum
1711 3041 1857 3094 εεεοῖιοεοτιιι1

308 3127 396 3180 voluit.
410 3129 536 3180 Caeterum
550 3130 614 3181 hanc
626 3129 677 3182 vim
695 3135 721 3183 et
735 3135 867 3183 Tartarum
881 3137 906 3185 et
921 3137 1035 3184 Amorem
1048 3135 1093 3184 tri-
1138 3136 1210 3202 quasi
1224 3135 1315 3186 animat
1327 3135 1391 3186 iilud
1402 3150 1461 3187 vere
1473 3137 1641 3202 intelligibile.
1656 3149 1685 3186 ex
1698 3147 1741 3198 quo
1752 3137 1815 3178 rursus
1829 3118 1858 3167 θῑι

308 3215 396 3278 plicam
413 3219 529 3268 naturam
551 3218 731 3283 intelligibilem
750 3221 887 3285 judicarit,
906 3224 1021 3273 Amorem
1035 3223 1093 3287 qui·
1138 3225 1236 3276 soboles
1249 3225 1400 3276 exclusasit.

307 3307 365 3358 deni
381 3308 456 3362 tertio
467 3309 521 3360 loco
532 3323 638 3374 ponens,
652 3314 681 3361 ut
692 3313 767 3375 turta
783 3311 995 3362 conversationem
1010 3315 1093 3363 mente
1168 3313 1323 3379 Pherecydes
1341 3313 1428 3378 Syrius
1448 3315 1555 3376 iovem,
1573 3317 1677 3379 Tempus
1694 3314 1717 3362 et
1732 3311 1817 3359 remu.
1831 3293 1860 3345 iffi

307 3398 585 3463 circunrspectamthoe
604 3399 669 3450 enim
687 3400 723 3450 sic
738 3400 815 3458 etiarn
834 3401 949 3464 Orpheus
962 3400 988 3452 in
1002 3402 1093 3452 canui-
1138 3401 1218 3466 prima
1236 3403 1368 3468 principia,
1395 3417 1492 3468 semper
1520 3417 1575 3456 esse
1591 3405 1682 3460 censet,
1702 3411 1776 3452 unum.
1796 3387 1859 3451 ⁰1²''10s’

308 3491 381 3540 nibus
393 3489 466 3537 vocat
475 3487 498 3550 )‚
521 3489 622 3538 Terram
634 3490 720 3538 autem
732 3488 813 3552 primo
831 3488 897 3548 loco,
911 3493 940 3538 ut
950 3489 1055 3554 primam
1067 3490 1092 3540 in
1138 3493 1195 3544 ante
1208 3490 1258 3540 duo
1275 3491 1370 3556 reliqua
1386 3495 1411 3542 et
1422 3491 1473 3542 duo
1485 3492 1532 3543 itta
1546 3496 1602 3558 post
1614 3505 1698 3546 unum.
1710 3475 1859 3546 Te11¹t>¹¹⁵³¹¹¹em

307 3577 376 3626 certo
390 3573 499 3640 quodam
520 3577 546 3626 et
568 3575 675 3626 naturali
695 3577 762 3626 statu
781 3576 941 3637 collocatam,
961 3580 1091 3628 Tartarum
1138 3593 1169 3629 ex
1185 3594 1230 3630 suo
1242 3579 1336 3630 semine
1352 3593 1494 3644 procreasse
1509 3581 1592 3644 ignem
1611 3583 1636 3631 et
1654 3573 1783 3643 spiritumet
1794 3571 1858 3627 aqum

307 3663 415 3730 dantque
426 3663 509 3716 mauro
520 3664 586 3726 roco,
599 3667 630 3715 ui
640 3665 693 3731 μοι
705 3665 888 3730 quemnam
904 3665 936 3716 aa
947 3665 1092 3718 aiseium
1138 3668 1259 3732 triplicem
1283 3669 1401 3718 nmmum
1415 3669 1466 3718 vim
1489 3673 1589 3720 nature
1605 3661 1762 3728 intehtgihiis.
1778 3649 1860 3716 ique

306 3771 363 3810 nom
374 3756 512 3809 incitatum.
1136 3757 1162 3806 in
1175 3757 1286 3822 quinque
1303 3757 1438 3821 penetralia
1459 3757 1605 3809 distributis
1620 3755 1666 3806 alia
1684 3753 1781 3814 [reptent
1791 3741 1859 3791 θθθθ

339 3847 470 3898 Αειιεῖῖαυε
491 3849 576 3898 autern
592 3847 669 3900 chaos
686 3860 776 3912 ponere
794 3847 856 3898 mihi
870 3846 970 3898 ridetur
983 3847 1091 3913 primum
1137 3845 1234 3896 soboles
1254 3847 1360 3896 condeta
1380 3846 1425 3905 sit,
1437 3859 1494 3910 quae
1515 3846 1626 3911 quinque
1639 3827 1819 3908 penetrationret
1831 3823 1860 3918 ior·
1909 3885 1910 3908 γ

306 3935 455 4000 principium
477 3939 507 3985 ut
531 3950 635 4000 prorsus
654 3937 779 4002 ignotum,
800 3935 851 3988 duo
869 3951 930 3988 vero
951 3941 1007 4004 post
1029 3937 1091 3988 illud
1137 3937 1203 3984 tasse
1215 3935 1336 3985 vocabulo
1355 3935 1421 3984 idem
1439 3935 1583 3985 declarante
1594 3931 1699 3999 quinque
1709 3921 1823 3978 mundorum
1837 3911 1859 4006 θ
1909 3911 1910 3929 ’

307 4036 397 4082 υουια,
411 4023 521 4073 Erebum
541 4039 636 4076 marem
650 4028 676 4076 et
691 4028 795 4076 Noctem
809 4025 941 4086 seminam,
956 4026 1021 4077 hano
1033 4027 1092 4092 qui-
1136 4023 1193 4074 vini
1206 4023 1332 4087 progenies
1341 4027 1507 4088 nuncupetur.
1523 4021 1614 4075 Sedde
1626 4021 1664 4072 his
1674 4018 1731 4069 atius
1744 4013 1820 4064 [aneso
1828 3999 1858 4098 iffi
1908 4073 1909 4078 η

305 4107 364 4160 dem
385 4109 527 4170 intimitatis,
542 4114 568 4162 at
589 4113 658 4162 ittam
672 4113 729 4164 tinia
745 4101 809 4166 loeo]
828 4117 867 4166 lix
892 4115 932 4166 his
950 4115 1038 4168 mixtis
1055 4115 1091 4166 sit
1135 4111 1232 4162 dicendi
1244 4111 1322 4162 locus.
1335 4112 1405 4162 Talia
1415 4111 1493 4174 igitur
1503 4111 1645 4176 tantaque(
1656 4119 1728 4172 quum
1741 4095 1858 4178 neruiue
1908 4097 1909 4175 γ

306 4197 426 4250 aetherem
443 4213 497 4250 esse
512 4204 597 4253 ortum
617 4205 643 4253 et
658 4206 773 4254 Amorem
795 4208 821 4256 et
836 4205 926 4266 Metiri,
947 4208 999 4257 tres
1016 4207 1091 4257 hasce
1136 4200 1182 4252 atta
1195 4199 1245 4250 sint
1258 4199 1417 4261 tiabularum
1426 4213 1565 4263 graecarum
1578 4197 1694 4250 beneficio
1706 4171 1858 4244 secretiori

307 4285 475 4352 intelligibiles
486 4301 611 4352 personas¹
627 4304 750 4341 summam
760 4292 862 4343 retheris
874 4292 967 4344 iaciens
977 4294 1091 4344 substan·
1136 4291 1280 4354 argumenta
1299 4303 1366 4339 nunc
1377 4303 1392 4340 a
1403 4289 1475 4339 nohis
1493 4291 1607 4340 assumta
1626 4285 1657 4336 ad
1670 4273 1813 4348 disputandum
1824 4260 1859 4313 δέ

306 4373 381 4432 ιῖοιιι,
396 4371 504 4426 mediam
523 4376 620 4426 Amoris
634 4378 735 4440 propter
746 4378 909 4442 vegetabilem
925 4380 1017 4431 amoris
1033 4394 1089 4430 me·
1137 4379 1229 4430 ficiunt.
1848 4436 1852 4448 ,

260 4521 264 4527 ,
306 4461 438 4522 ιῖῖεθεθειιι,
451 4462 550 4512 tertiam
564 4461 672 4528 denique
682 4477 811 4528 personam
823 4465 855 4516 ob
867 4466 946 4530 ipsam
958 4467 1010 4531 jam
1023 4481 1091 4518 men·
1167 4470 1187 4516 ti.
1202 4467 1315 4518 barbaris
1333 4467 1451 4518 videntur
1462 4465 1593 4532 babylonii
1610 4477 1684 4515 unum
1697 4469 1768 4510 rerum
1778 4446 1858 4500 adree-

307 4556 357 4600 tem
373 4550 503 4603 honestam
519 4552 597 4603 hietin
610 4553 744 4618 appellans.
759 4553 809 4606 scd
820 4557 877 4619 post
890 4556 945 4606 hec
960 4570 991 4607 ex
1002 4555 1089 4607 iisdem
1135 4558 1195 4608 tatis
1215 4557 1363 4622 principium
1385 4556 1483 4608 silentio
1500 4556 1640 4621 preterire,
1654 4552 1701 4604 duo
1721 4549 1790 4598 auten
1807 4533 1859 4584 lanf·

308 4653 424 4703 magnum
438 4640 514 4692 etiam
526 4641 632 4692 aliorum
643 4641 747 4694 deorum
758 4657 890 4696 numerum
900 4645 973 4710 juxta
985 4645 1090 4696 Eudemi
1135 4646 1231 4696 Tauthe
1261 4648 1287 4696 at
1310 4647 1420 4710 lpason,
1443 4649 1540 4710 hpuson
1562 4643 1662 4709 quidem
1681 4637 1781 4690 maritum
1796 4617 1859 4675 Τθθέ

307 4729 436 4782 historiam
453 4735 560 4798 generat.
1135 4735 1220 4786 uxoris
1234 4737 1384 4794 statuentes,
1399 4735 1463 4786 hanc
1480 4749 1539 4784 vero
1551 4735 1654 4784 deorum
1667 4730 1760 4780 matrem
1771 4711 1859 4769 nomint*

337 4819 507 4886 Epimenidem
524 4825 609 4874 autem
620 4823 728 4874 arbitror
743 4823 794 4875 duo
808 4824 889 4890 prima
905 4825 1024 4890 principia
1038 4826 1091 4875 sta-
1135 4827 1186 4884 tes,
1197 4838 1211 4874 e
1222 4825 1315 4888 quibus
1328 4824 1428 4874 unicum
1442 4823 1521 4874 titium
1533 4821 1642 4887 htoymin
1655 4821 1733 4869 natum
1742 4821 1785 4862 esst
1795 4793 1858 4894 (δαίθ’

306 4904 385 4957 tuisse
397 4909 485 4959 herem
495 4911 520 4960 et
526 4911 642 4970 Noctem,
654 4925 733 4976 quum
746 4913 840 4963 scilicet
849 4928 926 4963 unum
939 4913 1014 4964 tacite
1026 4927 1091 4977 praa·
1135 4909 1230 4974 ipsum,
1255 4910 1349 4975 opinor,
1372 4911 1494 4961 mundum
1518 4909 1694 4974 intelligibilem
1712 4917 1724 4954 e
1742 4894 1818 4948 duetus
1829 4879 1859 4931 du

306 4993 383 5045 terret
395 4995 435 5048 his
446 4995 557 5058 duobus,
577 5012 608 5050 ex
622 4999 715 5064 quibus
733 5005 865 5052 Tartarum
883 5001 985 5052 tertium
997 5001 1090 5066 princi·
1136 4999 1263 5064 principiis
1277 5003 1429 5064 generatum.
1443 5000 1480 5050 nb
1494 4999 1583 5050 iisdem
1600 4998 1670 5049 utiam
1686 4979 1859 5044 sotioteinesstl

306 5085 376 5151 pium
392 5094 548 5152 procreatum
565 5093 638 5155 puto,
654 5095 741 5157 utpote
751 5107 781 5144 ex
798 5091 897 5143 duobus
912 5092 963 5143 iilis
981 5091 1089 5142 mistum
1135 5093 1200 5148 tam,
1218 5089 1319 5140 bachen
1342 5093 1367 5140 et
1388 5090 1513 5148 bachum,
1538 5087 1627 5138 deinde
1650 5093 1730 5134 rursus
1749 5070 1824 5124 terum
1839 5053 1858 5103 θ

306 5175 334 5226 et
352 5177 528 5240 temperatum,
540 5193 572 5230 ex
585 5181 679 5245 quihus
697 5183 828 5233 nonnullos
841 5181 1021 5246 intelligibilem
1035 5195 1090 5233 rne-
1134 5179 1223 5231 iisdem
1235 5179 1331 5230 dissere
1350 5183 1376 5230 ot
1388 5182 1517 5236 lasarum,
1536 5141 1859 5242 equiouatre.tu¹1⁰¹“¹¹‘

306 5261 426 5314 dietatem
437 5263 472 5316 ita
487 5267 625 5320 nominasse
636 5283 699 5332 reor,
715 5271 783 5335 quod
797 5271 829 5321 ad
840 5275 946 5336 utraque
957 5274 983 5328 et
991 5285 1089 5326 autumn
1134 5268 1213 5324 thium
1227 5272 1251 5324 ct
1266 5271 1329 5319 Αυιιι
1345 5268 1441 5330 genitos
1452 5281 1505 5320 esse
1516 5269 1629 5326 narrant,
1641 5263 1669 5314 li
1681 5261 1755 5310 auten
1764 5251 1785 5300 θ
1794 5239 1858 5293 W
