3938 5968
455 395 682 458 urbicorum
705 388 1043 456 Niconnuflnonbnl
1064 381 1351 458 Pnanrnnnsrs.
1652 399 1710 461 tet

97 533 171 594 πινόν
186 555 212 592 τι
221 537 372 601 ποιοῦντας.
386 525 453 592 'ltu
463 531 485 588 δ’
498 525 529 588 άν
541 553 580 597 τις
592 529 638 590 καί
648 529 675 589 tv
685 537 743 594 ταῖς
755 527 881 601 πλάναις,
929 549 990 586 num
1002 535 1064 603 qnid
1079 535 1197 588 fauentes
1208 536 1311 588 laudere
1330 537 1513 588 consuevimus.
1533 537 1639 590 ὓσταοαο
1657 538 1716 590 licet

97 627 133 684 ῶς
146 626 242 683 οίκεῑον
257 622 328 689 ἀπας
343 621 478 700 ἄνθρωπος
490 617 620 700 ἀνθρώπῳ
632 619 678 679 καί
688 617 774 700 φίλον·
790 617 816 677 οί
829 617 882 676 τεει
929 627 1043 678 etiamin
1063 627 1314 693 peregrinationibus,
1338 643 1415 694 quarn
1431 629 1464 679 sit
1479 621 1560 680 omnis
1575 629 1651 680 bcmc
1670 631 1717 682 ho-

97 711 149 794 γάρ
164 711 208 771 ἀντὶ
226 710 317 791 χώρας
333 708 454 786 με’νοντες
480 706 527 773 ube
544 709 626 787 ἡδονῇ
647 707 691 767 τὸν
711 705 884 784 πλανώμενον
928 715 991 766 mini
1008 716 1222 767 accommodatum
1233 715 1355 781 quiddam
1368 719 1444 782 alque
1454 717 1579 768 amicum:
1593 718 1638 783 qui
1650 718 1717 768 enim

97 799 272 881 ὑποδέχονται
286 797 333 858 καί
345 795 551 878 θεραπεύουσιν,
566 797 642 856 ὅτε·
654 794 844 875 πλανώμενος,
862 798 885 856 τί
929 806 1034 858 interra
1047 821 1093 858 sua
1104 809 1205 858 manent
1216 805 1323 858 libenter
1336 807 1535 872 peregrinantem
1545 808 1674 873 excipiunt
1691 811 1717 859 et

98 891 223 970 συντύχοι
238 885 315 966 μόνον
328 885 492 966 ἀνθρώποις,
505 886 624 964 μάλιστα
638 885 740 966 χαίρει.
768 883 823 944 Καί
838 882 885 953 τὰς
929 895 1029 955 eulnnt,
1041 896 1120 962 etqui
1130 895 1310 962 peregrinatur,
1323 896 1553 947 sicccurratmcdu
1564 897 1716 959 horninibus,

97 979 187 1046 πόλεις
201 984 219 1052 ἡ
232 975 308 1056 φιλία
318 975 463 1048 συνίστησι
479 975 528 1048 τὴν
543 973 631 1056 ἀρχὴν
646 973 691 1033 καί
710 972 751 1033 ἀτί
769 971 883 1053 συνέχει·
929 985 1092 1035 vehementer
1112 983 1222 1034 lentatur.
1255 983 1305 1035 sed
1325 986 1352 1035 et
1371 983 1486 1036 civitates
1510 984 1582 1036 initio
1607 983 1716 1037 amicitia

98 1067 145 1126 καί
161 1069 184 1126 οί
199 1065 368 1132 καθιστάντες
385 1063 432 1133 τάς
453 1062 543 1131 πόλεις
565 1061 706 1138 νομοθέται
722 1063 823 1138 μᾶλλον
838 1064 886 1132 τῆς
929 1073 1061 1124 constitnit
1072 1075 1098 1124 et
1114 1086 1212 1140 semper
1223 1076 1371 1125 conservat:
1391 1075 1417 1124 et
1430 1073 1472 1139 qui
1485 1073 1639 1139 respublicas
1656 1087 1717 1126 enn-

97 1155 187 1238 pilia<
205 1153 404 1238 φροντίζουσιν,
426 1151 505 1226 biii<
520 1153 695 1224 δικαιοσύνης·
714 1149 760 1210 καί
774 1150 825 1231 γὰρ
839 1149 883 1209 διὰ
930 1164 1067 1214 stituerunt
1079 1162 1161 1228 legum
1179 1162 1271 1222 latores
1282 1162 1402 1227 majorem
1421 1161 1539 1214 amicitia
1553 1177 1630 1228 quam
1639 1163 1717 1227 justi·

96 1243 146 1318 τὴν
156 1244 279 1322 ὁμόνοιαν
290 1241 465 1316 ἡδικαιοσύνη
475 1245 602 1314 ζητεῖται·
611 1247 628 1314 ἡ
638 1240 666 1301 δὲ
673 1239 783 1319 ὁμόνοια
792 1237 883 1317 ὅμοιύν
931 1251 973 1302 tim
986 1251 1109 1304 rationem
1122 1249 1216 1303 babent
1238 1269 1244 1302 τ
1260 1251 1399 1302 concardim
1420 1253 1513 1318 quippe
1528 1265 1605 1302 causa
1619 1252 1718 1316 justitia

96 1337 122 1396 τί
132 1341 187 1398 ἐστι
201 1334 338 1416 τῇφιλίρ,
357 1331 412 1408 ἡδί
427 1332 518 1400 στάσις
531 1332 610 1411 θμοία
624 1333 724 1408 ἐστίτῇ
739 1329 836 1410 ίχθρορ,
851 1327 884 1402 ἣν
930 1341 1053 1407 queritur
1068 1357 1074 1390 ι
1088 1339 1219 1392 conscillis
1240 1345 1325 1393 antem
1339 1341 1429 1392 similis
1449 1345 1488 1392 est
1500 1341 1631 1402 amicitia,
1654 1341 1719 1392 siem

83 1425 140 1486 ’ἀεὶ
151 1429 197 1498 ιη”ς
210 1425 311 1490 πόλεως
327 1421 484 1484 ἀπελαύνειν
496 1421 687 1492 σπουδάζουσιν
698 1421 722 1480 οί
734 1419 883 1496 νομοθέται.
930 1429 1019 1484 seditio
1032 1431 1065 1483 nd
1077 1430 1213 1482 inimicitie
1223 1429 1411 1482 similitudinem
1419 1431 1523 1492 accedit,
1534 1445 1611 1496 qnam
1621 1443 1719 1496 semper

95 1511 197 1582 Ἄλλως
211 1537 258 1588 τε,
273 1512 356 1594 φίλων
372 1512 420 1591 μίν
436 1509 521 1571 ὄντων
536 1510 602 1593 πρὸς
615 1508 748 1582 ἀλλήλους
759 1509 812 1567 τῶν
833 1530 884 1566 πο·
931 1519 1158 1574 aciritatcarcere
1177 1519 1281 1572 student
1301 1521 1384 1584 legum
1402 1519 1501 1572 latores.
1519 1520 1589 1572 Adde
1601 1517 1671 1586 quod
1687 1533 1718 1571 ne

95 1606 195 1676 λιτῶν,
210 1604 240 1662 οὐ
263 1600 391 1682 χρείατῇ
417 1600 495 1661 πόλει
513 1597 702 1678 δικαιοσύνης,
726 1593 836 1656 δικαίων
857 1596 884 1658 δί
929 1623 994 1676 ορατ
1012 1609 1115 1678 quidem
1128 1610 1223 1662 civitati
1231 1610 1330 1676 justitia
1345 1614 1399 1669 est,
1418 1612 1439 1661 si
1456 1609 1534 1660 amici
1546 1610 1611 1660 inter
1629 1622 1657 1660 se
1668 1607 1718 1660 sint

98 1691 199 1764 ὄντων,
216 1690 303 1772 φιλίας
320 1689 407 1771 χρεία·
427 1690 528 1770 βέλτιον
543 1691 595 1770 γάρ
610 1689 677 1767 μττά
700 1687 801 1760 ταύτης
813 1689 883 1766 ὁμο·ι
929 1699 1013 1763 cives,
1026 1703 1112 1751 contra
1123 1713 1183 1751 reru
1193 1697 1251 1751 licet
1264 1699 1315 1751 sint
1323 1699 1401 1764 justi.
1419 1699 1529 1750 amicitia
1552 1703 1636 1750 tamen
1654 1711 1719 1764 epus

96 1781 253 1854 νοήσουσιν,
276 1778 379 1856 ἣμετά
400 1783 447 1852 τῆς
462 1777 637 1852 δικαιοσύνης.
652 1775 716 1838 Ἔτι
736 1774 881 1854 δίτδμύν
930 1791 988 1840 ent:
1003 1802 1063 1840 cnm
1081 1789 1129 1840 bac
1144 1789 1210 1840 cnim
1220 1801 1298 1854 quam
1317 1801 1375 1839 cnm
1392 1788 1491 1852 justitia
1508 1788 1655 1839 concordius
1683 1789 1719 1840 ri·

97 1871 177 1929 λιστα
199 1869 298 1929 δίκαιον
312 1867 412 1950 φιλικὸν
430 1859 496 1928 τίνοι
509 1870 589 1928 δοκεῖ·
603 1866 649 1928 καί
663 1865 714 1946 γάρ
728 1865 833 1928 ἐπειδάν
846 1887 886 1932 τις
930 1880 998 1930 vent.
1016 1878 1082 1939 Quin
1092 1878 1167 1930 etiam
1180 1877 1249 1944 quod
1258 1877 1428 1943 justissimum
1438 1875 1519 1928 estad
1530 1877 1713 1944 amicitiaanu

96 1958 158 2040 ττερί
170 1959 215 2018 τδν
227 1959 338 2030 πλησίον
353 1956 442 2018 πάντα
457 1957 491 2017 τά
506 1957 595 2017 δίκαια
610 1953 742 2035 διασώζῃ,
758 1955 827 2016 ster
840 1959 886 2016 αὖ·
929 1969 1023 2035 gendes
1036 1967 1321 2038 accommodatissimum
1337 1967 1463 2030 videtnrss:
1480 1980 1558 2032 quum
1574 1967 1632 2033 quis
1653 1968 1719 2019 enlm

96 2049 141 2108 τόν
157 2073 184 2107 τι
195 2049 241 2129 δέῃ
257 2051 439 2126 ζημιωθῆναι,
452 2049 524 2130 φῶσι
540 2045 624 2107 ἐστίν·
639 2045 708 2106 ὥστε
725 2049 825 2122 μᾶλλον
836 2049 885 2118 ίη·
928 2059 986 2125 iura
1003 2058 1087 2110 omniu
1097 2059 1214 2110 observat
1231 2057 1257 2108 in
1269 2057 1330 2120 aiio,
1352 2069 1433 2120 neque
1449 2056 1588 2121 quidquem
1610 2060 1719 2122 prater·

96 2143 183 2196 ττῖται
197 2141 214 2209 ἡ
230 2136 304 2219 φιλία
324 2139 341 2208 ἢ
356 2141 373 2210 ἡ
396 2135 550 2210 δικαιοσύνη
566 2135 640 2216 παρδι
655 2139 707 2195 τῶν
723 2139 883 2214 νομοθετῶν,
930 2149 1021 2208 mittit,
1037 2159 1216 2214 acnepoenam
1229 2145 1332 2212 quidem
1345 2145 1367 2195 si
1382 2145 1549 2206 mercaturis
1564 2147 1720 2198 tamennmi·

96 2227 145 2284 καί
161 2224 301 2305 ἀναγκαῖόν
314 2227 370 2286 ἐστι
382 2225 448 2304 ττρδς
461 2225 492 2285 τὸ
505 2228 593 2293 καλῶς
605 2230 724 2304 ὁμονοεῖν
745 2225 882 2288 δύνασθαι.
931 2253 976 2290 eus
989 2237 1037 2289 erit
1059 2237 1241 2302 :quamobrem
1256 2235 1368 2286 amicitie
1390 2235 1470 2299 magis
1487 2249 1565 2300 quarn
1583 2236 1683 2299 justitie
1705 2251 1721 2287 a

97 2313 139 2374 Οὐ
152 2315 229 2392 μόνον
244 2317 271 2374 δὲ
291 2313 434 2393 ἀναγκαῖόν
447 2318 503 2374 ἐστι
518 2313 642 2394 καὶπρὸς
656 2313 884 2397 ἀλλοφέρειάηα-
930 2329 1013 2394 legum
1036 2327 1158 2379 latoribus
1178 2325 1321 2392 expetitur,
1343 2327 1432 2391 estque
1457 2339 1487 2376 ας
1501 2325 1534 2376 ad
1556 2339 1642 2376 veram
1664 2339 1721 2376 ccn·

96 2404 159 2482 θύν,
173 2405 242 2464 ἀλλὰ
256 2402 302 2463 καί
318 2405 381 2463 αὐτὸ
391 2406 451 2463 καθ’
465 2403 543 2463 ἑαυτὸ
557 2403 637 2462 καλόν
654 2407 711 2464 ἐστι
721 2403 767 2463 καί
783 2406 886 2464 ἀπαινε-
932 2417 1043 2470 cordiam
1064 2416 1165 2467 omnine
1186 2413 1332 2466 ποοοτεατίτ.
1358 2417 1445 2481 Neque
1468 2417 1567 2465 tnntnm
1582 2415 1720 2466 necessaria

97 2493 151 2550 τόν·
167 2491 229 2560 τοὺς
244 2492 456 2573 γάρφιλοφίλους
469 2494 650 2570 ίιταινυῦμτν,
666 2491 684 2564 ἥ
700 2515 727 2550 τε
741 2493 885 2576 πολυφιλία
931 2509 1009 2558 αιτιοι
1028 2504 1061 2556 aul
1079 2503 1148 2556 eliud
1170 2503 1263 2555 bonum
1283 2502 1539 2570 ccniert,sedetiam
1559 2504 1613 2568 ipsa
1635 2517 1679 2569 per
1694 2517 1721 2554 se

97 2582 172 2640 δοκεῖ
184 2585 236 2640 τῶν
250 2583 339 2641 καλῶν
353 2580 380 2640 ἓν
402 2571 479 2639 εἶναι·
493 2581 539 2639 καί
555 2581 618 2642 ἔνιοί
635 2603 701 2663 φασι
720 2583 803 2658 μηδίν
822 2583 881 2642 δια·
931 2595 1035 2660 pulchra
1046 2597 1072 2646 et
1081 2593 1214 2646 laudabilis
1227 2597 1266 2646 est
1280 2609 1287 2645 τ
1303 2607 1362 2646 narn
1376 2593 1514 2646 anticorum
1527 2592 1654 2644 studiosos
1665 2593 1721 2643 lan·

98 2669 185 2751 φίριιι
198 2671 242 2728 τὸν
258 2669 333 2752 φίλοι
347 2674 394 2730 τοῦ
414 2671 514 2749 ἀγαθοῦ
533 2669 639 2750 ἀνδρός,
654 2671 725 2732 ἀλλὰ
745 2670 789 2730 τὸν
807 2671 886 2732 αὐτὸν
930 2681 1029 2746 damus,
1043 2687 1070 2736 et
1084 2684 1223 2735 amicorum
1243 2683 1380 2736 multitude
1396 2683 1601 2734 rideturunnex
1614 2681 1720 2747 praecla-

99 2760 218 2838 ἅιιικρυτ
231 2750 307 2819 εἶναι·
330 2793 333 2800 ’
931 2774 966 2827 ris
978 2787 1033 2826 esse
1042 2773 1134 2825 rebus:
1148 2774 1259 2825 nonnulli
1271 2787 1372 2841 quoque
1380 2773 1468 2824 nihile
1477 2772 1532 2824 rire
1541 2772 1607 2825 bunc
1616 2770 1720 2824 differre

140 2847 268 2927 (Scripsi
285 2867 293 2908 ξ
308 2871 319 2902 t
337 2847 434 2928 χρεία]
454 2869 491 2908 ex
510 2847 682 2922 ᾹΓίὸίοίθίθζ
700 2849 767 2908 cod.
781 2849 884 2930 χρείαν.
932 2867 1039 2920 amicum
1048 2866 1211 2927 arbitrantur,
1223 2865 1267 2919 sed
1277 2866 1350 2932 plane
1360 2865 1468 2919 eundem
1477 2877 1541 2918 esse.

98 2934 309 3014 -’διαμείναι]
320 2937 383 2996 cod.
399 2939 520 3020 διαμείνῃ
529 2937 640 2997 -bale
648 2939 689 3018 τε]
698 2959 735 2997 ex
746 2938 828 2998 iliad.
841 2941 879 3002 X.

100 3036 156 3095 nni
169 3028 251 3099 ;ccd.
267 3026 351 3088 σύντε.
368 3059 409 3073 -
423 3028 534 3108 ΰζῴοιν]
549 3027 615 3089 cod.
629 3027 715 3097 ζώων.
733 3027 793 3073 -⁴¹
804 3027 831 3087 ci
842 3031 884 3110 τε]

99 3116 164 3177 cod.
182 3113 246 3179 οἵτε.
262 3127 322 3164 --e
333 3116 350 3175 δ
362 3123 408 3190 τε]
421 3119 512 3195 vulgo
528 3118 559 3196 θ,
574 3141 614 3180 τε.
631 3121 691 3180 -.¹
709 3117 780 3197 κᾶν]
796 3119 886 3196 vulgo

99 3203 160 3286 κᾷν.
176 3205 233 3286 -ί

431 3365 500 3444 Κίθ·
527 3361 562 3444 β’·
906 3347 913 3368 ⁶
1273 3391 1331 3456 Gap.
1350 3392 1383 3440 ll.

220 3543 260 3597 Ti:
273 3545 287 3600 ἡ
301 3540 373 3602 φιλίαν
384 3542 424 3590 κθί
434 3540 471 3590 ⁶³¹
480 3539 536 3606 τρία
550 3540 622 3602 αὐτῆῖ
633 3541 698 3590 ἐστίν
708 3541 770 3600 ῑίὸθ·
1039 3578 1095 3630 Quae
1107 3575 1136 3621 sit
1147 3575 1246 3622 amicitia
1257 3589 1263 3619 τ
1274 3575 1329 3622 item
1340 3579 1388 3622 tres
1398 3578 1449 3632 ejus
1460 3575 1546 3634 species
1556 3587 1611 3621 eene.

140 3709 152 3734 *
168 3706 289 3781 T⁰¹⁰¹⁶³⁷l
304 3707 351 3788 pls
363 3697 407 3766 ὥν
419 3711 436 3780 θ
446 3705 533 3789 θίλίΨ
546 3709 711 3787 &limidiuu
727 3708 754 3767 δὲ
764 3706 825 3788 “iil
837 3711 886 3768 αὖ·
964 3735 1031 3788 Talis
1044 3749 1102 3800 erge
1116 3734 1227 3788 amicitia
1237 3739 1276 3788 est
1291 3751 1298 3784 ι
1311 3739 1372 3787 snut
1389 3739 1475 3788 antem
1490 3733 1523 3786 (le
1533 3734 1576 3786 illa
1589 3733 1722 3799 disputan-

97 3803 144 3870 τῆς
159 3799 206 3856 ῡῦιι
220 3794 309 3873 ὀλίγα·
328 3797 445 3874 Πότερον
461 3793 584 3872 aporire<
608 3796 710 3868 ίστίιῆ
733 3795 823 3876 φιλία,
838 3795 885 3855 καί
933 3814 1001 3866 tibus
1017 3814 1085 3866 hand
1108 3827 1205 3880 pauca,
1228 3815 1260 3866 de
1278 3813 1372 3879 quibus
1381 3813 1522 3865 dubitatur.
1548 3815 1583 3863 λυ
1607 3812 1717 3877 primum

98 3889 121 3946 οί
137 3885 221 3962 ὅμοιοι
237 3885 324 3964 φίλοι,
337 3882 356 3956 ἢ
369 3883 536 3956 ἐναντιότης,
550 3883 596 3943 καί
611 3886 635 3942 οί
646 3883 751 3964 ἔχοντες
761 3884 885 3945 ἐναντίοι.
931 3893 1048 3961 quidem,
1069 3899 1156 3945 utrum
1174 3891 1311 3945 similitudo
1329 3893 1362 3944 sit
1376 3891 1500 3952 amicitia,
1514 3889 1658 3956 similesque
1672 3891 1722 3942 sint

98 3974 135 4034 Οἱ
147 3971 255 4053 μὲνγὰρ
267 3969 412 4049 ὁμοιότητα
424 3970 539 4032 τιθέασιν
551 3970 698 4045 αὐτήηκαί
710 3969 771 4039 τοὺς
782 3969 886 4047 ὁμοίους
932 3973 1019 4036 αατίοί,
1032 3988 1062 4024 an
1076 3971 1239 4023 contrarietas
1260 3976 1286 4024 et
1304 3971 1422 4022 contrarii
1442 3971 1487 4036 qui
1507 3969 1642 4021 amicitiem
1664 3984 1721 4021 enm

97 4063 197 4146 φίλους·
214 4060 271 4120 ὅθςν
286 4061 331 4121 τὸν
344 4060 435 4140 ὁμοῖόο
450 4084 530 4142 φασιν
545 4065 580 4128 ὡς
593 4059 635 4119 τὸν
649 4064 760 4138 ὁμοῖος,
776 4061 822 4121 καὶ
837 4083 885 4120 χο.
932 4051 1179 4142 αίίηαομοτααί..Α1ίί
1189 4051 1254 4102 enirn
1267 4065 1321 4102 enm
1332 4049 1520 4142 similitudinem
1534 4053 1720 4110 essestatuunt,

932 4136 957 4184 et
971 4131 1067 4182 curiles
1078 4143 1192 4180 amices:
1208 4143 1239 4180 en
1254 4143 1304 4194 quo
1320 4129 1451 4194 proverbia
1465 4132 1523 4180 nata
1539 4131 1608 4188 sunt,
1625 4143 1722 4195 semper

932 4210 1038 4263 similem
1052 4208 1084 4260 nd
1102 4209 1223 4268 similem,
1240 4211 1265 4260 et
1285 4209 1415 4274 graculum
1430 4207 1462 4260 ad
1477 4207 1614 4274 graculum,
1630 4213 1657 4260 et
1671 4223 1721 4260 ea·

932 4295 986 4342 tera
997 4290 1074 4354 bnjns
1086 4288 1199 4354 pencris:
1218 4287 1261 4338 elii
1278 4301 1338 4339 reno
1349 4288 1487 4338 contrarius
1498 4287 1592 4339 amicos
1608 4301 1664 4340 esse
1684 4286 1720 4338 ai·

932 4369 1047 4430 iirmant,
1070 4371 1201 4434 tutamque
1217 4381 1270 4418 rem
1289 4367 1369 4430 magis
1390 4366 1507 4418 universe
1529 4369 1668 4431 spectatam
1688 4367 1721 4418 ael

98 4443 185 4497 “⁰³⁹¹
933 4451 1059 4504 naturales
1070 4448 1178 4500 rationes
1190 4447 1315 4506 referunt.
1333 4451 1361 4496 ut
1372 4437 1512 4512 Euripides,
1526 4460 1606 4511 quum
1616 4445 1652 4497 nit
1665 4467 1672 4497 ι

46 4199 51 4206 .
96 4152 167 4213 λαιὸν
183 4151 244 4210 ποτί
257 4149 375 4224 κολοιόν,
392 4151 438 4209 καί
455 4150 504 4208 ὅσα
520 4155 644 4209 τοιαῦτα·
662 4153 687 4209 ul
704 4149 731 4208 δὲ
749 4150 885 4219 ἐναντίους

97 4241 189 4324 φίλους
201 4239 280 4320 φασίν
296 4229 380 4315 εἶναι,
397 4237 442 4322 καί
456 4239 500 4298 τὸν
516 4239 593 4319 λόγον
606 4241 642 4306 είς
659 4239 689 4299 τὸ
703 4238 883 4300 καθολικώτε-

99 4353 145 4412 ρον
159 4329 205 4388 καί
225 4328 401 4411 φυσικώτερον
419 4329 576 4410 ἀνάγουσιν,
591 4329 736 4410 Εὐριπίδης
755 4327 804 4408 μίν
826 4329 885 4413 φά-

149 4569 219 4636 Ἐίᾷί
232 4570 274 4632 pis
292 4570 384 4634 ⁶1²⁶t⁰⁰
393 4575 464 4633 parav
475 4571 645 4636 itifllilfws
985 4585 1052 4628 Amat
1062 4581 1155 4638 quidem
1165 4580 1261 4627 imbrem
1274 4585 1335 4626 terra
1346 4613 1351 4632 ,
1362 4591 1434 4636 ηαυπτ
1443 4578 1528 4624 siceum
1540 4579 1631 4632 solnm,

150 4639 220 4704 Ἐρᾷν
235 4643 260 4692 θί
273 4644 359 4704 σεμνὸν
373 4643 472 4707 οὐρανὸν
484 4653 495 4680 ⁸
506 4641 667 4709 πληρούμενοι
986 4657 1053 4699 Arnai
1062 4663 1153 4710 quoqne
1167 4653 1282 4698 excelsum
1292 4651 1401 4695 imbribus
1411 4650 1495 4695 coelnm
1504 4661 1586 4705 grave,

145 4711 265 4776 “opcpou
278 4719 361 4764 πιιιῖι
372 4714 404 4771 ei:
415 4718 494 4777 γαῖαν·
983 4724 1090 4779 sgirante
1100 4724 1188 4768 venere
1201 4721 1225 4766 in
1235 4719 1322 4777 gremia
1336 4723 1403 4765 terrae
1413 4718 1499 4764 labiers

101 4834 276 4917 Ἡράκλειτος
289 4859 301 4898 ν
317 4835 345 4896 δὲ
369 4835 453 4916 λέγων
469 4836 500 4897 τὸ
521 4837 638 4908 ἀντίξουν
652 4836 787 4920 συμφέρον
802 4827 884 4912 εἶναι,
931 4845 957 4894 et
969 4839 1109 4892 Heraclitus
1120 4853 1200 4905 quum
1211 4837 1260 4898 sit,
1272 4835 1424 4888 contrarium
1436 4835 1498 4886 utile
1514 4846 1583 4892 esse,
1601 4835 1670 4886 etex
1680 4833 1721 4887 dl·

98 4926 145 4984 mi
168 4927 198 4985 ίκ
219 4930 272 4986 τῶν
297 4927 474 5010 δταφτρόντων
502 4928 648 5001 καλλίστην
672 4928 815 5008 ἁρμονίαν,
840 4927 885 4988 καὶ
931 4931 1009 4982 versis
1021 4927 1216 4996 pulcherrimum
1228 4929 1375 4978 concentum
1385 4923 1562 4983 exsistere,et
1574 4935 1605 4974 ex
1618 4927 1721 4976 conten·

98 5013 188 5075 πάντα
203 5017 263 5075 κατ’
280 5014 333 5094 ἔριν
348 5015 477 5094 γίνεσθαι·
492 5013 519 5084 ἐξ
533 5017 651 5083 ίναντίας
664 5015 692 5075 δὲ
706 5016 806 5083 τὸύτοις
818 5017 884 5075 ἀπο·
931 5022 997 5073 tione
1008 5019 1091 5071 omnis
1105 5017 1165 5071 oriri
1178 5035 1184 5068 τ
1198 5017 1238 5070 bis
1249 5016 1399 5068 contrariam
1408 5015 1439 5066 de
1452 5013 1561 5065 amicitis
1573 5013 1720 5066 sententium

99 5103 221 5186 φαίνεται
234 5103 295 5185 περί
313 5109 359 5178 τῆς
380 5105 465 5187 φιλίας
485 5103 554 5182 μιτά
574 5108 680 5166 πολλῶν
696 5104 784 5167 σίλλων
800 5106 846 5166 καί
867 5110 883 5166 θ
930 5126 987 5164 cnm
1000 5109 1056 5162 aliis
1070 5109 1159 5161 multis
1169 5107 1332 5174 Empedocles
1343 5105 1412 5165 dicit.
1427 5103 1555 5157 affirmans
1571 5103 1651 5157 simile
1665 5103 1720 5168 ejus

131 5284 144 5310 *
160 5285 381 5349 Διαμφισόηττῖται
391 5284 418 5336 δὲ
432 5287 489 5350 περὶ
503 5285 578 5346 αὐτῆς
589 5287 642 5337 κτλ.
