3958 5942
760 377 769 386 ·
803 361 1051 426 FRAGMENTA.
1677 365 1735 428 321

169 493 329 574 (Eusebius
353 494 511 572 Praeparat.
533 496 644 571 Evang.
660 493 715 554 lib.
730 493 792 570 XV,
808 515 909 575 ουρ.ο
957 495 1000 555 νὸν
1016 493 1243 576 κινόρρωντεῢξεν
1264 494 1457 574 Ἀριστοτέλης.
1476 496 1609 573 Denique
1622 497 1737 556 Plutar·
1800 521 1804 529 ·

128 583 181 640 οίπδ
209 587 262 642 τῶν
295 582 491 662 Ἀριστοκλέους
525 589 571 642 τοῦ
602 585 821 665 Περιπατητικοῦ
849 585 910 664 περὶ
956 584 1028 644 chus
1042 584 1080 643 de
1096 584 1202 643 exsilio
1216 603 1282 662 cup.
1303 604 1338 641 10
1352 584 1413 644 vol.
1430 581 1467 656 X,
1482 603 1512 661 p.
1530 585 1586 655 376
1600 585 1646 644 ed.
1661 586 1736 643 Hut-

127 668 320 748 Ἀριστοτέλους
336 672 381 730 καί
392 674 444 730 τῶν
456 670 517 754 περὶ
530 674 609 730 αὐτοῦ
624 672 829 752 ἱστορουμένων.
845 672 911 734 Ἀπδ
956 688 1016 734 ten.
1038 673 1096 732 ait:
1114 671 1294 752 Ἀριστοτίλην
1307 669 1335 729 δέ
1349 671 1394 729 καί
1409 670 1576 748 λελοιδόρηκε
1592 671 1737 750 Θεόκριτος

126 767 174 820 τσῦ
191 759 253 840 περί
265 759 419 843 φιλοσοφίας
432 760 557 839 έόδόμου.
575 761 683 840 Scripsi
698 783 705 819 t
719 767 732 797 ¹
745 761 911 846 προρερόμε-
956 765 970 820 θ
986 764 1064 835 Χῖος,
1078 760 1118 820 ὅτι
1133 761 1181 832 τὴν
1195 759 1269 840 παρδι
1283 759 1414 840 Φιλίππῳ
1429 759 1476 818 καί
1491 757 1652 840 Ἀλεξάνδρῳ
1667 759 1736 818 δίαι·

126 851 185 928 νος]
201 849 285 908 codd.
301 848 523 930 προσφερόμενος.
550 883 588 896 -
604 849 618 886 θ
633 851 767 933 Στάγειρα
788 851 835 924 τλν
852 877 909 912 πα·
956 875 1004 910 ταν
1019 852 1177 931 ἀγαπήσας,
1196 849 1280 909 εἵλετο
1305 849 1385 908 ναίειν
1406 851 1461 907 ἀντ’
1476 845 1652 926 ’Ἀκαδημείας
1672 850 1738 926 Βορ-

128 938 221 1022 τρίδα]
236 961 302 998 cum
321 941 422 1014 codd.;
438 943 487 1000 ulii
506 941 654 1020 Στάγειρον
675 939 721 1012 τλν
734 944 859 1022 πατρίδα.
871 975 911 990 -
955 940 1034 1020 θόρον
1049 943 1076 1000 ἐν
1092 947 1228 1021 προχοαῖς.
1248 936 1328 998 Ἐστι
1341 939 1392 1017 γὰρ
1405 935 1524 1012 ποταμὸς
1538 935 1600 1018 περὶ
1616 934 1737 1010 Πέλλαν,

128 1028 229 1095 οοιίδιλς
242 1029 293 1108 γάρ
316 1029 347 1088 ἂν
363 1030 476 1110 εὑρεθείη
494 1029 554 1112 περὶ
577 1033 656 1088 αὐτοῦ
679 1035 794 1090 τοιοῦτον
815 1028 910 1116 οὐδὲν]
954 1029 982 1088 δν
1000 1031 1150 1096 Μακεδόνες
1172 1027 1304 1108 Βόρόορον
1320 1030 1442 1086 καλοῦσι.
1458 1025 1609 1084 Notandus
1626 1027 1735 1084 verbo-

127 1117 210 1177 codd.
221 1118 303 1184 οθδιίς
320 1116 372 1196 γὰρ
387 1117 418 1176 δν
431 1120 547 1198 εὑρεθείη
563 1119 624 1198 περὶ
640 1120 719 1177 αὐτοῦ
734 1125 853 1179 τοιοῦτον
865 1124 908 1180 οὐ·
955 1140 1020 1178 rum
1035 1120 1130 1178 lusus.
1144 1117 1218 1177 Nam
1238 1116 1345 1175 fluvius
1357 1116 1463 1174 dicitur
1476 1113 1641 1190 Borborus‚
1658 1114 1738 1192 quod

127 1205 182 1265 θὲν.
193 1238 234 1250 -
248 1205 261 1241 ‘¹
274 1209 328 1264 τῶν
340 1205 401 1265 τότε
421 1205 518 1284 ὄντων]
538 1207 625 1266 οοθό.·
645 1211 696 1266 τῶν
707 1206 765 1267 τότε
776 1208 854 1270 ὅτων.
869 1243 911 1257 -
956 1227 1061 1266 nomen
1079 1207 1109 1264 in
1126 1226 1220 1283 graeco
1235 1225 1368 1264 sermone
1382 1226 1490 1262 coenum
1501 1204 1655 1280 significat.
1675 1203 1737 1262 Cae·

127 1291 372 1374 “Ἐργιίου]ευτιι
387 1295 528 1354 Meinekio
549 1296 628 1375 apud
651 1296 804 1372 Bergkium
825 1298 908 1360 Poet.
956 1309 1048 1353 terum
1062 1294 1194 1354 Eubulus
1206 1293 1330 1350 Hermiae
1343 1292 1477 1351 dominus
1491 1292 1594 1366 fuerat,
1604 1305 1637 1350 ut
1650 1293 1737 1350 tradit
1791 1357 1796 1364 ,

128 1380 197 1455 lyr.
214 1403 244 1460 p.
263 1383 320 1460 529
334 1397 455 1462 propter
476 1386 639 1462 synizesin.
662 1384 728 1446 vid.
746 1387 907 1446 Hermanni
956 1385 1099 1460 Diogenes
1109 1383 1161 1443 lib.
1187 1381 1224 1454 V,
1242 1384 1258 1442 θ
1284 1381 1328 1440 his
1350 1380 1447 1442 verbis
1465 1402 1471 1436 :
1489 1378 1524 1446 ὥς
1549 1402 1614 1460 φησι
1637 1376 1734 1454 Δημή-

130 1469 220 1532 Elem,
238 1471 321 1528 Doct.
339 1471 421 1530 Metu.
444 1493 474 1550 p.
494 1471 530 1529 δα
549 1491 646 1549 seqq.;
670 1473 761 1548 vulgo
781 1471 908 1550 Ἑρμείου
954 1477 1052 1552 τριοςδ
1071 1471 1184 1550 Μάγνης
1208 1473 1235 1528 ἐν
1252 1473 1306 1536 τοῖς
1329 1467 1387 1548 περί
1411 1467 1557 1546 ὁμωνύμων
1574 1471 1688 1539 ποιητῶν
1706 1490 1733 1526 τε

128 1557 206 1633 apud
231 1557 386 1618 Eusebium
406 1571 434 1616 et
458 1561 644 1638 Apostolium
659 1561 707 1632 vl,
730 1563 767 1618 38
790 1563 906 1638 legitur,
954 1561 999 1620 καί
1024 1559 1212 1642 συγγραφέων,
1240 1556 1324 1624 δςκαλ
1347 1560 1438 1616 δοῦλον
1460 1554 1595 1616 Εὐόοόλου
1609 1555 1674 1636 φησί
1689 1577 1733 1633 γε·

127 1665 306 1723 quamquam
327 1667 395 1726 pars
421 1648 656 1708 membranarum
680 1650 768 1708 habet
791 1649 905 1730 Ἑρμοῦ.
952 1650 1040 1710 νέσθαι
1063 1649 1107 1708 τὸν
1135 1645 1275 1728 Ἑρμείαν,
1304 1646 1373 1724 γένει
1399 1646 1509 1704 Βιθυνὸν
1533 1643 1598 1706 ὄντα
1621 1643 1666 1702 καί
1689 1641 1734 1701 τδν

126 1735 182 1792 Sed
199 1736 342 1812 Diogenes
361 1737 494 1797 Laertius
515 1739 567 1797 lib.
584 1739 618 1816 V,
640 1763 670 1798 ιι
690 1739 817 1799 scribit:
837 1739 906 1821 Ἑρ·
953 1737 1081 1814 δεσπότην
1098 1737 1247 1812 ἀνελόντα)

127 1823 200 1900 μείου
228 1825 352 1908 εὐνούχου
370 1829 413 1898 ἠδ’
434 1827 567 1888 Εὐθοόλου
583 1829 639 1906 ἅμα
660 1829 752 1888 δοόλου
771 1834 846 1904 σῆμα
859 1853 905 1888 κε-
