3958 5942
256 414 316 472 232
769 414 918 476 Eunuul
943 413 1079 476 auonu
1100 413 1367 476 Puuluauuuut

256 535 309 602 οἷον
324 543 395 622 γένος
410 542 814 626 ίιιείνη,ἀλλίιγίνοςτῷύντι.
859 547 924 628 Περί
936 547 1035 620 ἐκείνης
1079 570 1123 617 τος
1143 551 1263 628 φαίνεται
1276 545 1420 628 διορίσαςύ
1443 543 1573 620 Πλάτων,
1595 548 1638 608 καλ
1650 549 1677 608 τύ
1694 557 1726 624 πῆ
1744 552 1815 627 μινύν
1916 525 1917 592 l

255 625 300 693 οὐν
314 632 410 711 λέγοιτ’
426 631 456 691 θν
466 639 514 705 τῆς
523 633 568 692 καλ
580 633 614 692 τά
629 635 817 712 συμύιύηκότα
831 636 1033 719 περιεχούσης).
1080 641 1118 710 πῆ
1133 638 1160 698 δύ
1174 637 1213 716 μὴ
1229 637 1273 711 όν,
1288 641 1323 704 ὥς
1343 635 1446 716 είρηται
1464 636 1596 716 πρότερον.
1615 638 1666 699 Kal
1679 639 1724 719 γάρ
1736 641 1775 699 καὶ
1785 643 1817 702 td

298 743 331 782 ιο.
352 720 417 782 Ἔτι
431 723 479 780 οὐκ
495 712 562 780 εἶναί
582 745 667 804 φαμεν
691 725 782 784 οὐσίαν
803 725 923 784 ἐναντίαν
945 727 1036 808 οὐσίσρ·
1080 731 1131 786 τῶι
1156 727 1244 788 άλλων
1262 726 1298 785 τά
1318 727 1458 806 πολλαχῶς
1479 724 1605 803 λεγόμενα
1623 727 1820 806 διεστείλατο,ὐς
1915 725 1917 734 ’

259 815 310 876 τῶς
320 804 364 870 οὐν
375 813 406 868 ἐκ
416 809 453 886 μὴ
466 815 558 871 οὐσιῶν
570 812 646 871 οὐσία
659 811 691 871 ἂν
703 812 857 892 εἴηςῆπῶς
868 815 899 874 ἂν
912 815 1036 895 πρότερον
1080 815 1126 876 καί
1151 814 1309 892 όΕὐδημος
1335 817 1361 874 lv
1386 821 1439 882 τοῖς
1463 817 1588 882 Φυσικοῖς
1608 825 1725 894 μαρτυρεῖ
1745 819 1820 894 λόγων,
1917 833 1918 842 ’

257 900 293 972 τεὴ
305 899 384 958 οὐσία
405 901 493 966 οὐσίας
509 898 568 974 είης
1085 930 1097 957 ι
1116 903 1231 966 Πλάτων
1247 927 1276 962 τε
1290 902 1341 982 γάρ
1360 900 1507 983 είσαγαγύιν
1520 901 1550 961 τὸ
1567 905 1649 963 διττόν
1669 903 1756 971 πολλός
1769 909 1820 966 άτι-

297 988 478 1067 (aristoteles
492 989 579 1066 Phys.
592 989 643 1050 lib.
655 990 667 1048 l
679 1011 742 1070 cap.
756 993 774 1048 6
789 1011 855 1072 pag.
871 993 937 1070 189.
949 1013 975 1053 a.
987 994 1036 1055 32.
1082 993 1139 1074 ρίας
1164 994 1240 1052 ἔλυσε
1265 991 1446 1070 πραγμάτων·
1468 1017 1481 1045 ι
1499 989 1640 1070 (Victorii
1656 991 1715 1050 oud.
1733 992 1769 1050 iul
1783 997 1822 1053 τῶν

254 1077 301 1137 ed.
319 1077 439 1136 Beller.
455 1077 622 1156 Simplicius
640 1079 690 1140 sol.
709 1090 757 1151 44.
772 1080 817 1139 καί
832 1085 908 1140 τούτο
928 1083 955 1142 δὲ
975 1083 1038 1142 αὐτύ
1083 1081 1259 1162 πραγμάτων.
1273 1080 1310 1140 ci.
1323 1081 1425 1156 fragm.
1445 1079 1489 1158 τι)
1502 1078 1553 1140 dd
1565 1083 1647 1138 ταύτα
1660 1078 1703 1155 μὲν
1713 1069 1750 1137 οὐν
1758 1081 1823 1160 appl-
1918 1126 1919 1154 γ

258 1165 388 1242 ζητήσεως
400 1163 471 1234 ἄξιον
483 1157 549 1225 εἶναί
561 1191 606 1244 μοι
616 1169 696 1236 δοκεῖ,
710 1173 765 1236 πῶς
775 1169 879 1250 ιίρηται
889 1170 918 1229 τὸ
927 1173 983 1238 πῶς
993 1159 1037 1229 οὐν
1082 1195 1124 1238 νος
1141 1168 1173 1229 άν
1194 1169 1236 1241 είη
1256 1167 1301 1226 καί
1320 1170 1334 1227 ὁ
1349 1167 1467 1228 Πλάτων
1479 1173 1525 1240 τῆς
1538 1167 1660 1241 τοιαύτης
1675 1168 1822 1249 φύσεως,οὐγ
1918 1163 1919 1222 ί

253 1261 283 1314 ἐκ
299 1255 336 1331 μὴ
353 1255 446 1313 οὐσιῶν
463 1255 538 1314 οὐσία
555 1254 585 1313 δν
601 1256 658 1330 είη;
672 1259 717 1316 καὶ
739 1258 789 1338 γάρ
804 1254 863 1317 οὐδὲ
879 1257 931 1316 tta
947 1257 1037 1323 οὐσίας
1082 1262 1178 1327 ἱκανῶς
1193 1257 1220 1316 dt
1239 1259 1320 1328 αὐτῆς
1335 1248 1417 1337 ἧφθαι
1433 1257 1505 1316 δοκεῖ
1517 1253 1586 1314 sual
1600 1254 1645 1316 δύο
1657 1254 1779 1335 τρόπους.)

253 1335 320 1404 εἶναι
334 1343 368 1402 τδι
381 1347 429 1413 τῆς
441 1343 531 1410 οὐσίας
552 1353 680 1424 στοιχεῖα.
705 1349 738 1406 El
753 1349 804 1427 γάρ
823 1347 989 1428 προϋπάρχοι
1003 1344 1037 1403 τά
1124 1370 1159 1410 ιε.
1183 1350 1243 1407 Τῶν
1257 1345 1339 1405 ὄντων
1353 1344 1387 1402 sd
1405 1343 1454 1422 μέν
1468 1347 1524 1403 ἐστι
1536 1343 1630 1425 φύσει,
1644 1343 1676 1401 ιδ
1689 1343 1715 1402 δὲ
1727 1346 1755 1402 δι’
1765 1345 1824 1412 ailla<

254 1441 372 1514 στοιχεῖα
386 1440 432 1493 τοῦ
447 1441 618 1513 στοιχειωτοῦ
630 1436 675 1494 καὶ
690 1427 741 1494 εἶεν
758 1435 832 1496 οὐσία
844 1437 877 1496 τδι
888 1439 934 1508 τῆς
945 1434 1036 1500 οὐσίας
1084 1436 1184 1510 αἰτίας,
1199 1433 1274 1515 φύσει
1292 1431 1339 1510 μὲν
1360 1431 1394 1492 τά
1409 1457 1438 1491 τε
1452 1435 1506 1511 ζῷα
1521 1430 1565 1490 καί
1579 1430 1612 1492 τά
1633 1429 1697 1510 μάρη
1712 1433 1825 1490 αὐτῶνκαὶ

254 1527 383 1600 στοιχεῖα,
404 1521 456 1601 πρδ
471 1529 516 1582 τοῦ
531 1523 650 1600 γενέσθαι
664 1523 710 1596 τὴν
731 1525 820 1584 οὐσίαν
836 1524 878 1597 εἴη
898 1523 929 1582 διν
942 1521 1032 1595 οὐσία,
1083 1528 1116 1586 τὰ
1131 1523 1257 1604 φυτάκαλ
1277 1521 1311 1582 sla
1327 1521 1400 1582 ἁπλᾶ
1413 1525 1464 1580 τῶν
1478 1521 1622 1598 σωμάτων,
1635 1510 1778 1599 οἷσνγῆκαί
1790 1525 1825 1600 τύρ
1919 1595 1920 1604 γ

254 1613 296 1672 καὶ
307 1611 373 1680 όλως
384 1618 521 1692 πανταχοῦ
533 1613 567 1672 τύι
578 1623 695 1694 στοιχεῖα
710 1617 757 1674 οὐκ
768 1617 836 1676 ἔστιν
849 1614 914 1698 άπερ
924 1615 957 1675 sd
967 1636 1037 1673 στοι-
1083 1615 1129 1675 καί
1144 1613 1196 1694 θὴρ
1219 1611 1264 1672 καί
1279 1609 1363 1690 ὐδωρ·
1387 1612 1472 1668 ταῦτα
1487 1607 1539 1687 γθρ
1561 1597 1684 1667 εἶναικαὶ
1702 1608 1825 1667 τὰτοιαῦτα
1919 1609 1920 1614 ’

256 1701 370 1780 χειωτά·
383 1700 441 1760 οὐτε
456 1701 508 1783 γάρ
518 1700 551 1759 ad
563 1707 608 1760 τοῦ
624 1702 760 1781 ἀνθρώπου
775 1705 892 1783 στοιχιῒα
905 1702 1037 1780 ἅνθρωποι
1083 1704 1158 1786 φύσει
1179 1701 1278 1783 φαμόν.
1297 1699 1391 1760 Πάντα
1413 1697 1441 1755 δὲ
1458 1697 1492 1756 sd
1509 1695 1619 1779 ρηθάντα
1638 1695 1747 1778 φαίνεται
1759 1697 1826 1776 διαφέ-

255 1789 314 1848 οὐτι
329 1789 362 1847 τὰ
372 1795 417 1861 τῆς
433 1790 527 1869 σαρκὸς
540 1789 614 1869 σάρξ.
627 1791 738 1862 Μήποτε
751 1782 795 1850 οὐν
810 1797 827 1864 ἡ
840 1792 889 1864 ὐλη
899 1791 943 1850 καὶ
959 1790 989 1849 τὸ
1001 1777 1036 1848 εί·
1084 1815 1162 1872 ροντα
1173 1788 1237 1870 πρὸς
1248 1788 1280 1847 τύ
1296 1792 1334 1864 μὴ
1347 1783 1421 1867 φύσει
1435 1787 1597 1846 συνεστῶτα.
1610 1783 1652 1845 Τύ
1664 1783 1708 1860 μὲν
1718 1784 1762 1865 γδρ
1771 1784 1827 1864 φύσιι

254 1880 303 1944 δοτ,
319 1879 377 1949 ἤτοι
391 1879 547 1950 ἡάντίθεσις
561 1888 680 1958 στοιχεῖα
690 1881 753 1939 ὄντα
766 1885 814 1952 τῆς
827 1881 922 1960 κυρίως
936 1879 1035 1954 οὐσίας,
1083 1879 1145 1939 ὄντα
1170 1875 1257 1935 πάντα
1272 1875 1392 1957 φαίνεται
1407 1871 1502 1954 ἔχοντα
1518 1875 1547 1934 la
1566 1875 1664 1940 ἑαυτοῖς
1683 1873 1757 1953 ἀρχὴν
1770 1871 1827 1942 aial·
1920 1873 1921 1876 ’

255 1965 323 2036 αὐτη
340 1967 368 2024 δι’
389 1970 491 2038 ἐστινὴ
511 1967 646 2044 σύνθετος,
663 1968 739 2028 οὐσία
754 1969 801 2045 μὲν
821 1971 879 2029 καθ’
894 1969 961 2028 αὐτύ
975 1968 1037 2027 ἑκά·
1084 1988 1148 2032 σεως
1169 1963 1214 2023 καλ
1229 1961 1362 2035 στάσεως,
1378 1960 1413 2021 τά
1439 1961 1486 2040 μὲν
1501 1962 1572 2022 κατά
1593 1961 1685 2035 τόπον,
1704 1960 1734 2020 sl
1752 1958 1773 2019 δθ
1785 1963 1828 2019 κατ’

255 2077 318 2134 τερα
333 2056 380 2114 οὐκ
399 2054 464 2112 εἰσίν
485 2053 546 2113 ἀλλ’
560 2053 673 2128 αὐσιόιδη
687 2055 780 2131 μόνον,
795 2055 840 2116 καλ
855 2055 967 2134 σώματα
989 2053 1037 2131 μὲν
1084 2051 1191 2124 αὐξησιν
1206 2051 1251 2110 καί
1271 2048 1422 2130 φθίσιν,τύ
1446 2048 1472 2107 δὲ
1490 2052 1552 2108 κατ’
1574 2049 1723 2110 ἀλλοίωσιν·
1734 2048 1794 2118 κλίνη
1809 2046 1827 2104 il

255 2145 302 2204 οὐκ
314 2143 380 2218 ἔστι,
391 2143 530 2220 σωματικὰ
542 2143 578 2216 δά,
593 2147 628 2212 ὡς
640 2145 708 2204 καὶὸ
723 2143 846 2222 Εὐδημσς
859 2148 935 2217 δηλοῖ
944 2167 1039 2220 σωμα-
1083 2141 1128 2198 καί
1142 2139 1247 2218 ίμάτιον
1262 2138 1308 2198 καί
1319 2139 1344 2197 εί
1357 2163 1382 2197 τι
1393 2144 1508 2198 τοιοῦτον
1522 2137 1590 2197 ἄλλο
1603 2137 1671 2215 γένος
1682 2137 1756 2210 lull»
1766 2127 1781 2212 l
1793 2135 1827 2212 pls

256 2233 342 2308 τοειδῆ
358 2233 446 2290 καλῶν
467 2231 515 2304 τὴν
529 2233 609 2305 ὐλην·
623 2233 779 2293 συνελθόντα
796 2233 823 2292 δὲ
845 2234 920 2294 οὐσία
934 2234 979 2292 καλ
993 2233 1038 2292 οὐ·
1084 2229 1212 2310 τετύχηκε
1223 2233 1269 2301 τῆς
1281 2227 1439 2307 κατηγορίας
1454 2225 1568 2299 ἑκάστης
1583 2227 1627 2286 καλ
1642 2230 1698 2286 καθ’
1713 2225 1764 2286 ὅσον
1776 2223 1828 2282 ἐστίν

256 2321 314 2386 σίας
339 2320 482 2380 ὐποδοτυιά
503 2322 575 2400 ἔστι,
599 2319 638 2381 διὸ
659 2321 793 2402 οὐδίτερσν
817 2321 875 2381 καθ’
896 2319 960 2380 αὐτὸ
979 2319 1039 2379 οὐτε
1084 2317 1137 2376 alal>
1151 2315 1253 2396 τέχνης,
1265 2313 1388 2391 οὐδεμίαν
1401 2311 1485 2392 ὁρμὴν
1501 2312 1558 2392 ἔχει
1574 2310 1715 2387 μεταύολῆς
1727 2311 1829 2394 ἔμφυτον,

255 2409 330 2471 οὐσία
346 2411 415 2470 ἐστὶν
435 2410 494 2472 οὔτε
509 2411 599 2480 οὐσίας
611 2411 753 2472 isodorus
774 2416 796 2490 ).
1083 2397 1101 2484 ᾗ
1117 2405 1144 2464 δὲ
1160 2403 1329 2481 confilium
1345 2402 1431 2468 αὐτοῖς
1444 2391 1510 2460 εἶναι
1524 2403 1629 2468 λιθίνοις
1644 2401 1660 2473 ἢ
1674 2396 1760 2480 aulana
1772 2398 1786 2469 θ
1798 2421 1829 2474 νε·

298 2522 331 2562 ¹7.
348 2499 481 2578 Ἡμμόνοι
498 2500 544 2579 μὲν
557 2490 601 2561 οὐν
617 2503 661 2562 καὶ
676 2501 759 2582 ἕτεροί
781 2499 846 2568 τινός
861 2503 925 2560 εἰσιν
941 2501 1038 2574 αὐτῆς,
1084 2501 1155 2561 κτοὶς
1178 2495 1207 2552 ἐκ
1226 2491 1339 2565 τούτων,
1353 2489 1410 2570 ἔχει
1425 2489 1469 2548 καί
1493 2489 1565 2550 κατὰ
1582 2495 1715 2566 τοσοῦτον,
1728 2492 1758 2555 ὣς
1773 2485 1831 2556 nitu<

256 2592 313 2649 ἀλλ’
329 2593 377 2668 οὐχ
387 2593 495 2657 tanaus.
511 2592 621 2670 Πρῶτοι
637 2590 747 2670 μὲνγὰρ
763 2590 932 2666 ὁμολογοῦσιν
948 2587 1038 2653 ἁπλῶς
1085 2585 1130 2653 τῆς
1144 2581 1244 2663 φύσεως
1264 2582 1348 2660 ἀρχῆς
1368 2602 1436 2646 τινος
1451 2577 1495 2636 καὶ
1517 2577 1605 2646 αἰτίαι
1618 2583 1663 2638 τοῦ
1681 2572 1832 2638 κινεῖσθαιτί
1889 2593 1890 2596 ’

254 2678 369 2757 γίνεσθαί
382 2702 408 2736 τι
420 2681 449 2738 ἐκ
462 2678 499 2756 μὴ
509 2679 581 2745 ὄντος
595 2670 613 2758 ᾗ
629 2677 798 2758 Παρμενίδην
808 2680 889 2759 ὀρθῶς
902 2677 995 2755 λέγειν.
1085 2673 1192 2751 ἠρεμεῖν
1205 2671 1231 2728 ἐν
1246 2660 1268 2750 ᾧ
1284 2668 1399 2748 ὑπάρχει
1414 2666 1526 2748 πρώτως
1540 2671 1599 2728 καθ’
1615 2667 1674 2728 αὐτὸ
1685 2667 1725 2726 καί
1738 2664 1770 2742 μθ
1781 2660 1831 2723 llil
1923 2659 1924 2670 i

297 2769 489 2848 (Aristoteles
503 2769 591 2845 Phys.
609 2765 663 2828 lib.
681 2765 695 2824 l
720 2787 783 2846 cap.
802 2787 902 2846 9pog.
922 2787 989 2845 191.
1005 2765 1036 2826 b.
1086 2757 1261 2836 συμόιύηιιότ·

258 2858 294 2915 35
310 2858 362 2934 qui
377 2858 441 2916 sine
453 2855 546 2916 dubio
560 2856 778 2930 Parmenidem,
795 2857 953 2916 Eleaticum
968 2855 1038 2935 phi·
1126 2847 1313 2926 [Aristoteles
1324 2845 1416 2924 Phys·
1429 2844 1483 2905 llb-
1500 2841 1528 2902 ll
1546 2865 1609 2923 ω1)·
1631 2865 1641 2901 ¹
1659 2862 1721 2922 pag.
1739 2862 1794 2917 19²·
1807 2838 1829 2896 b·

256 2943 430 3022 lomphnm,
457 2945 506 3004 hic
539 2959 689 3004 memorat.
723 2943 846 3005 Fallitur
869 2945 1040 3024 Simplicius
1087 2937 1167 3000 sed.
1184 2936 1306 2997 Bellica.
1320 2934 1494 3014 Simplicius
1518 2933 1573 2993 iol.
1591 2933 1628 2990 58
1646 2932 1684 2991 ὅτι
1699 2929 1728 2988 tl
1745 2932 1790 3007 ίῷα
1800 2925 1832 2986 sol

256 3035 386 3096 Platonis
410 3034 615 3093 Parmeniden
638 3035 762 3111 intelligi
781 3047 928 3108 statuens,
951 3053 1037 3111 quem
1086 3026 1154 3108 φυτθ
1171 3027 1201 3084 οὗ
1216 3024 1280 3084 καθὸ
1297 3026 1352 3104 ζῷα
1366 3022 1412 3082 καὶ
1427 3021 1496 3101 posi
1511 3019 1664 3102 παρελαύεν
1686 3021 1711 3076 lv
1729 3015 1833 3082 τούτοισί

255 3141 351 3186 tuanen
385 3123 518 3202 sequitur
555 3123 725 3182 Brundisins
758 3131 915 3183 comment.
946 3122 1037 3183 Eleat.
1086 3115 1264 3190 Ἀριστοτέλης
1276 3118 1310 3180 ὡς
1324 3111 1399 3194 φύσει
1418 3112 1499 3190 ὄντα,
1516 3113 1587 3171 ἀλλὰ
1599 3109 1662 3169 καθὸ
1672 3109 1714 3170 καὶ
1732 3105 1788 3165 αὐτὰ
1799 3127 1833 3185 φυ-

256 3237 285 3294 p.
306 3214 369 3272 138.
393 3213 560 3290 Simplicius
578 3213 627 3270 iol.
651 3212 700 3269 53.
717 3211 750 3271 b.
769 3211 864 3287 (coni.
881 3210 990 3270 Scholl.
1007 3212 1037 3269 in
1087 3203 1162 3278 σιιιά,
1177 3204 1253 3272 δηλοῖ
1266 3201 1311 3260 καί
1325 3199 1480 3278 Εὗδημοιὲν
1499 3203 1540 3281 τῷ
1559 3199 1656 3280 πρώτῳ
1669 3201 1718 3257 τῶν
1732 3197 1832 3256 Φυσικῶν
1855 3255 1856 3259 1

255 3305 344 3362 Arist.
358 3321 426 3379 pag.
443 3302 510 3367 343.
525 3300 556 3361 b.
573 3301 620 3360 ed.
638 3299 793 3377 Blandis.)
811 3299 856 3358 καλ
870 3301 939 3358 δοκεῖ
954 3302 1038 3357 ταῦτα
1085 3300 1149 3360 τάδε
1168 3297 1284 3380 γράφων·
1310 3323 1323 3350 ι
1338 3297 1395 3357 ἐπεί
1411 3295 1438 3356 δὲ
1456 3295 1568 3374 λέγομεν
1590 3293 1674 3356 πολλθι
1687 3295 1755 3374 φύσιι
1770 3282 1833 3348 εἶναι·

182 3429 188 3442 ·
256 3391 456 3464 ἀποτεινόμενος
478 3389 541 3467 πρὸς
570 3387 702 3448 Πλάτωνα
725 3387 826 3463 λέγειν·
847 3388 924 3454 αὐτὸς
941 3386 991 3466 γθιρ
1012 3390 1038 3446 ἐν
1085 3388 1131 3450 καί
1149 3387 1201 3468 γάρ
1223 3386 1304 3447 ίπττον
1327 3385 1373 3446 καί
1394 3385 1531 3466 ἄνθρωπον
1548 3385 1596 3445 καί
1613 3393 1666 3444 πᾶν
1686 3387 1744 3462 ζῷον
1757 3379 1795 3438 καί
1810 3376 1834 3434 τί

254 3478 363 3556 Τιμαίαν
379 3479 428 3556 (p.
444 3477 499 3556 ὐο)
510 3476 592 3554 λέγων
609 3475 690 3552 μηδὲν
705 3478 757 3533 τῶν
768 3474 848 3534 όντων
861 3473 977 3554 ἐνεργείᾳ
990 3475 1039 3546 τὴν
1085 3475 1185 3534 τούτων
1210 3473 1306 3553 μόρια,
1321 3472 1359 3532 ἔτι
1376 3473 1403 3534 δὲ
1425 3473 1514 3532 ἐλαίαν
1532 3472 1582 3532 καί
1604 3481 1656 3531 πᾶν
1672 3470 1745 3552 φυτδν
1758 3465 1796 3527 καί
1811 3463 1835 3522 sl

256 3565 321 3640 όλην
336 3537 418 3640 claua,
432 3565 441 3644 (
455 3567 481 3624 ίν
496 3555 534 3631 οἷς
548 3587 626 3644 φησιν
640 3562 682 3624 ότι
692 3566 746 3629 τοῖς
761 3561 853 3623 είδεσιν
869 3562 1037 3640 ὑποκείμενον
1087 3561 1166 3642 μόρια
1186 3562 1269 3620 αὐτῶν
1285 3562 1330 3620 καλ
1344 3563 1411 3620 πόαν
1435 3559 1564 3628 καθόλως
1586 3559 1618 3621 τύ
1638 3559 1759 3641 φυόμενα,
1772 3553 1802 3613 ότι
1815 3551 1834 3608 ll

255 3659 303 3717 οὐκ
329 3655 360 3716 θν
379 3653 421 3728 εἴη
447 3653 695 3735 παρεσκευασμένον
717 3641 763 3724 εὐ,
782 3651 851 3722 πλὴν
876 3651 1038 3734 άμσρφσνδν
1085 3653 1134 3728 γῆν
1148 3648 1193 3708 καί
1207 3654 1260 3724 πύρ
1275 3647 1320 3707 καί
1335 3647 1421 3707 πσλλδι
1435 3652 1487 3708 τῶν
1502 3647 1670 3729 ὐψύχων,τί
1686 3653 1745 3706 πᾶσι
1759 3639 1836 3742 τούτου

255 3747 361 3808 ἐκείνων
385 3747 479 3806 πασῶν
505 3745 556 3802 τῶν
577 3743 671 3814 ἰδεῶν,
690 3739 752 3807 όσας
772 3740 863 3818 με’λλει
884 3739 1039 3821 δέχεσθαι),
1086 3738 1215 3818 ὐπόρχει;
1235 3735 1270 3797 Ἡ
1288 3734 1407 3816 μὲνγὰρ
1430 3735 1552 3808 αίσθησις
1568 3735 1632 3804 ίδιός
1646 3737 1700 3795 ἐστι
1716 3737 1761 3793 τῶν
1780 3733 1834 3807 (qm

255 3833 406 3917 ἔφάψασθαί
426 3855 482 3900 πως
500 3834 572 3891 δοκεῖ
592 3831 638 3890 καλ
657 3835 704 3903 τῆς
722 3826 785 3902 ὐλης
807 3827 852 3888 καλ
872 3832 916 3900 τῆς
945 3831 1039 3908 στερή-
1086 3826 1131 3886 καί
1144 3823 1231 3884 πολλὰ
1244 3823 1340 3904 ἔτερα,
1355 3829 1371 3898 ἡ
1387 3824 1414 3886 il
1426 3823 1533 3897 αὔξησις
1546 3830 1601 3886 Ιτῶν
1614 3825 1739 3907 ζῳτικῶν·
1750 3819 1836 3878 κινεῖται

255 3945 335 3992 σεως·
354 3922 385 3982 τδ
399 3922 451 4002 γάρ
466 3920 581 4002 πεφυκὸς
596 3919 717 3998 δέχεσθαι
732 3916 778 3978 καί
795 3916 849 3994 μή,
866 3914 904 3994 μὴ
917 3917 978 3997 ἔχον
994 3915 1039 3994 δέ,
1087 3913 1115 3974 δὲ
1135 3913 1221 3972 πάντα
1238 3915 1274 3980 ὡς
1296 3916 1395 3973 εἰπεῖν·
1410 3913 1456 3974 καὶ
1471 3914 1522 3994 γὰρ
1537 3914 1615 3984 ξύλον
1637 3913 1681 3972 καί
1700 3907 1786 3992 pixis
1802 3899 1835 3960 *ll

254 4013 409 4089 ἐστερῆσθαι
428 4009 460 4068 ἂν
483 4008 586 4088 λέγοιτο
609 4007 726 4074 δικαίως.
752 4005 805 4067 Καὶ
827 4005 856 4064 τύ
872 4005 980 4083 δυνάμει
995 4005 1039 4065 καί
1087 4008 1139 4082 ττύρ
1154 4003 1200 4062 καὶ
1223 4003 1289 4070 όλως
1309 4011 1362 4062 πᾶν
1379 4005 1476 4080 σῶμα,
1495 4004 1546 4082 οὐχ
1561 4001 1658 4080 δμοίως
1672 4000 1699 4061 θλ
1711 3995 1787 4059 πόσαι
1801 3988 1836 4054 fl<

138 4117 142 4124 '
254 4098 372 4179 ἐνεργείᾳ
387 4095 431 4155 καί
444 4095 475 4156 τύ
490 4097 549 4156 καθ’
564 4095 626 4156 αὐτδ
642 4096 686 4156 καί
698 4093 767 4156 κατδ
783 4095 952 4172 συμύεόηκδς
967 4097 1038 4174 πρῶ·
1087 4091 1218 4168 κινήσεις,
1233 4083 1285 4153 οἷον
1298 4096 1312 4151 ό
1325 4091 1395 4159 λίθος
1408 4090 1557 4164 salmoim
1571 4091 1620 4152 ὅσα
1632 4089 1709 4171 βάρος
1722 4087 1783 4166 ἔχει,
1796 4079 1837 4138 ἅνω

258 4218 1825 4253 w*

288 4319 326 4368 td.
343 4317 468 4367 Proetoroa
485 4314 649 4365 substantiam
668 4327 719 4364 uon
735 4327 791 4365 casa
812 4316 959 4366 contrariom
979 4316 1040 4366 sub-
1087 4327 1136 4364 aon
1149 4317 1276 4375 constant,
1293 4313 1396 4364 (λίποιτε
1404 4312 1532 4364 viduatur.
1542 4315 1655 4378 Namque
1665 4323 1694 4361 οι
1707 4319 1758 4372 quae
1770 4303 1837 4352 νόθη

256 4401 356 4456 stantius
374 4399 489 4451 dicimus.
529 4401 585 4457 Quo
604 4400 676 4464 pacto
693 4398 768 4462 igitur
787 4399 924 4450 substantio
938 4413 971 4450 ox
992 4413 1041 4450 uon
1087 4405 1200 4454 onustant
1216 4403 1331 4453 amiversu
1344 4401 1369 4452 in
1384 4414 1411 4453 aa
1421 4401 1481 4466 ipsis
1492 4400 1641 4466 pinufium
1650 4401 1730 4450 motus
1740 4393 1836 4448 suiuus

255 4489 419 4551 substantiis,
431 4491 535 4539 autnon
549 4485 689 4538 substantia
701 4487 841 4540 substamia
853 4486 920 4552 prior
931 4488 1000 4539 orit?
1086 4491 1177 4557 partim
1198 4491 1251 4556 elus
1269 4490 1314 4556 qui
1325 4491 1380 4541 loco
1393 4490 1605 4552 accommodatur,
1618 4488 1705 4554 partim
1722 4471 1837 4534 ἰσοταοωύ

287 4581 326 4630 17.
341 4581 424 4642 tusam
438 4576 514 4641 igitur
525 4579 550 4627 ει
568 4575 611 4626 aiii
623 4575 742 4640 quidum,
755 4575 800 4626 sod
813 4588 862 4626 nou
876 4575 939 4626 satis
949 4574 1039 4640 tedge-
1086 4595 1116 4631 ao
1136 4579 1299 4641 domunculi,
1314 4579 1405 4644 partim
1417 4577 1564 4630 mutationis
1581 4577 1674 4628 habero
1694 4571 1803 4624 viduatur,
1816 4561 1839 4612 lt

254 4669 321 4722 ruat.
339 4666 452 4720 Primum
464 4664 529 4718 uiro
542 4677 574 4718 ax
588 4678 638 4716 non
653 4669 709 4717 antu
722 4664 868 4729 simpliciter
877 4663 971 4728 aliquid
987 4664 1042 4715 ficri
1087 4668 1188 4731 lectica,
1203 4668 1282 4719 vestis
1298 4669 1323 4719 ct
1340 4668 1360 4718 ai
1373 4667 1436 4734 quid
1447 4666 1514 4718 aliud
1526 4667 1582 4732 ejus
1589 4663 1685 4731 generis
1703 4663 1750 4718 ost,
1763 4661 1837 4716 siqu

256 4756 373 4821 faliantur,
385 4770 415 4808 oa
428 4755 524 4815 ratione
538 4768 589 4822 qua
601 4755 774 4807 Parmeniden
792 4758 859 4807 recto
871 4754 955 4807 dicato
971 4754 1035 4805 arbi·
1085 4772 1131 4810 aua
1145 4771 1251 4825 quoqne
1267 4758 1366 4810 uomina
1384 4760 1542 4823 repararunt,
1555 4757 1581 4808 ct
1597 4757 1717 4820 quotanus
1729 4749 1777 4798 arte
1788 4739 1838 4792 Γιτία

254 4849 360 4900 arsinoa.
519 4893 521 4898 .
1085 4851 1157 4910 sunt,
1171 4847 1265 4899 nuliam
1286 4845 1430 4898 mutatlonis
1446 4845 1619 4912 appetitionem
1638 4841 1733 4894 insitam
1750 4828 1836 4886 habui:

253 4937 266 4944 ''
288 4936 327 4987 ts.
342 4937 435 4986 Eorum
450 4947 510 4999 quo
523 4937 599 4995 aunt,
615 4933 665 4984 alia
680 4931 782 4999 quidam
798 4932 858 4983 sunt
874 4935 977 4994 nattam,
992 4931 1041 4983 alia
1084 4937 1209 5001 quatenus
1226 4951 1287 4988 vero
1301 4935 1392 4988 accidit
1405 4934 1453 4997 iis,
1466 4937 1496 4986 ut
1514 4933 1611 5000 lapidea
1630 4931 1679 4983 siut
1691 4927 1728 4980 vel
1747 4927 1837 4974 maana.

256 5035 317 5077 νσιυ
327 5024 361 5075 ob
374 5023 434 5075 altas
449 5035 545 5080 σιαεαε.
561 5025 655 5074 ustura
666 5021 767 5087 quidam
782 5023 842 5072 suut
856 5020 971 5072 aniiualia
982 5033 1039 5093 pap·
1083 5026 1125 5076 aal
1140 5039 1169 5077 ax
1186 5025 1226 5076 Ιιίι
1245 5025 1334 5088 mixta,
1355 5027 1457 5077 calaum
1476 5025 1559 5074 motus
1577 5020 1698 5087 quiausvo
1717 5005 1838 5080 principium

257 5113 345 5176 tesana
357 5123 442 5164 corum
459 5115 486 5164 at
504 5112 596 5178 plauto
610 5115 637 5162 ot
648 5109 772 5176 simplicio
788 5120 905 5176 corpora,
915 5111 945 5162 ut
957 5110 1039 5173 tona,
1086 5114 1194 5177 habant,
1207 5125 1286 5180 quum
1299 5117 1387 5166 natura
1399 5113 1547 5180 principium
1562 5111 1596 5163 stt
1607 5107 1729 5176 quoddam
1739 5102 1837 5154 etuas,

257 5197 335 5267 ignis,
348 5201 394 5250 adr
411 5205 437 5250 ot
455 5211 529 5263 aqua.
544 5203 605 5251 Ηωο
624 5200 690 5251 onim
710 5211 740 5251 ac
753 5199 813 5252 talia
831 5201 921 5251 natum
934 5197 1040 5250 dicimus
1084 5205 1113 5254 ut
1132 5203 1159 5254 td
1171 5206 1300 5255 moveatur
1314 5205 1390 5267 atqua
1405 5201 1518 5267 σαίοιοετ
1527 5199 1569 5266 ,iu
1585 5212 1636 5264 quo
1653 5196 1729 5262 nriuu
1741 5200 1779 5254 Ν
1788 5195 1810 5233 ⁸⁰
1818 5177 1837 5228 θ

257 5299 324 5343 κο.
337 5288 426 5340 omnia
441 5293 525 5341 autom
536 5289 594 5356 duo
605 5289 672 5342 dicta
685 5293 745 5343 suut
758 5289 790 5343 ab
801 5291 863 5354 iliis,
879 5305 935 5357 quo
951 5293 1039 5344 uotum
1084 5305 1133 5344 nou
1146 5303 1191 5358 por
1204 5291 1318 5344 occiduus
1332 5290 1404 5344 inest
