3934 5956
240 410 300 470 θθθ
854 399 1064 464 ANDRONICI
1087 399 1223 462 anoni}

241 539 287 599 καί
313 539 429 618 μοίλιστα
446 539 480 598 τίι
506 537 559 597 αἰπδ
574 541 620 610 τῆς
643 535 751 618 ἀρίστης
776 535 861 604 αἰτίας
876 534 1016 614 γινόμενα,
1066 541 1203 592 absurdum
1214 539 1298 592 fuerit.
1314 539 1388 598 Quod
1405 540 1488 605 ipsum
1502 539 1545 592 rel
1562 553 1593 590 ex
1610 540 1739 604 superlore
1751 538 1841 594 felicita

239 627 374 702 ῆτιςίστίν
390 633 407 700 ἡ
423 629 514 709 ἀρετή.
530 627 631 693 Ἄλλως
644 650 673 686 τε
688 627 850 705 τδμύγιστον
862 625 959 704 ἀγαθὸν
973 623 1019 684 καλ
1065 631 1100 682 tis
1118 629 1260 682 delinitione
1280 629 1446 694 intelligitur:
1467 629 1578 680 diximus
1598 629 1665 680 enim
1686 641 1744 679 esse
1762 629 1852 680 bonm-

239 720 382 779 καίλλιστον
400 716 447 787 τῆν
467 715 638 793 εὐδαιμονίαν
654 714 794 794 ἐπιτρίψαι
811 719 845 796 τῇ
865 715 944 794 τύχῃ,
959 713 1017 773 λίαν
1065 717 1207 766 tumauimi
1220 720 1305 766 sutum
1317 716 1344 766 in
1359 717 1412 768 rita
1431 715 1549 781 perlecta
1576 717 1681 782 Reliqua
1691 731 1754 770 reru
1770 719 1848 769 hom·

238 805 393 885 πλημμελίς
408 805 439 864 δν
455 805 506 879 είη.
518 807 604 866 Τοῦτο
621 803 648 863 δί
667 805 776 885 φανερόν
793 807 851 865 ἰστι
864 804 910 863 καλ
928 806 958 864 tx
972 807 1018 860 τοῦ
1066 818 1124 856 oum
1136 819 1268 871 corporea,
1289 819 1346 871 qun
1368 805 1447 869 ipsius
1468 808 1527 855 sunt
1542 806 1667 870 corporis,
1684 811 1741 858 tum
1760 812 1854 859 ualere

239 896 377 977 τίρημίνσυ
406 898 453 968 τῆς
485 894 652 972 εὐδαιμονίας
684 897 804 972 θρισμού·
840 893 941 971 είρηται
968 889 1020 970 γὰρ
1066 909 1124 960 quur
1135 895 1167 946 ed
1186 908 1276 960 eorpus
1295 893 1445 952 referuntur.
1466 893 1558 958 partim
1575 894 1607 945 nd
1627 894 1775 948 felicitatem
1796 903 1855 948 sunt

238 988 325 1066 ψυχῆς
349 981 466 1064 ἰνίργεια
490 987 550 1042 κατ’
572 981 666 1061 ἀρετὴν
684 984 710 1040 ἐν
728 981 777 1061 βίῳ
795 979 901 1062 τελείῳ.
926 979 971 1042 Τθ
993 977 1020 1037 δί
1066 985 1204 1036 αοσαεεοτία
1214 1024 1219 1042 ,
1230 984 1321 1049 purtim
1332 987 1451 1048 tanquam
1466 982 1631 1033 instrumento
1641 983 1674 1034 ad
1689 998 1747 1034 eam
1765 1000 1796 1038 se
1814 987 1856 1038 ln·

238 1073 317 1134 λαιπθ
330 1071 433 1152 ᾷγαθύ,
450 1070 483 1131 τύ
498 1095 528 1131 τε
549 1069 708 1148 σωματικά,
726 1072 805 1128 αὐτοῦ
822 1074 869 1128 τοῦ
882 1067 1018 1146 σώματος,
1066 1072 1135 1124 beat.
1160 1075 1193 1122 lit
1215 1071 1354 1124 necessaria
1368 1071 1469 1136 quidem
1491 1073 1550 1121 suni
1565 1071 1637 1121 rerbi
1659 1085 1737 1122 eausa
1759 1075 1856 1124 sanitas

238 1162 285 1222 καί
309 1160 343 1220 τὰ
363 1161 425 1241 πιρί
444 1160 474 1220 τὸ
498 1163 594 1236 σῶμα,
610 1157 643 1218 τθι
659 1157 706 1237 μὲν
730 1158 862 1237 ιίναγκαῖα
886 1155 951 1238 πρὸς
971 1157 1020 1230 τὴν
1066 1161 1190 1226 corporis,
1205 1175 1285 1226 eaque
1302 1159 1404 1226 ιγιιωαθ
1420 1161 1499 1210 vitam
1516 1159 1690 1211 sustinendam
1712 1161 1811 1220 valent,
1832 1167 1857 1212 et

238 1249 423 1327 εὐδαιμονίαν,
437 1247 472 1308 τίι
485 1248 512 1306 δί
527 1246 647 1328 καθάπερ
662 1246 762 1328 ὄργανά
775 1247 826 1305 εἰσι
840 1246 905 1326 πρδς
924 1245 1017 1318 αὐτήν.
1066 1249 1170 1308 similia,
1186 1249 1239 1300 sine
1248 1249 1341 1314 quibus
1357 1247 1441 1313 perlici
1461 1261 1508 1298 uon
1521 1250 1603 1312 potest
1618 1245 1745 1299 felicitas:
1758 1249 1857 1300 instru-

239 1342 384 1420 Ἀναγκαῑα
402 1335 466 1416 μίν,
480 1329 533 1397 οἷον
553 1335 640 1416 ύγίεια
662 1336 799 1413 σώματος,
817 1336 864 1396 καί
878 1339 946 1408 ζωῆς
961 1334 1021 1393 irti-
1066 1347 1230 1404 mentorem,
1247 1347 1275 1395 ut
1286 1359 1346 1410 opes
1358 1347 1383 1395 et
1394 1345 1474 1395 amici.
1490 1343 1585 1402 Quodsi
1599 1343 1728 1397 hmcrera
1741 1351 1785 1398 est
1802 1345 1857 1398 isli·

238 1453 329 1506 τασις,
345 1427 390 1488 καλ
405 1426 428 1488 τ’
450 1427 535 1500 ύλλα,
551 1417 586 1485 ὧν
607 1424 688 1507 χωρλς
709 1428 756 1484 οὐκ
775 1423 830 1484 ἔστι
850 1425 1021 1496 τελειωθῆναι
1066 1433 1149 1486 citatis
1161 1433 1280 1494 delinitio,
1300 1433 1426 1498 quomodo
1437 1447 1512 1484 causa
1526 1434 1579 1497 ejus
1595 1436 1724 1485 statuatur
1733 1434 1858 1486 senuaar

237 1519 285 1592 τῆν
302 1515 477 1594 εὐδαιμονίαν·
501 1514 599 1596 ὄργανα
623 1515 665 1588 δι’,
680 1511 770 1594 ὥσπερ
789 1515 900 1580 πλοῦτος
917 1513 963 1573 καλ
977 1511 1019 1594 pt·
1066 1523 1148 1576 Animi
1161 1523 1227 1574 enim
1238 1523 1349 1574 muneris
1363 1521 1458 1572 tametio
1474 1521 1599 1572 aiortuna
1614 1537 1663 1572 non
1675 1525 1855 1587 molieisoitur.

238 1611 287 1667 λοι.
304 1608 339 1668 Ei
348 1604 434 1665 τοίνυν
451 1595 525 1671 αὐτός
539 1605 609 1662 ἰστιν
624 1605 638 1660 ὁ
654 1603 760 1682 θρισμθς
779 1605 825 1673 τῆς
840 1599 1021 1680 εὐδαιμονίας,
1067 1612 1133 1662 lluio
1147 1625 1207 1664 vero
1222 1610 1360 1662 definitioni
1375 1611 1452 1662 eliam
1472 1611 1567 1676 reliqua
1589 1615 1755 1664 consentanea
1780 1617 1855 1671 sarni,

238 1700 294 1763 πῶς
308 1695 339 1754 ἂν
355 1695 443 1753 αἰτίαν
459 1693 514 1774 ίχοι
525 1692 572 1764 τῆν
586 1689 685 1771 τύχην;
700 1691 777 1770 ήγθρ
790 1689 890 1772 ψυχικὴ
905 1690 1021 1771 ἰνίργεια
1066 1713 1124 1766 quus
1130 1701 1162 1753 de
1171 1700 1310 1766 prudentias
1322 1699 1403 1750 civilis
1411 1701 1459 1750 line
1468 1713 1542 1765 supra
1551 1700 1742 1764 disputavimus.
1755 1703 1858 1767 Quippe

237 1788 284 1844 οὐκ
297 1781 349 1840 θπθ
363 1781 454 1861 τύχης.
472 1779 567 1860 Τούτῳ
582 1779 614 1852 δὴ
624 1783 661 1858 τῷ
674 1781 775 1859 ὁρισμῷ
789 1779 834 1838 καλ
847 1779 881 1836 τὰ
896 1779 1021 1858 εἰρημένα
1066 1789 1141 1841 linem
1151 1791 1206 1855 ejus
1218 1789 1244 1840 id
1255 1787 1323 1855 quod
1336 1788 1457 1854 optimum
1470 1792 1520 1848 est,
1533 1802 1588 1839 esse
1601 1787 1723 1848 diximus.
1741 1790 1858 1855 ideoque

238 1871 299 1950 πιρλ
315 1874 360 1928 τοῦ
374 1869 464 1937 τύλους
478 1873 524 1940 τῆς
538 1869 674 1940 πολιτικῆς
699 1868 839 1926 ἀκόλουθα.
854 1867 893 1926 Τθ
908 1867 959 1946 γὰρ
975 1872 1021 1938 τῆς
1065 1879 1092 1929 lu
1109 1893 1139 1930 ea
1157 1879 1292 1930 humanam
1306 1877 1450 1930 felicitatem
1464 1878 1606 1930 consistere.
1620 1879 1709 1930 -llerito
1725 1891 1786 1942 ergo
1805 1891 1859 1930 neo

238 1961 377 2030 πολιτικῆς
398 1957 471 2024 τίλος
489 1959 520 2016 τθ
542 1956 649 2036 ἄριστον
672 1955 795 2035 ἰλίγομεν
814 1945 897 2030 εἷναί,
913 1956 959 2015 καλ
978 1955 1020 2014 διὰ
1066 1981 1173 2034 equum,
1187 1981 1242 2019 neo
1267 1967 1371 2027 hovem,
1391 1981 1437 2018 nec
1457 1967 1526 2018 aliud
1540 1969 1621 2020 simile
1637 1967 1724 2019 nimai
1741 1967 1857 2019 beatum

239 2055 315 2108 τοῦτο
328 2049 355 2105 ἐν
370 2047 436 2126 αὐτῇ
450 2036 577 2118 εἶναιτὴν
590 2044 755 2124 ἀνθρωπίνην
773 2043 955 2122 εὐδαιμονίαν.
970 2047 1022 2106 Εἰ·
1067 2056 1221 2122 appellamus
1236 2075 1243 2106 r
1256 2055 1317 2121 quio
1329 2055 1464 2106 innulium
1475 2069 1562 2106 eorum
1579 2055 1720 2121 hujumodi
1738 2056 1858 2107 muneris

238 2135 320 2202 κύτιυς
337 2125 382 2194 οὐν
397 2133 456 2193 οὐτε
469 2132 570 2210 ἵππον,
592 2131 652 2192 οὐτε
674 2137 753 2211 βοῦν,
771 2131 831 2193 οὐτε
850 2133 917 2194 ἄλλο
927 2157 954 2193 τι
968 2137 1020 2194 τῶν
1066 2143 1162 2196 functio
1173 2145 1249 2196 audit.
1265 2147 1302 2196 Ea
1315 2147 1400 2196 autem
1411 2144 1443 2196 de
1461 2157 1536 2196 causa
1551 2159 1597 2196 neo
1613 2159 1676 2210 puer
1690 2145 1784 2196 beatum
1796 2149 1855 2196 est:

239 2223 313 2308 ζῴων
341 2223 465 2301 εὔδαιμον
491 2222 611 2301 λε’γομεν·
636 2222 708 2284 οὐδίν
734 2222 784 2304 γύρ
808 2225 895 2284 αὐτῶν
919 2215 972 2282 οἶόν
992 2246 1021 2283 τε
1065 2231 1253 2284 nondumenim
1267 2235 1422 2298 peroetatem
1432 2233 1525 2283 talibus
1534 2233 1672 2284 actionibus
1683 2233 1857 2284 θθοαειιεσεεσ

238 2317 398 2387 κοινωνῆσαι
420 2311 543 2383 τοιαύτης
567 2311 709 2392 ἐνεργείας.
734 2313 784 2374 dri
811 2313 908 2386 ταύτην
929 2311 957 2372 δί
973 2311 1021 2385 τῆν
1066 2324 1156 2387 potest.
1182 2321 1263 2388 Siqui
1277 2335 1337 2373 vero
1349 2321 1415 2372 inter
1431 2335 1521 2386 pueros
1532 2322 1600 2374 beati
1609 2323 1737 2382 dicuntur,
1752 2325 1857 2388 propter

240 2403 326 2462 αἰτίαν
341 2401 401 2461 οὐδὲ
416 2408 478 2468 παῖς
489 2399 619 2478 εὐδαίμων
635 2400 714 2462 ίστίν·
727 2400 801 2462 ούπω
815 2403 865 2483 γδιρ
879 2402 1022 2485 πρακτικὸς
1066 2411 1156 2461 bonam
1169 2424 1245 2476 spem,
1259 2409 1381 2476 quamde
1396 2409 1428 2461 lis
1445 2411 1617 2476 wneepimus,
1633 2411 1670 2462 ita
1683 2411 1856 2464 nominantur.

238 2495 291 2558 τῶν
305 2489 429 2551 τοιούτων
442 2491 485 2550 διὰ
497 2489 546 2562 τὴν
558 2491 676 2562 ἠλικίαν.
692 2491 727 2552 οί
743 2491 770 2550 δί
783 2493 920 2572 λεγόμενοι
936 2491 1022 2552 εὐδαί·
1066 2501 1165 2551 Etenim
1183 2503 1209 2552 et
1227 2499 1334 2559 virtute,
1357 2501 1388 2550 ut
1404 2499 1528 2560 minna.
1551 2503 1577 2552 et
1588 2501 1641 2552 rita
1654 2514 1719 2566 opus
1739 2504 1783 2553 est
1800 2513 1858 2566 per·

241 2603 318 2660 μονις
332 2582 424 2648 παῖδας
440 2581 484 2641 td
499 2581 548 2653 τῆν
563 2581 657 2641 linita
675 2583 879 2661 μακαρίζονται.
895 2587 942 2646 Δεῖ
956 2584 1020 2664 γάρ,
1066 2587 1138 2641 iectu.

239 2673 275 2736 ὣς
288 2669 415 2748 είπομεν,
428 2669 473 2728 καὶ
486 2672 581 2748 ἀρετῆς
595 2670 641 2729 καλ
658 2670 715 2749 βίου
728 2669 839 2731 τελείου.
1097 2674 1184 2727 llulteo
1206 2676 1272 2726 enim
1291 2675 1319 2726 in
1333 2675 1385 2726 rita
1404 2689 1489 2727 rerum
1508 2675 1717 2728 eommutaliones
1737 2676 1857 2742 variique

283 2755 296 2784 *
309 2756 469 2837 ΙΙολλαλγίιρ
481 2756 932 2838 μεταύολαλγίνονταικαλπαντοῖαι
941 2761 1020 2841 τύχαι
1066 2777 1139 2814 meus
1149 2763 1332 2828 interveniuni;
1346 2763 1450 2830 fierique
1461 2767 1551 2830 potest,
1564 2767 1594 2816 ut
1606 2765 1653 2832 qui
1666 2779 1734 2816 nunc
1744 2764 1858 2816 fufium

240 2844 309 2910 κατίι
324 2845 368 2904 τθν
381 2845 453 2924 βίον,
464 2843 511 2902 καλ
526 2846 660 2928 ἐνδέχεται
674 2849 719 2907 τδν
731 2849 850 2926 μάλιστα
863 2851 1021 2922 ιύθηνούντα
1066 2851 1178 2903 tissimus
1195 2851 1243 2912 sit,
1258 2853 1281 2903 ls
1298 2865 1374 2903 seam
1389 2853 1415 2902 in
1433 2853 1556 2903 maximas
1573 2853 1730 2905 calamitates
1745 2857 1773 2904 et
1786 2854 1854 2904 mala

240 2933 370 3011 μεγάλαις
384 2941 530 3013 συμφοραῖς
550 2939 701 3016 περιπεσεῖν
716 2937 760 2996 tari
775 2937 880 3018 γήρως,
899 2939 1021 3018 καθάπερ
1066 2940 1173 3000 ἰασὶιίιιθ,
1188 2940 1272 3005 qualia
1289 2940 1317 2992 ln
1334 2941 1440 2992 heroicis
1457 2941 1608 2994 earminibm
1625 2943 1658 2994 do
1677 2943 1779 2994 Priamo
1807 2947 1858 2994 tra·

240 3025 266 3082 ίν
290 3030 344 3090 τοῖς
368 3027 492 3103 ῆρωῑκοῖς
512 3024 573 3105 περί
598 3025 722 3106 Πριιίμου
748 3025 897 3102 μυθεύεται·
924 3027 968 3086 τὸν
992 3025 1019 3086 δί
1065 3029 1130 3080 dunt
1142 3031 1229 3094 poetae.
1245 3029 1294 3080 Sed
1304 3030 1349 3096 qui
1366 3031 1428 3081 iales
1437 3043 1510 3081 casus
1524 3028 1601 3082 fuerit
1616 3035 1737 3096 expertus
1754 3032 1857 3083 misae·

240 3110 375 3181 rouddrud<
384 3113 552 3192 χρησάμενον
563 3113 656 3196 τύχαις
667 3116 712 3176 καλ
722 3116 917 3189 τελευτήσαντα
927 3115 1022 3183 ἀθλίως
1066 3131 1116 3184 que
1134 3131 1165 3169 οἱ
1177 3117 1230 3169 vita
1242 3117 1340 3178 abierit.
1354 3132 1413 3170 eum
1426 3117 1537 3184 profecto
1557 3133 1629 3171 uento
1642 3120 1747 3172 beatum
1763 3121 1856 3185 pradi-

240 3193 323 3268 οὐδείς
338 3201 523 3278 εὐδαιμονίζοι.
1067 3204 1115 3254 cat.

282 3290 410 3371 (Scripsi
424 3307 431 3352 ζ
449 3290 634 3374 τελιιοτίραν]
648 3293 716 3354 cod.
732 3293 928 3375 τελειωτίραν.)

566 3471 635 3549 KQ,
659 3467 701 3538 ιζ’,
1383 3481 1442 3548 (lap.
1460 3484 1538 3535 xvll.

456 3642 486 3691 Εί
496 3641 536 3691 δεῖ
546 3642 638 3699 ζῶντας
649 3643 800 3710 μακαρίζειν.
1241 3647 1299 3694 lium
1309 3648 1386 3696 ielloes
1396 3651 1516 3706 Judteandr
1525 3652 1573 3700 tini
1582 3654 1695 3700 virentes.

281 3787 307 3816 ⁴*
322 3788 437 3871 Πότερον
448 3781 492 3850 οὐν
506 3791 563 3850 οὐδ’
573 3791 651 3852 ἄλλον
665 3791 757 3854 οὐδίνα
769 3795 912 3876 ἀνθρώπων
929 3799 1020 3859 εὐδαι-
1097 3817 1206 3868 Nemone
1222 3817 1299 3883 igitur
1309 3819 1374 3870 alius
1385 3822 1543 3883 mortalium.
1565 3838 1642 3888 quem
1657 3825 1704 3876 diu
1715 3827 1782 3880 ririt
1793 3827 1851 3880 felir

239 3878 351 3958 μονίζειν
366 3879 435 3950 ἄξιον
453 3880 499 3948 ἕως
513 3881 543 3940 dv
560 3883 608 3960 ζῇ,
621 3882 690 3942 ἀλλὰ
703 3883 788 3966 χρεὼν
801 3884 832 3944 τὸ
849 3887 922 3955 τύλος
943 3889 1019 3968 θρᾷν,
1063 3905 1213 3972 judIeandus
1224 3911 1276 3972 est,
1292 3910 1337 3960 sed
1354 3910 1421 3971 finis,
1442 3914 1471 3962 ut
1490 3913 1589 3964 volebat
1599 3915 1673 3965 Solon
1688 3918 1795 3982 spectari
1807 3920 1851 3970 de-

240 3969 309 4026 καθοὶ
324 3992 389 4048 φησι
404 3969 513 4046 Σόλων,
528 3971 574 4030 καλ
594 3973 616 4031 εἰ
631 3977 708 4033 τοῦτο
723 3975 853 4052 θήσομεν,
876 3973 951 4036 ίσται
969 3977 1020 4060 ἄρα
1065 3996 1125 4048 het?
1147 3997 1242 4056 Quodsi
1263 4013 1352 4050 verum
1372 4015 1426 4052 esse
1445 4015 1580 4066 ponamus,
1601 4009 1722 4069 sequetur
1741 4007 1850 4072 aliquem

238 4077 277 4119 τις
293 4053 426 4132 εὐδαίμων
443 4059 521 4136 τότε,
545 4060 651 4119 ίιιειδθιν
674 4063 808 4146 ἀποθάνῃ,
830 4063 869 4126 Ἣ
894 4067 972 4128 τούτύ
990 4094 1020 4150 γε
1065 4090 1121 4152 ραι
1135 4091 1241 4140 morum
1257 4087 1354 4141 induem
1370 4090 1440 4142 fore?
1454 4107 1486 4142 nn
1501 4097 1587 4144 oontm
1599 4085 1849 4158 prorsusisunnuun

239 4144 374 4210 παντελῶς
399 4143 513 4218 ἄτοπον,
538 4149 565 4205 ἐν
588 4151 626 4229 τῷ
647 4152 769 4212 τεθνάναι
787 4153 835 4225 τῆν
852 4157 1019 4236 εὐδαιμονίαν
1065 4178 1118 4237 est,
1130 4176 1155 4226 in
1171 4181 1253 4228 morte
1269 4178 1415 4230 felicitatem
1432 4183 1541 4245 poneret
1550 4183 1689 4247 prasertim
1701 4177 1848 4249 &numidi-

238 4227 348 4300 λαύτῑν;
366 4228 451 4298 οίλλως
466 4257 496 4292 τε
516 4233 561 4294 κοιλ
575 4234 614 4294 δτι
628 4244 645 4311 ἡ
660 4239 813 4316 εὐδαιμονία
837 4241 864 4300 ίν
878 4267 929 4305 τινι
944 4250 1015 4328 turp·
1064 4263 1127 4316 nitas
1136 4264 1163 4315 in
1175 4262 1302 4318 iunctione
1315 4267 1424 4332 quadarn
1438 4270 1550 4321 muneris
1561 4270 1690 4323 musisiat.
1703 4273 1769 4324 ilino
1783 4277 1848 4340 petet

238 4313 298 4398 γείρ
312 4315 392 4424 ἐστίν.
411 4317 463 4378 Ἐκ
484 4319 578 4380 τούτου
599 4323 627 4382 δὲ
643 4324 763 4404 φαίνεται
778 4332 878 4406 μᾶλλον
896 4336 923 4394 ἐν
939 4337 1020 4423 ἀργία
1064 4349 1096 4402 de
1115 4351 1164 4403 isia
1186 4355 1307 4405 sententia
1321 4355 1389 4406 illurn
1408 4357 1493 4422 potius
1513 4357 1539 4408 in
1550 4362 1670 4424 perpetuo
1684 4360 1737 4412 otio
1756 4365 1783 4413 et
1795 4375 1847 4426 seg·

239 4405 363 4464 noerellus
377 4395 455 4466 είναι.
1065 4439 1235 4492 nitieversari.
1343 4483 1345 4488 -

279 4491 319 4519 ***
333 4493 453 4572 Δίγσμεν
468 4494 510 4568 δί,
531 4494 570 4556 ὅτι
585 4497 646 4558 οὐτε
669 4504 744 4577 ἡμεῖς
759 4503 818 4566 ούτε
842 4509 961 4571 ύΣύλων
975 4515 1019 4576 τὸν
1094 4528 1207 4580 Dicimus
1215 4543 1285 4594 ergo,
1300 4543 1381 4596 neque
1396 4545 1441 4583 nos
1452 4547 1533 4599 neque
1547 4535 1662 4588 Solonem
1679 4535 1775 4588 ideireo
1791 4537 1848 4590 hes·

238 4585 366 4642 τιθντῶτα
391 4584 530 4665 μακαρίζει
551 4586 594 4646 διὰ
614 4589 645 4648 τδ
664 4591 797 4672 τεθνάναι,
816 4597 877 4657 ἀλλ’
887 4597 927 4658 dtr
939 4603 1019 4686 μέχρι
1066 4619 1121 4667 turn
1132 4616 1245 4682 judicare
1256 4622 1396 4680 mortuum.
1412 4621 1472 4686 quia
1494 4623 1528 4674 sit
1542 4629 1670 4684 mortuus.
1688 4625 1733 4677 sed
1746 4627 1806 4692 quis
1818 4627 1847 4676 ad

238 4675 335 4742 παντὸς
348 4679 362 4735 θ
373 4675 427 4756 βίος
439 4679 511 4758 αὐτῷ
522 4679 649 4762 μακάριος
659 4672 702 4757 ῆν,
718 4683 764 4744 καί
776 4687 815 4746 ὅτι
830 4699 972 4762 τηνικαῦτα
988 4695 1018 4755 ἄν
1064 4703 1139 4755 linem
1150 4719 1231 4771 usque
1243 4707 1335 4758 vixerit
1346 4708 1432 4770 beate,
1449 4713 1505 4762 turn
1515 4725 1576 4763 vero
1591 4726 1663 4778 posse
1677 4715 1736 4764 tuto
1751 4714 1846 4766 teliouu

237 4787 276 4831 τις
291 4767 413 4870 ιίαραλῶς
421 4767 591 4848 μακαρίσειεν
603 4771 754 4853 ἄνθρωπον,
766 4778 802 4844 ὡς
817 4779 889 4847 ἐκτὸς
901 4781 953 4856 ἤδη
966 4789 1018 4844 τῶν
1063 4793 1194 4858 predicari
1203 4795 1325 4862 adquam,
1336 4801 1366 4848 ut
1373 4799 1426 4863 iarn
1435 4803 1506 4851 extra
1514 4801 1624 4852 omnium
1635 4801 1761 4854 malorum
1773 4807 1844 4868 atque

239 4875 328 4912 κακων
339 4853 401 4915 ύντα
411 4855 456 4916 καί
467 4857 688 4939 δυστυχημάτων.
707 4863 794 4924 Πάλιν
805 4866 832 4925 δὲ
842 4869 889 4927 οὐκ
902 4871 1018 4950 ἀρκοῦσα
1063 4882 1256 4938 infortuniorum
1264 4887 1397 4939 discrimen
1406 4889 1523 4954 positum.
1537 4893 1632 4942 Rursus
1640 4894 1725 4943 tamen
1738 4893 1794 4945 hare
1806 4905 1843 4943 so·

238 4944 255 5012 ῆ
271 4941 344 5011 λύσις
354 4945 435 5005 δοκεῖ.
452 4943 560 5028 Ἄπορία
573 4951 625 5030 γάρ
637 4953 708 5012 ἔστιν
719 4953 774 5026 dre,
789 4957 812 5015 εἰ
827 4957 938 5037 λε’γομεν
953 4953 1019 5022 εἷναί
1062 4971 1126 5022 lulio
1139 4987 1188 5024 non
1202 4974 1302 5026 videtur
1312 4974 1435 5028 sufficere.
1448 4977 1537 5028 Adhuc
1552 4979 1617 5030 enim
1628 4979 1743 5032 dubitari
1753 4983 1839 5047 potest,

238 5035 316 5110 τιτῷ
331 5037 451 5093 τεθνεῶτι
466 5036 512 5096 καλ
527 5039 609 5098 κακόν
623 5063 648 5098 τι
663 5041 709 5100 καλ
724 5043 842 5122 ἀγαθόν,
858 5047 905 5106 καλ
920 5051 1014 5109 αἰσθα-
1063 5074 1095 5111 an
1108 5061 1204 5126 aliquid
1215 5063 1257 5115 vel
1271 5064 1366 5115 malum
1383 5068 1481 5116 mortuo
1492 5069 1608 5130 putemus
1621 5081 1677 5120 esse
1689 5069 1732 5121 rel
1744 5070 1838 5128 buum

243 5171 1830 5224 Ἂῇ--ῌ

270 5247 284 5276 ⁴²
298 5247 391 5298 Πολλαί
399 5250 447 5319 γὰρ
460 5257 593 5317 μεταθολαί
604 5260 658 5310 κτλ.
673 5285 706 5300 -·
719 5261 750 5294 *⁴¹
762 5263 822 5330 (lup.
836 5267 873 5318 lu.
890 5267 995 5335 πότερον
1010 5271 1052 5322 οὖν
1066 5272 1116 5324 οὐδ’
1130 5275 1202 5327 ἄλλον
1215 5278 1270 5329 ιιτλ.
1280 5301 1312 5318 ·-
1323 5277 1371 5311 *⁴⁴¹
1386 5279 1416 5329 ul
1425 5279 1452 5330 θλ
1464 5281 1497 5345 μὴ
1507 5258 1608 5348 lipom
1622 5283 1675 5334 κτλ·
