3934 5956
456 477 686 540 ETHlGOllUM
706 476 1044 541 mconnciiuouuni
1065 476 1354 539 Paulinulsis.
1649 488 1708 549 329

100 614 156 672 ιιόν·
171 613 203 671 τό
217 612 246 670 δι’
259 619 321 682 πη“
340 608 419 686 λόγου
437 607 565 690 μετόχον,
577 611 608 670 τό
626 609 735 686 θυμικόν
757 610 803 670 καλ
822 611 879 670 ἐπι·
927 619 979 683 tur,
993 621 1117 684 quatenus
1138 617 1162 667 el
1180 617 1335 682 obtemperat
1356 619 1383 668 et
1402 633 1496 670 morem
1517 623 1588 684 gerit.
1611 626 1707 678 nationi

99 699 252 776 θυμητιιιόν·
268 703 345 757 τοῦτο
355 697 406 779 γλρ
426 701 545 756 κοινωνεῖ
563 697 659 777 λόγου,
680 699 739 758 καθ’
753 698 813 759 όσον
828 721 881 758 οια-
927 709 1011 756 autem
1024 705 1206 771 quodammodo
1216 719 1303 770 parere
1315 706 1390 756 animi
1400 711 1497 772 partem
1510 709 1612 761 rationis
1618 726 1707 777 exper-

99 787 195 861 τήκοόν
211 791 281 847 ἐστιν
296 788 376 846 αὐτοῦ
387 785 433 845 aul
447 786 629 867 πτιθαρχιοιόν.
646 783 708 848 Ὀτι
723 787 749 846 dl
766 785 884 847 πείθεταθ
928 797 979 846 tem
990 793 1031 844 ael
1043 808 1074 846 ex
1087 794 1153 844 omui
1168 793 1348 854 admonitione,
1368 794 1541 848 adhortatione
1556 801 1581 848 et
1594 800 1710 864 objurga-

100 903 156 947 πως
175 879 227 938 όπθ
247 876 325 954 λόγου
346 876 377 936 τὸ
402 875 514 954 ἄλογον,
529 874 641 957 φανερόν
665 875 717 936 aot
727 879 779 935 τῶν
795 880 881 935 νουθε-
929 881 995 934 θοντο
1008 886 1122 948 apparet,
1143 882 1203 948 quia
1216 882 1256 934 his
1274 883 1349 933 multi
1368 884 1506 936 animorum
1522 889 1606 938 motus
1617 888 1710 940 rationo

100 972 179 1041 σιῶν,
193 967 239 1027 καλ
256 969 310 1025 τῶν
322 963 535 1045 παρακλήσεων,
553 965 600 1024 καὶ
620 963 806 1043 ἐπιτιμήσεων·
831 963 884 1024 ἀπὸ
929 973 1040 1022 carentes
1050 969 1176 1022 sedantur.
1191 971 1330 1036 Dupliciter
1342 975 1426 1023 aulem
1436 973 1529 1024 dicitur
1541 975 1643 1026 rationis
1658 991 1712 1028 esso

103 1055 204 1117 τούτων
218 1055 271 1136 γὰρ
292 1053 389 1114 πολλαλ
408 1057 460 1112 τῶν
482 1053 584 1132 ἀλόγων
601 1053 729 1126 κινήσεων
745 1051 882 1134 ῥυθμόζον-
929 1059 1087 1124 participem,
1106 1060 1171 1110 sicut
1192 1063 1217 1111 et
1238 1061 1361 1112 rationem
1378 1061 1478 1114 habere.
1517 1063 1630 1116 Dicimus
1647 1067 1712 1118 euim

99 1169 154 1206 ται.
168 1148 269 1213 Διττῶς
283 1144 311 1204 il
327 1145 433 1224 λέγεται
455 1143 485 1202 τὸ
504 1143 584 1222 λόγου
599 1143 742 1224 μετέχειν,
757 1142 879 1222 καθάπερ
930 1148 1037 1213 aliquem
1053 1149 1131 1214 patris
1151 1152 1177 1200 et
1191 1150 1328 1200 amicorum
1347 1151 1469 1202 rationem
1482 1151 1586 1212 habere,
1605 1155 1650 1220 qul
1668 1169 1714 1221 pa·

101 1237 146 1296 ιισλ
155 1236 186 1294 τὸ
195 1235 272 1316 λόγον
287 1235 368 1314 ἔχειν.
388 1232 509 1312 Λόγομεν
527 1232 579 1313 γὰρ
592 1238 638 1292 τοῦ
653 1231 753 1314 πατρὸς
766 1233 811 1292 καλ
824 1235 879 1290 τῶν
930 1240 1013 1287 rentes
1019 1237 1148 1302 diligenter
1161 1241 1232 1288 curat
1242 1243 1287 1289 aut
1297 1239 1404 1300 amicos,
1416 1243 1441 1290 et
1450 1253 1508 1306 quaa
1519 1241 1556 1292 illi
1566 1243 1618 1294 lieri
1625 1243 1714 1308 jubent

102 1326 186 1408 φίλων
209 1324 288 1402 λόγον
302 1321 394 1403 ἔχειν,
419 1320 450 1380 πθ
473 1319 674 1403 θπιστρόρεσθσι
695 1320 759 1402 πρὸς
780 1319 884 1390 αὐτούς,
930 1327 1097 1391 exsequitur:
1118 1325 1226 1378 dicimus
1241 1331 1267 1378 et
1281 1329 1373 1378 artium
1387 1329 1620 1382 mathematicorum
1637 1333 1714 1383 ratio·

102 1403 201 1480 καλοῖς
221 1411 372 1472 κελεύουσιν
387 1409 576 1479 όξακολουθεῑν·
591 1408 704 1486 λόγομιν
722 1409 751 1468 δὲ
769 1407 814 1468 καλ
833 1411 885 1466 τῶν
930 1429 987 1466 nem
1005 1415 1097 1467 habero
1112 1415 1234 1481 aliquem,
1257 1417 1302 1481 qui
1320 1431 1362 1468 eae
1384 1418 1467 1477 novit,
1489 1421 1533 1470 aut
1550 1421 1713 1485 cognitionem

104 1505 301 1583 μαθηματικῶν
326 1500 403 1578 λόγον
427 1497 516 1579 ἔχειν,
549 1500 580 1558 τθ
606 1499 704 1558 εἰδέναι
730 1497 816 1573 αότό,
840 1498 885 1558 καλ
931 1519 1017 1557 earum
1038 1506 1148 1572 aliquam
1167 1506 1207 1557 vel
1227 1507 1359 1558 scientiam
1384 1513 1531 1561 consecutus
1556 1514 1602 1562 est.
1620 1513 1714 1563 Eodem

104 1591 203 1673 γνῶσίν
214 1615 272 1650 τινα
285 1588 331 1649 κοιλ
341 1587 489 1666 ἐπιστήμην
503 1589 588 1648 αὐτῶν
601 1586 683 1668 ἔχειν.
700 1588 779 1650 Κατὰ
794 1591 885 1646 τοῦτον
931 1607 1031 1660 quoque
1053 1594 1127 1645 modo
1143 1595 1275 1660 dupliciter
1291 1597 1387 1662 aliquid
1401 1597 1495 1648 dicitur
1514 1601 1617 1651 rationis
1635 1603 1714 1666 parti-

103 1681 148 1740 τθν
164 1679 261 1760 τρόπον
274 1679 375 1746 eunica
393 1675 500 1756 λέγεται
514 1677 602 1737 καὶτὸ
618 1677 696 1752 λόγου
711 1675 840 1756 μιτόχειν·
856 1676 887 1736 τό
931 1695 989 1748 σερε
1001 1702 1008 1733 :
1022 1683 1130 1748 primum
1147 1685 1245 1748 proprie
1256 1688 1281 1735 et
1292 1685 1318 1735 in
1335 1699 1361 1736 se
1377 1686 1471 1738 hahens
1483 1687 1558 1738 talem
1570 1689 1634 1749 aim,
1650 1691 1715 1742 sicut

104 1767 155 1848 μὲν
166 1769 262 1849 κυρίως
283 1767 371 1827 καλόν
385 1768 509 1850 ἕαυ·τι’γί,θι
530 1767 622 1849 ὥσπερ
642 1767 706 1827 αθτθ
725 1767 756 1827 τό
771 1766 886 1846 λογικόν·
931 1784 990 1835 pars
1003 1771 1129 1824 rationalis
1144 1791 1150 1821 :
1163 1771 1252 1824 deinde
1264 1773 1409 1838 improprie,
1425 1777 1454 1825 ut
1472 1776 1563 1838 altera,
1584 1791 1642 1842 quaa
1655 1779 1715 1844 quia

103 1859 134 1918 τό
151 1859 234 1919 atari
248 1857 278 1917 τό
293 1856 384 1939 ἐκείνῳ
394 1857 565 1937 πειθαρχεῖν,
580 1856 659 1937 λόγου
674 1856 797 1938 μετέχειν
808 1856 884 1936 λέγι·
932 1859 1022 1910 rationi
1041 1863 1125 1924 paret,
1139 1861 1205 1912 deut
1220 1861 1311 1927 aliquis
1321 1862 1400 1927 patri,
1413 1864 1516 1916 rationis
1530 1878 1630 1931 quoquc
1640 1867 1716 1932 parti-

104 1971 165 2020 ται,
182 1945 273 2027 ὥσπερ
285 1971 326 2016 τις
340 1951 378 2027 τῷ
390 1947 471 2027 πατρὶ
485 1945 614 2007 πείθεται.
933 1961 990 2012 ceps
1000 1947 1100 1999 dicitur·

144 2041 293 2118 Διαιρεῖται
307 2035 335 2095 δὲ
349 2035 395 2095 aul
407 2040 423 2108 ἡ
437 2035 517 2116 ἀρετὴ
530 2035 599 2096 κατὰ
612 2035 659 2109 τλν
676 2034 802 2119 διαφορὰν
824 2034 888 2096 aad·
965 2035 1015 2087 Sed
1026 2037 1112 2101 etipsa
1124 2037 1260 2088 secundum
1272 2037 1336 2089 hanc
1352 2037 1518 2090 differentiam
1529 2040 1651 2092 dividitur
1663 2043 1716 2095 vir·

104 2144 163 2198 την·
178 2126 287 2206 λε’γομεν
300 2123 352 2206 γὰρ
370 2124 464 2197 αὐτός,
476 2122 523 2192 τὰς
540 2124 588 2202 μθν
603 2125 787 2203 διανοητικάς,
802 2123 831 2183 αθ
842 2129 887 2184 τοῦ
933 2127 976 2176 tus
996 2124 1078 2176 :allas
1093 2126 1158 2176 enim
1171 2125 1278 2176 virtutes
1293 2126 1319 2176 iu
1333 2127 1479 2191 cogitatione
1493 2131 1518 2178 et
1536 2130 1631 2180 ratione
1649 2131 1716 2195 posi·

106 2219 212 2295 λογιιιοῦ
226 2213 346 2282 clareia<
359 2214 386 2273 θλ
401 2213 511 2290 ἠθικός,
526 2214 555 2273 αθ
574 2219 619 2276 τοῦ
635 2219 746 2294 θυμικοῦ
761 2215 807 2274 καὶ
821 2217 885 2273 ἔπι·
933 2214 973 2268 us
985 2228 1038 2265 esse
1050 2213 1167 2272 dicimus,
1181 2229 1239 2279 qum
1253 2214 1285 2265 ad
1298 2216 1443 2266 rationalem
1453 2215 1596 2268 reseruntur
1608 2222 1714 2284 panem,

106 2307 251 2382 θυμητιγωῦ
274 2305 334 2365 εἰσι,
356 2305 412 2366 Καὶ
433 2303 597 2377 διανοητικαὶ
622 2305 670 2381 μέν
697 2304 765 2378 εἶσι,
789 2303 886 2386 σοφία,
934 2302 994 2356 allas
1004 2301 1035 2352 dd
1046 2316 1126 2353 mores
1140 2303 1277 2367 pertinere,
1294 2318 1358 2368 quas
1368 2305 1475 2355 morales
1486 2306 1639 2370 appellamus
1650 2322 1717 2372 quio·

108 2389 210 2460 σόνεσις
232 2391 277 2450 καὶ
304 2391 439 2472 φρόνησις·
461 2392 552 2466 ἠθικαὶ
569 2393 614 2465 δέ,
643 2393 820 2472 ἐλευθεριότης
841 2391 888 2452 aul
934 2405 983 2458 que
996 2392 1142 2442 adulteram
1156 2390 1305 2452 referuntur,
1319 2394 1345 2444 in
1358 2409 1408 2459 qua
1423 2394 1576 2445 iracundiam
1589 2399 1615 2445 ot
1634 2396 1718 2448 libidi-

107 2479 276 2560 σωφροσύνη.
291 2478 381 2541 Ὅταν
404 2480 455 2561 γθρ
480 2480 542 2562 περὶ
562 2485 608 2542 τοῦ
630 2481 708 2554 ἤθους
728 2479 890 2559 λόγωμεν,·
935 2496 992 2536 uem
1004 2483 1160 2535 collocamus.
1173 2485 1306 2536 iuratione
1316 2485 1398 2550 posita
1413 2489 1471 2536 suut
1480 2486 1611 2551 sapientia,
1625 2487 1719 2538 intelli-

108 2568 138 2626 οὐ
161 2567 272 2644 λέγομεν
298 2567 342 2628 τόν
365 2567 501 2649 ἄνθρωπον
527 2568 605 2650 σορόν
627 2569 644 2642 ἢ
673 2569 792 2642 συνετόν,
819 2567 890 2628 ἀλλὰ
935 2573 1017 2636 amaia
1027 2573 1052 2622 et
1065 2571 1209 2636 prudentia,
1228 2573 1254 2624 in
1268 2573 1379 2624 moribus
1388 2573 1524 2625 liberalitas
1539 2577 1565 2625 et
1579 2577 1719 2640 temperau-

109 2655 267 2737 rapdoa‘aal
293 2655 617 2737 carpocratianorum
633 2655 661 2718 δὲ
682 2657 711 2717 τὸ
729 2657 827 2740 σορόν,
846 2656 891 2717 διὰ
935 2660 979 2710 θα.
996 2663 1046 2710 Noc
1067 2659 1134 2711 enlm
1155 2661 1277 2720 solemus,
1300 2675 1379 2726 quum
1399 2661 1561 2714 demeritus
1582 2662 1717 2728 loquimur.

109 2744 157 2816 τλν
167 2743 269 2822 ἀγαθὴν
283 2742 351 2818 ἕξιν,
362 2743 420 2816 ἥτις
431 2745 501 2804 ἐστὶν
512 2746 605 2826 ἀρετή.
620 2745 677 2814 Τὰς
691 2745 741 2828 γὰρ
753 2745 892 2816 inaequale
936 2749 1072 2814 sapientem
1087 2751 1131 2800 aut
1144 2749 1333 2814 intelligentem,
1348 2750 1392 2801 sed
1410 2751 1498 2802 mitem
1513 2750 1597 2802 dicero
1610 2751 1719 2816 adquam

110 2832 176 2904 ἕξεις
190 2831 285 2912 ἀρετὰς
301 2833 423 2911 λέγομεν,
538 2847 544 2859 ·
937 2841 981 2888 aut
993 2839 1179 2901 temperantem.
1193 2839 1260 2896 Quin
1278 2838 1353 2889 etiam
1373 2839 1509 2904 sapientem
1525 2854 1539 2890 a
1554 2841 1618 2890 bono
1632 2839 1719 2890 habitu

150 2921 333 3001 (Scripsi21
356 2923 425 2982 ἀλλά
448 2926 511 3003 πη]
538 2925 627 3001 vulgo
643 2923 712 2984 dm
735 2929 785 3004 „3
812 2955 853 2970 .-
876 2921 891 2959 ¹³
936 2921 1080 2982 laudamus,
1095 2936 1153 2988 quae
1173 2925 1210 2974 est
1226 2923 1315 2974 virtus.
1329 2925 1434 2976 Habitus
1449 2926 1515 2976 enim
1526 2939 1577 2992 eos,
1601 2926 1720 2987 quisunt

112 3010 178 3071 ἄλλο
190 3034 215 3070 τι
229 3009 282 3090 όν]
297 3012 385 3088 vulgo
399 3013 464 3072 όλλό
479 3037 505 3072 τι
519 3012 557 3074 όν.
574 3023 635 3060 -θ
655 3012 685 3072 τθ
697 3013 726 3073 δι’
736 3015 791 3093 πη]
802 3013 892 3089 vulgo
936 3010 1086 3071 laudabilem
1098 3011 1206 3064 'Mutet
1219 3025 1345 3067 vocamus

111 3099 143 3158 τὸ
164 3098 191 3160 δὲ
209 3123 257 3181 πη.
275 3131 316 3147 ·-
330 3099 344 3136 ‘¹
359 3099 403 3159 καὶ
417 3101 444 3159 ἓν
459 3103 561 3180 ἐαυτῷ]
576 3123 613 3160 ex
627 3101 800 3174 Aristotele3
824 3101 890 3164 cod.

111 3186 158 3244 καὶ
172 3189 269 3266 ἑαυτῷ.
279 3219 321 3234 -
334 3187 490 3270 ’λόγωμτν]
500 3189 565 3250 οοό.
583 3188 702 3268 λόγομιν.
717 3213 777 3251 -ι
789 3191 891 3270 πρᾶον]
954 3190 959 3196 ’

112 3275 202 3352 vulgo
220 3285 316 3358 πρᾷον.
