4020 5950
282 381 322 436 48
813 403 816 411 =
978 371 1174 434 sattusrtt

278 501 442 581 τιμήσαντας
456 499 508 560 ἔδει
520 515 533 554 8
547 499 594 573 τὴν
611 500 686 573 δίκην
701 483 787 561 αὐτῶν
800 506 910 576 ποιῆσαι
925 509 978 566 τῶν
993 509 1058 564 θεῶν
1104 529 1157 564 των
1172 503 1246 571 sitire
1258 503 1285 563 cd
1297 501 1369 561 δίκαι
1382 509 1436 568 τοῖς
1448 497 1634 580 άμαρτιίσασιν
1647 497 1771 575 ίπονται,
1783 498 1887 578 θαυμά·

279 595 409 653 ίκπεσεῖν.
1105 597 1156 663 ζειν
1172 595 1201 654 οδ
1217 593 1272 652 δεῖ·
1286 591 1326 652 δτι
1341 592 1372 650 οὗ
1385 589 1506 668 δαίμονάς
1518 591 1568 648 τίσι
1579 589 1656 666 μόνον
1668 587 1680 625 ⁵
1695 591 1719 648 οί
1735 590 1887 659 κολάζοντες

318 681 402 742 ’Καὶ
415 679 467 758 μὴν
482 679 541 740 citt
551 681 561 759 ]
573 681 695 759 scripsi;
709 681 794 740 codd.
812 679 857 740 καλ
869 679 916 758 μίν
932 680 1002 742 οόδί.
1019 715 1059 727 -—
1104 683 1151 749 τὰς
1166 679 1271 764 ψυχάς,
1289 679 1358 739 ἀλλά
1379 677 1425 738 καί
1444 677 1511 750 αὐτὴ
1533 676 1629 748 ίαοτὴν
1645 677 1740 752 ὑπάγει
1760 679 1792 755 τῇ
1809 676 1887 756 δίκῃ,

283 771 296 810 ¹³
312 767 389 832 ὀθεία
405 783 449 830 est
462 771 616 848 impietas,
630 789 688 850 qua
699 769 767 828 deos
782 783 831 829 aut
845 789 904 828 oon
919 789 982 829 esse
997 790 1059 829 cre·
1105 771 1150 830 καὶ
1166 765 1207 830 ότι
1231 767 1339 847 μίνουσι
1363 767 1407 827 τὸν
1431 765 1537 825 ἅπαντα
1553 765 1664 848 χρόνον,
1687 765 1735 825 οὐκ
1759 767 1838 846 ἐχρῆν
1860 767 1887 822 ἐν

166 927 169 934 ,
278 861 389 934 dimus,
403 871 472 933 aut,
487 860 510 918 si
525 860 693 932 credamus,
708 879 767 917 oon
779 859 912 919 colimus.
924 859 1058 936 Suntqui
1106 856 1188 938 ὀλίγῳ
1202 869 1215 900 ⁰
1237 855 1343 916 πάντων
1359 863 1462 936 τυχεῖν·
1479 853 1525 914 καί
1545 854 1589 913 διὰ
1604 853 1634 913 τό
1649 855 1702 912 δεῖν
1719 852 1885 934 ἀνθρωπίνην

276 949 446 1008 eonomine
469 947 630 1006 doctrinam
653 947 840 1006 christianam
866 969 952 1026 quatu
974 950 1057 1009 multi
1105 947 1200 1028 ἀρεπλν
1215 936 1294 1006 εἶναι.
1310 948 1344 1007 El
1356 945 1407 1026 γάρ
1417 948 1472 1011 τοῖς
1486 944 1673 1024 ἁμαρτήσασιν
1686 941 1758 1010 stote
1772 941 1887 1014 ἠκολού-

278 1051 337 1097 tum
353 1036 566 1116 profitebantur
583 1036 750 1094 aSallustio
766 1050 892 1095 notatam
911 1058 974 1099 esse
987 1041 1058 1098 'ceu-
1104 1041 1164 1097 θουν
1180 1037 1208 1095 al
1223 1035 1312 1114 δίκαι,
1323 1033 1398 1116 φόόῳ
1412 1035 1659 1114 δικαιοπραγοθνττς
1674 1033 1807 1112 ἀνθρωττοι
1823 1035 1887 1111 ἀρτ-

276 1139 369 1186 σεοοι.
383 1123 455 1182 Vide
471 1123 589 1184 lleraldi
600 1125 814 1181 annotationem
831 1126 867 1182 ad
878 1124 992 1184 Arnob.
1007 1125 1057 1184 lib.
1103 1124 1150 1196 τὴν
1166 1125 1214 1184 οόκ
1228 1121 1261 1183 δν
1281 1115 1363 1203 εἶχον.
1382 1121 1545 1192 Ιίολοίζονται
1559 1120 1587 1181 ii
1609 1126 1654 1182 τοῦ
1676 1122 1798 1198 σώματος
1819 1119 1889 1190 ἐξιλ-

276 1213 366 1294 lcap.
378 1211 474 1272 XXIX
487 1228 556 1274 tom.
572 1212 586 1271 l
602 1233 633 1292 p.
649 1213 705 1270 διο
720 1213 766 1273 ed.
779 1213 881 1274 Orelli.
894 1246 935 1260 —
945 1221 957 1252 ⁰
968 1211 1058 1294 ὥσπερ
1103 1214 1252 1274 scissuri
1271 1211 1319 1290 μίν
1336 1214 1449 1272 ἐνταῦθα
1468 1209 1659 1290 πλανώμενοι,
1677 1212 1704 1270 αἱ
1720 1211 1748 1269 ὀί
1763 1209 1800 1277 τίς
1817 1231 1889 1276 τινας

276 1302 333 1362 οὐδὲ
346 1304 373 1362 cl
383 1300 460 1380 τιμαί
472 1302 584 1369 ἐκείνους
596 1303 746 1382 ὠφελοῦσαν
758 1301 912 1381 ίφάνησσν]
928 1301 992 1361 Vid.
1008 1323 1058 1362 su·
1102 1303 1198 1368 τόπους
1211 1305 1258 1372 τῆς
1269 1304 1317 1380 γῆς
1328 1299 1455 1380 θερμούς,
1467 1299 1485 1371 ἢ
1497 1299 1630 1382 ψυχροός,
1644 1302 1671 1359 cl
1683 1299 1710 1359 ὀί
1725 1299 1775 1360 hab
1793 1299 1887 1374 δαιμό-
1978 1305 1981 1314 “

275 1413 329 1472 pra
343 1411 408 1472 cap.
425 1389 498 1449 XVl.
511 1423 552 1436 —
565 1387 578 1426 ί
592 1390 651 1450 ὅλον
662 1389 674 1469 ]
685 1390 822 1469 reposui;
838 1390 922 1449 codd.
934 1391 1059 1451 ὀλων.-
1102 1413 1153 1448 νων
1168 1386 1373 1470 ταραττόμεναι.
1390 1387 1501 1454 Πάντως
1515 1385 1543 1446 δί
1559 1386 1628 1463 μετὰ
1647 1392 1694 1459 τῆς
1708 1387 1804 1466 ἀλόγου
1817 1389 1885 1446 ὀπο-
1993 1389 1994 1392 ’

274 1489 285 1516 ⁸
301 1478 473 1561 ἀποφράδας]
489 1480 609 1540 Luciao.
625 1477 803 1555 Pseudolog.
815 1500 840 1538 c.
861 1499 895 1536 ra
911 1480 1058 1560 drappalia<
1104 1477 1226 1558 μένουσι,
1238 1477 1295 1555 μεθ’
1308 1468 1393 1556 ἧσπερ
1407 1475 1452 1534 καί
1466 1475 1601 1555 ἥμαρτον·
1614 1475 1648 1534 δι’
1657 1477 1689 1549 ἣν
1699 1475 1886 1536 καίτδσκιοει·

274 1567 389 1648 ἡμέραι,
400 1569 463 1626 ὅταν
480 1565 547 1644 μήτε
563 1569 590 1624 αί
607 1564 901 1646 ἀρχαί-χρηματίζωσι,
919 1565 985 1643 μήτε
1002 1569 1056 1626 els-
1103 1566 1142 1634 δίς
1162 1569 1240 1644 σῶμα
1256 1564 1403 1646 ὑφίσταται
1418 1561 1444 1636 ⁸,
1466 1562 1557 1643 όπερί
1571 1562 1632 1632 τοὺς
1645 1564 1743 1645 τάφους
1763 1564 1809 1624 καί
1829 1566 1887 1642 μά·

275 1655 405 1735 αγώγιμοι
426 1656 454 1712 αἱ
477 1654 548 1712 δίκαι
565 1643 630 1728 ὦσι,
650 1653 719 1728 μήτε
734 1653 767 1710 τά
791 1653 850 1733 ispi:
876 1655 1042 1736 ἱερουργῆται
1049 1702 1057 1728 ,
1102 1655 1181 1712 λιστα
1200 1653 1252 1710 τῶν
1269 1653 1357 1718 κακῶς
1372 1651 1509 1724 ζησάντων
1524 1654 1627 1728 ὁρᾶται.

275 1744 338 1817 μήθ’
355 1743 421 1808 δλως
437 1765 463 1800 τι
488 1745 540 1800 τῶν
564 1740 656 1802 αίσίων
682 1743 799 1814 τελῆται.
825 1743 1005 1818 Augustinus
1025 1745 1057 1802 iu
1142 1739 1217 1800 ιΔιδι
1229 1740 1256 1799 τί
1269 1741 1292 1798 cl
1303 1738 1516 1820 άμαρτάνοντες]
1530 1739 1603 1798 vide
1617 1739 1766 1800 Plutarchi
1775 1739 1887 1800 librum

275 1828 465 1906 Expositioue
479 1827 571 1904 Epist.
591 1829 626 1888 ad
642 1829 736 1886 Galat.
753 1850 817 1908 cap.
830 1829 867 1886 tv
889 1849 897 1889 t
913 1829 1056 1906 Vulgatis-
1103 1829 1139 1888 de
1153 1847 1218 1888 scra
1235 1829 1364 1887 numinis
1380 1827 1511 1888 vindicta
1530 1841 1559 1886 et
1573 1827 1713 1888 Proclum
1731 1845 1820 1906 super
1834 1827 1886 1886 de·

274 1917 366 1976 sitous
382 1929 425 1976 est
448 1935 532 1976 error
547 1915 700 1992 gentilium
716 1917 788 1989 iste,
806 1931 838 1976 ut
853 1918 899 1977 vel
924 1918 954 1976 in
969 1939 1058 1996 agen-
1104 1940 1164 1980 cem
1191 1917 1355 1978 rationibus
1377 1916 1413 1975 dc
1435 1915 1626 1995 prouidentia
1641 1916 1800 1975 dubitandi
1821 1936 1885 1996 cap.

274 2007 320 2065 dis
337 2005 424 2065 rebus
436 2050 444 2078 ,
455 2006 501 2064 vel
515 2005 546 2062 in
561 2005 765 2084 exspectandis
777 2006 930 2066 eventibus
946 2007 1012 2066 vitae
1025 2029 1058 2068 ae
1102 2009 1170 2067 vttl
1185 2029 1215 2086 ρ.
1232 2007 1286 2065 153
1304 2024 1385 2082 seqq.
1401 2003 1449 2066 ed.
1464 2005 1585 2066 cousin.
1601 2037 1641 2052 -
1662 2005 1674 2043 '³
1692 2005 1733 2064 ὀτι
1748 2007 1777 2063 οὐ
1793 2005 1887 2082 dulps·

275 2095 459 2172 negotiorum
479 2113 599 2151 suorum
623 2093 660 2150 ab
686 2094 841 2172 astrologis
863 2108 892 2152 et
915 2094 1058 2156 Chaldaeis
1102 2097 1142 2164 νίς
1159 2097 1211 2154 τίσι
1227 2091 1305 2171 μόνον
1317 2094 1341 2153 oi
1355 2093 1507 2161 κολάζοντες
1520 2091 1568 2159 τάς
1578 2092 1664 2173 ψυχάς
1673 2089 1760 2174 ],Ηοο
1775 2091 1886 2152 ultores

275 2196 386 2243 notatos
400 2184 461 2241 dies
484 2194 513 2238 et
534 2201 647 2240 menses
662 2195 690 2240 et
711 2202 803 2242 anuos
817 2195 845 2240 et
859 2195 990 2261 tempora
1004 2183 1058 2242 ob-
1102 2187 1249 2244 daemones
1264 2194 1408 2241 memorat
1426 2181 1601 2240 Plutarchus
1621 2179 1700 2239 libro
1719 2182 1807 2240 citato
1821 2183 1884 2242 vol.
1993 2247 1994 2274 ,

275 2287 401 2332 servent.
420 2271 552 2330 Marinus
569 2271 599 2330 in
616 2272 677 2330 vita
701 2271 800 2330 Procli
816 2291 884 2350 pag.
901 2271 937 2341 45
948 2271 998 2330 καί
1011 2271 1058 2340 τίς
1102 2273 1127 2332 Χ
1144 2295 1174 2353 p.
1190 2280 1246 2347 274
1264 2270 1309 2330 ed.
1327 2271 1444 2332 liutteu.
1462 2259 1529 2333 εἶναι
1543 2267 1572 2328 δὲ
1585 2267 1680 2348 λίμνας
1693 2269 1886 2349 παραλλήλας,

274 2364 339 2441 παρ’
358 2358 511 2438 Δίγυπτίοις
527 2357 719 2440 δίάποφράδας
733 2357 999 2438 ίφόλαττεμδλλονῆ
1014 2362 1058 2418 αὖ·
1102 2361 1149 2435 τὴν
1166 2361 1213 2438 μίν
1225 2365 1324 2440 χρυσοῦ
1335 2357 1513 2440 περιζίοντος,
1531 2358 1579 2430 τὴν
1598 2357 1625 2416 δί
1641 2357 1772 2436 μολόὸδου
1784 2362 1885 2440 ψυχρο,
1993 2371 1994 2374 ,

273 2448 314 2506 τοὶ
326 2451 439 2520 ἐκεῖνοι,
456 2447 508 2507 ubi
524 2449 645 2506 consule
662 2446 830 2506 Fabricium
850 2461 878 2506 et
900 2448 1055 2507 Boissona·
1102 2453 1200 2525 τάτην,
1220 2449 1304 2520 ἄλλην
1326 2445 1354 2506 il
1375 2448 1517 2527 τραχεῖαν,
1533 2446 1655 2527 σιδήρου·
1675 2446 1720 2506 καί
1735 2470 1806 2515 τινας
1829 2450 1888 2527 ὀφε-

272 2537 352 2596 diunt
371 2557 402 2616 p.
422 2535 552 2595 ros-¹
565 2534 697 2616 ἀφῄρουν,
709 2531 755 2606 rhu
770 2535 916 2614 ἀσθένειαν]
930 2536 1055 2614 scripsi3
1103 2539 1196 2598 στόνοι
1211 2535 1337 2614 δαίμονας
1345 2579 1355 2611 ,
1369 2531 1460 2615 ὥσπερ
1475 2537 1499 2593 ol
1515 2537 1623 2616 χαλκεῖς
1636 2533 1754 2614 ὀργάνοις
1770 2537 1888 2612 ἀναλαμ-

273 2626 356 2686 codd.
369 2624 503 2705 ἀφῄρουν,
518 2622 585 2704 πρὸς
598 2621 646 2694 τὴν
664 2621 814 2684 ἀσθένειαν.
827 2630 891 2670 -3
900 2623 973 2702 ἔδει]
989 2625 1010 2684 i.
1028 2645 1054 2684 e.
1103 2626 1231 2694 δάνοντας
1246 2624 1293 2684 καί
1313 2621 1449 2690 καθιίντας
1470 2623 1496 2680 ίν
1518 2621 1592 2702 μίρει
1607 2620 1655 2688 τίς
1675 2620 1762 2702 ψυχάς
1782 2625 1835 2682 τῶν
1852 2623 1885 2682 δι’

274 2715 301 2772 is
314 2755 320 2768 .
335 2712 408 2772 Vide
431 2712 585 2770 Heindorf.
602 2710 638 2769 ad
662 2709 737 2769 Plat.
754 2710 903 2770 Charmid.
928 2732 959 2789 p.
988 2714 1054 2776 158.
1103 2714 1252 2788 ἀπληστίαν
1271 2711 1318 2771 καί
1344 2711 1496 2780 πλεονεξίαν
1518 2713 1685 2793 confirmet
1703 2711 1888 2792 Chrysippus

273 2803 307 2861 Β.
329 2815 359 2860 et
381 2801 509 2859 Dorvill.
526 2800 563 2858 ad
586 2798 695 2857 Charis.
715 2820 745 2878 p.
771 2801 842 2873 670.
862 2799 1003 2859 Caeterum
1020 2821 1058 2860 ne
1103 2803 1180 2880 apud
1203 2800 1327 2860 eundem
1344 2799 1532 2858 Plutarchum
1551 2799 1588 2858 de
1603 2817 1680 2858 orac.
1694 2797 1799 2860 defcct.
1820 2797 1884 2865 vol.

274 2891 341 2968 quis
366 2889 529 2947 verbatim
555 2886 644 2946 δὲκαὶ
668 2886 713 2944 τὀν
739 2886 837 2966 κόσμον
863 2887 992 2968 ἀφῄρουν,
1009 2894 1056 2962 τὴν
1102 2890 1202 2950 lXed.
1217 2885 1459 2965 Ηιιῑεεο.τιμωροί
1476 2885 1612 2966 δαίμονες,
1627 2876 1701 2954 οίςοί
1716 2887 1768 2946 θεοὶ
1784 2889 1887 2965 δημίοις

274 2975 408 3035 ὀσθίνειαν
425 2981 473 3047 τῆς
489 2975 620 3056 ἡμττίρας
635 2975 822 3055 ἀφοσιούμενοι
836 2976 937 3056 φάσκοις
951 2989 979 3036 et
994 2997 1057 3057 quae
1102 2982 1219 3059 χρῶνται
1243 2976 1408 3041 κολαστικοῖς
1429 2973 1473 3034 tat
1494 2972 1553 3042 τοὺς
1575 2973 1694 3042 ἀνοσίους
1715 2975 1760 3034 καί
1782 2975 1891 3044 ἀδίκους

273 3077 434 3143 sequuntur
448 3065 524 3122 male
537 3065 675 3142 accipiat,
692 3064 747 3122 hoe
759 3063 830 3124 dicit
842 3064 1006 3126 Sallustius.
1021 3065 1057 3125 Ut
1103 3066 1263 3146 ἀνθρώπους.
1276 3097 1316 3110 -
1327 3071 1339 3100 ⁰
1349 3064 1376 3121 ts
1392 3063 1492 3143 ὀλίγῳ]
1503 3077 1535 3122 ut
1544 3065 1621 3142 apud
1635 3064 1784 3124 Platonem
1797 3067 1887 3144 Apol.

272 3154 369 3230 legum
384 3153 556 3213 inventores
576 3153 648 3212 olim
670 3173 729 3212 oon
748 3153 844 3213 solum
861 3153 925 3212 dies
950 3155 1055 3228 festos,
1102 3156 1184 3216 Socr.
1198 3175 1229 3234 p.
1250 3175 1299 3214 aa.
1316 3154 1349 3212 B.
1366 3184 1406 3198 -·-
1420 3148 1433 3188 ί
1448 3151 1480 3210 δι’
1495 3152 1527 3223 ἣν
1546 3151 1591 3210 καί
1612 3152 1642 3212 τὸ
1664 3155 1787 3222 σκιοειδίς
1808 3159 1888 3234 σῶμα
1988 3203 1991 3210 .

274 3242 325 3301 sed
344 3243 431 3300 etiam
453 3242 582 3303 nefastos
607 3241 814 3315 instituerunt,
832 3263 891 3318 quo
910 3242 1057 3302 ardentius
1102 3241 1260 3322 ὑφίσταται,
1275 3239 1289 3300 δ
1303 3242 1365 3320 περί
1379 3237 1438 3307 τοὺς
1451 3239 1549 3318 τάφους
1561 3242 1621 3300 κτλ.
1633 3241 1646 3319 ]
1659 3241 1742 3300 Plato
1755 3243 1788 3300 in
1802 3242 1889 3302 Pltae-

272 3329 406 3389 lromincs
420 3331 527 3391 clausis
542 3330 658 3410 templis
672 3342 701 3388 et
714 3330 880 3390 intermissa
896 3331 1056 3390 sacrificio·
1102 3331 1178 3391 done
1192 3349 1222 3410 p.
1241 3331 1291 3388 δι.
1315 3330 1347 3388 B.
1369 3329 1400 3387 C.
1422 3325 1544 3407 ὀμόριθίς
1565 3317 1696 3404 ὀί.γε,ὦ
1717 3329 1792 3409 φίλι,
1812 3336 1888 3391 τοῦτο

274 3439 338 3481 runt
352 3440 422 3478 cttra
436 3420 522 3480 ludos
533 3421 678 3480 solemnes
692 3420 836 3499 Festosque
845 3421 909 3480 dies
920 3435 1058 3500 cuperent
1102 3419 1203 3479 οίεσδαι
1215 3416 1269 3499 χρὴ
1285 3407 1354 3478 εἶναι
1368 3416 1415 3478 καί
1432 3413 1499 3496 βαρὺ
1513 3415 1559 3474 καί
1576 3415 1670 3493 γεῶδες
1684 3415 1730 3474 καί
1745 3417 1852 3498 ὁρατόν·
1873 3420 1888 3478 δ

273 3529 306 3568 ae
322 3509 477 3589 diligerent
493 3530 500 3566 ι
526 3509 569 3569 sic
591 3507 633 3567 dii
648 3528 858 3586 nonnunquam
879 3509 1057 3586 impietatem
1102 3506 1134 3581 δὴ
1146 3505 1192 3568 καί
1202 3505 1330 3587 ίχουσαή
1345 3505 1456 3576 τοιαύτη
1471 3502 1544 3586 ψυχὴ
1561 3502 1701 3584 βαρίνιταί
1714 3527 1743 3564 τε
1755 3505 1801 3565 καί
1812 3506 1887 3568 ίλκε·

273 3610 412 3676 tanquam
428 3597 536 3656 malum
552 3596 740 3658 disseminari
759 3598 921 3676 patiuntur,
938 3617 996 3676 quo
1011 3599 1056 3657 ci·
1102 3620 1146 3656 ται
1161 3595 1241 3656 πάλιν
1257 3596 1293 3662 τίς
1307 3593 1351 3652 τὸν
1364 3593 1458 3673 θρατόν
1473 3591 1554 3651 τόπον
1563 3633 1572 3663 ,
1588 3590 1663 3672 φόόῳ
1678 3597 1723 3651 τοῦ
1739 3594 1839 3661 testu<
1857 3617 1887 3653 το

273 3689 333 3748 tius
346 3689 485 3747 mortales
504 3707 570 3746 cum
587 3686 695 3746 damno
715 3707 768 3744 suo
784 3687 929 3745 sacrificia
944 3687 1058 3746 instau-
1103 3683 1149 3744 καί
1164 3681 1271 3756 Ἅιδου,
1289 3679 1379 3760 ὥσπερ
1393 3679 1516 3759 λέγεται,
1532 3679 1593 3757 περὶ
1607 3676 1642 3736 als
1656 3678 1784 3756 μνήματά
1798 3703 1827 3740 τε
1841 3681 1887 3740 καί

273 3777 363 3837 randa
375 3797 437 3837 esse
451 3777 573 3836 discant.
587 3807 626 3822 -
1104 3773 1198 3854 τάφους
1212 3768 1417 3846 κυλινδουμίνη,
1429 3767 1490 3848 περί
1501 3765 1562 3839 ddi
1574 3768 1619 3827 καί
1629 3765 1704 3850 ὤφθη
1716 3767 1784 3828 ἄττα
1794 3771 1886 3852 ψυχῶν

1105 3859 1220 3930 σκιοειόἡ
1245 3859 1440 3938 φαντάσματα,
1462 3845 1506 3913 οἷα
1530 3854 1693 3936 παρέχονται
1716 3858 1743 3915 αἱ
1769 3861 1887 3917 τοιαῦται

596 3952 665 4030 Κεφ.
696 3947 735 4010 ιδ’.
1106 3955 1190 4037 ψυχαὶ
1204 3955 1317 4029 εἴδωλα,
1328 3955 1355 4013 αἱ
1370 3953 1407 4031 μὴ
1420 3954 1542 4034 καθαρῶς
1558 3953 1746 4028 ἀπολυθεῖσαι,
1758 3952 1828 4013 ἀλλά
1839 3959 1885 4015 τοῦ

1014 4116 1018 4125 ,
1107 4047 1200 4126 θρατοῢ
1226 4043 1402 4123 μετέχουσαι,
1415 4039 1454 4100 διὸ
1475 4040 1520 4100 καί
1537 4044 1659 4121 ὁρῶνται.
1676 4041 1766 4112 Quem
1788 4043 1887 4102 locum

351 4115 428 4167 M
439 4115 661 4179 ‘'mmmm‘'
676 4115 721 4166 οὐκ
732 4115 818 4172 εὐθέως
830 4114 993 4196 mmmm?
1105 4133 1346 4211 wyttenbachius
1364 4145 1393 4190 et
1410 4129 1598 4190 Heindorttus
1618 4131 1809 4190 illustrarunt.
1826 4131 1886 4206 -)

314 4243 349 4304 Et
363 4240 391 4300 ὀί
413 4237 481 4318 μηδὲ
495 4238 611 4314 τούτων,
633 4239 700 4316 μηδί
721 4243 773 4300 τῶν
788 4238 876 4300 άλλων
895 4235 1058 4320 ἃμαρτημιί·

1102 4455 1168 4506 tinus
1194 4469 1291 4520 prauam
1311 4455 1432 4518 subirent,
1451 4457 1550 4520 propter
1570 4455 1665 4506 metum
1684 4458 1751 4506 recte
1773 4455 1888 4507 indentes

1103 4541 1215 4594 homines
1225 4543 1340 4594 virtutem
1351 4557 1399 4594 non
1409 4543 1536 4594 haberent.
1551 4542 1690 4593 Puaiuntur
1698 4545 1782 4594 sutem
1789 4543 1887 4606 κοίτοιο,

433 4641 480 4684 cur
489 4640 609 4695 peccantes
621 4649 670 4685 non
680 4639 756 4686 suom
765 4639 896 4696 ponuntur.
1104 4636 1233 4697 postquam
1244 4645 1276 4683 ex
1287 4645 1417 4696 corporum
1428 4629 1533 4682 vinculis
1544 4631 1673 4683 evolarunt
1684 4651 1690 4681 :
1701 4629 1823 4696 siquidem
1832 4630 1887 4683 alia

1103 4719 1144 4771 hic
1157 4723 1285 4786 vagantur,
1299 4719 1354 4770 alise
1368 4719 1393 4770 in
1411 4719 1472 4771 locis
1485 4719 1634 4785 quibusdam
1651 4722 1725 4770 terra
1743 4719 1829 4772 olidis
1845 4725 1888 4770 aut

1106 4809 1209 4876 frigidis,
1219 4809 1274 4859 alias
1285 4807 1391 4873 denique
1401 4822 1416 4858 a
1427 4806 1580 4860 ἀοιοοοὶίιυε
1590 4810 1766 4874 perterrentur.
1800 4809 1887 4858 Omni-

1105 4912 1137 4949 uo
1157 4891 1217 4949 vero
1237 4912 1294 4948 cum
1307 4896 1444 4948 irrationali
1464 4903 1560 4948 naturas
1579 4911 1632 4948 sua
1651 4899 1721 4962 parte
1737 4895 1888 4960 plectuntur,

1105 4999 1161 5038 cum
1177 5001 1226 5051 qua
1238 4989 1264 5037 et
1279 4985 1449 5051 deliquerunt,
1464 4989 1649 5052 propterquam
1661 4985 1736 5036 etiam
1747 4985 1887 5040 tenebrico-

1104 5086 1161 5125 sum
1170 5086 1261 5140 corpus
1275 5073 1402 5139 subsistit,
1414 5075 1483 5139 quod
1495 5075 1560 5126 circa
1569 5075 1683 5140 sepulcra
1694 5077 1779 5125 eorum
1787 5073 1887 5142 potissi·

1103 5175 1172 5213 mum
1188 5162 1230 5228 qui
1244 5163 1362 5229 flagitiose
1374 5164 1500 5226 vixerunt,
1514 5163 1668 5229 conspicitur.

596 4498 656 4564 cap.
674 4500 737 4553 xlx.

305 4773 331 4824 Si
345 4787 404 4825 acro
416 4786 497 4838 neque
508 4773 598 4824 horum
609 4786 654 4825 nec
668 4776 815 4824 ceterorum
829 4770 974 4823 delictorum
987 4785 1059 4838 poena

274 4866 357 4914 sontes
376 4861 507 4913 confestim
519 4863 640 4925 tenentur,
651 4874 700 4912 non
711 4863 752 4913 cst
769 4859 838 4924 quod
858 4860 989 4921 miramon
1002 4860 1059 4926 quia

274 4965 324 5002 oon
346 4951 420 5003 modo
439 4951 564 5002 demones
577 4949 682 5014 puniunt
696 4948 805 5012 animas,
822 4948 866 5000 sed
885 4950 947 5014 lpsae
961 4963 1060 5013 quoque

275 5045 353 5091 semet
376 5040 442 5108 ipsas
464 5039 598 5099 accusant,
617 5038 642 5086 st
660 5035 718 5100 quis
735 5039 854 5102 perpetuo
868 5040 994 5090 manentes
1010 5053 1059 5091 non

276 5126 379 5196 decebat
391 5127 459 5179 tucri
470 5129 579 5194 tempore
593 5124 675 5176 omnia
686 5124 808 5186 osochor,
821 5123 895 5177 simul
905 5125 980 5178 etlam
993 5129 1059 5193 quod

276 5215 409 5268 humanam
419 5215 537 5267 sirtarim
548 5227 603 5267 essc
615 5215 719 5279 oportet.
753 5214 779 5266 Si
788 5213 853 5266 euim
863 5219 991 5281 ροσοαοίοσ
1003 5227 1058 5283 pro·
